{
    "2023-03-31": {
        "Tax Effect Of Unusual Items": NaN,
        "Tax Rate For Calcs": NaN,
        "Normalized EBITDA": NaN,
        "Total Unusual Items": NaN,
        "Total Unusual Items Excluding Goodwill": NaN,
        "Net Income From Continuing Operation Net Minority Interest": NaN,
        "Reconciled Depreciation": NaN,
        "Reconciled Cost Of Revenue": NaN,
        "EBITDA": NaN,
        "EBIT": NaN,
        "Net Interest Income": NaN,
        "Interest Expense": NaN,
        "Interest Income": NaN,
        "Normalized Income": NaN,
        "Net Income From Continuing And Discontinued Operation": NaN,
        "Total Expenses": NaN,
        "Total Operating Income As Reported": NaN,
        "Diluted Average Shares": NaN,
        "Basic Average Shares": NaN,
        "Diluted EPS": NaN,
        "Basic EPS": NaN,
        "Diluted NI Availto Com Stockholders": NaN,
        "Net Income Common Stockholders": NaN,
        "Otherunder Preferred Stock Dividend": NaN,
        "Net Income": NaN,
        "Net Income Including Noncontrolling Interests": NaN,
        "Net Income Continuous Operations": NaN,
        "Tax Provision": NaN,
        "Pretax Income": NaN,
        "Other Income Expense": NaN,
        "Other Non Operating Income Expenses": 3700000.0,
        "Special Income Charges": NaN,
        "Other Special Charges": NaN,
        "Restructuring And Mergern Acquisition": 4800000.0,
        "Gain On Sale Of Security": NaN,
        "Net Non Operating Interest Income Expense": NaN,
        "Interest Expense Non Operating": NaN,
        "Interest Income Non Operating": NaN,
        "Operating Income": NaN,
        "Operating Expense": NaN,
        "Depreciation Amortization Depletion Income Statement": NaN,
        "Depreciation And Amortization In Income Statement": NaN,
        "Amortization": NaN,
        "Amortization Of Intangibles Income Statement": NaN,
        "Selling General And Administration": NaN,
        "Gross Profit": NaN,
        "Cost Of Revenue": NaN,
        "Total Revenue": NaN,
        "Operating Revenue": NaN
    },
    "2022-12-31": {
        "Tax Effect Of Unusual Items": NaN,
        "Tax Rate For Calcs": NaN,
        "Normalized EBITDA": NaN,
        "Total Unusual Items": NaN,
        "Total Unusual Items Excluding Goodwill": NaN,
        "Net Income From Continuing Operation Net Minority Interest": NaN,
        "Reconciled Depreciation": NaN,
        "Reconciled Cost Of Revenue": NaN,
        "EBITDA": NaN,
        "EBIT": NaN,
        "Net Interest Income": NaN,
        "Interest Expense": NaN,
        "Interest Income": NaN,
        "Normalized Income": NaN,
        "Net Income From Continuing And Discontinued Operation": NaN,
        "Total Expenses": NaN,
        "Total Operating Income As Reported": NaN,
        "Diluted Average Shares": NaN,
        "Basic Average Shares": NaN,
        "Diluted EPS": NaN,
        "Basic EPS": NaN,
        "Diluted NI Availto Com Stockholders": NaN,
        "Net Income Common Stockholders": NaN,
        "Otherunder Preferred Stock Dividend": NaN,
        "Net Income": NaN,
        "Net Income Including Noncontrolling Interests": NaN,
        "Net Income Continuous Operations": NaN,
        "Tax Provision": NaN,
        "Pretax Income": NaN,
        "Other Income Expense": NaN,
        "Other Non Operating Income Expenses": NaN,
        "Special Income Charges": NaN,
        "Gain On Sale Of Business": 0.0,
        "Other Special Charges": 400000.0,
        "Restructuring And Mergern Acquisition": NaN,
        "Gain On Sale Of Security": NaN,
        "Net Non Operating Interest Income Expense": NaN,
        "Interest Expense Non Operating": NaN,
        "Interest Income Non Operating": NaN,
        "Operating Income": NaN,
        "Operating Expense": NaN,
        "Depreciation Amortization Depletion Income Statement": NaN,
        "Depreciation And Amortization In Income Statement": NaN,
        "Amortization": NaN,
        "Amortization Of Intangibles Income Statement": NaN,
        "Selling General And Administration": NaN,
        "Gross Profit": NaN,
        "Cost Of Revenue": NaN,
        "Total Revenue": NaN,
        "Operating Revenue": NaN
    },
    "2022-09-30": {
        "Tax Effect Of Unusual Items": NaN,
        "Tax Rate For Calcs": NaN,
        "Normalized EBITDA": NaN,
        "Total Unusual Items": NaN,
        "Total Unusual Items Excluding Goodwill": NaN,
        "Net Income From Continuing Operation Net Minority Interest": NaN,
        "Reconciled Depreciation": NaN,
        "Reconciled Cost Of Revenue": NaN,
        "EBITDA": NaN,
        "EBIT": NaN,
        "Net Interest Income": NaN,
        "Interest Expense": NaN,
        "Interest Income": NaN,
        "Normalized Income": NaN,
        "Net Income From Continuing And Discontinued Operation": NaN,
        "Total Expenses": NaN,
        "Total Operating Income As Reported": NaN,
        "Diluted Average Shares": NaN,
        "Basic Average Shares": NaN,
        "Diluted EPS": NaN,
        "Basic EPS": NaN,
        "Diluted NI Availto Com Stockholders": NaN,
        "Net Income Common Stockholders": NaN,
        "Otherunder Preferred Stock Dividend": NaN,
        "Net Income": NaN,
        "Net Income Including Noncontrolling Interests": NaN,
        "Net Income Continuous Operations": NaN,
        "Tax Provision": NaN,
        "Pretax Income": NaN,
        "Other Income Expense": NaN,
        "Other Non Operating Income Expenses": NaN,
        "Special Income Charges": NaN,
        "Gain On Sale Of Business": 0.0,
        "Other Special Charges": 200000.0,
        "Restructuring And Mergern Acquisition": NaN,
        "Gain On Sale Of Security": NaN,
        "Net Non Operating Interest Income Expense": NaN,
        "Interest Expense Non Operating": NaN,
        "Interest Income Non Operating": NaN,
        "Operating Income": NaN,
        "Operating Expense": NaN,
        "Depreciation Amortization Depletion Income Statement": NaN,
        "Depreciation And Amortization In Income Statement": NaN,
        "Amortization": NaN,
        "Amortization Of Intangibles Income Statement": NaN,
        "Selling General And Administration": NaN,
        "Gross Profit": NaN,
        "Cost Of Revenue": NaN,
        "Total Revenue": NaN,
        "Operating Revenue": NaN
    },
    "2022-06-30": {
        "Tax Effect Of Unusual Items": -49400.0,
        "Tax Rate For Calcs": 0.026,
        "Normalized EBITDA": 190000000.0,
        "Total Unusual Items": -1900000.0,
        "Total Unusual Items Excluding Goodwill": -1900000.0,
        "Net Income From Continuing Operation Net Minority Interest": 22900000.0,
        "Reconciled Depreciation": 121900000.0,
        "Reconciled Cost Of Revenue": 1164300000.0,
        "EBITDA": 188100000.0,
        "EBIT": 66200000.0,
        "Net Interest Income": -39500000.0,
        "Interest Expense": 42700000.0,
        "Interest Income": 3200000.0,
        "Normalized Income": 24750600.0,
        "Net Income From Continuing And Discontinued Operation": 22900000.0,
        "Total Expenses": 1371000000.0,
        "Total Operating Income As Reported": 57700000.0,
        "Diluted Average Shares": 115300000.0,
        "Basic Average Shares": 114500000.0,
        "Diluted EPS": 0.19,
        "Basic EPS": 0.19,
        "Diluted NI Availto Com Stockholders": 21900000.0,
        "Net Income Common Stockholders": 21900000.0,
        "Otherunder Preferred Stock Dividend": 1000000.0,
        "Net Income": 22900000.0,
        "Net Income Including Noncontrolling Interests": 22900000.0,
        "Net Income Continuous Operations": 22900000.0,
        "Tax Provision": 600000.0,
        "Pretax Income": 23500000.0,
        "Other Income Expense": -4300000.0,
        "Other Non Operating Income Expenses": -2400000.0,
        "Special Income Charges": 1800000.0,
        "Gain On Sale Of Business": 0.0,
        "Other Special Charges": 200000.0,
        "Restructuring And Mergern Acquisition": -2000000.0,
        "Gain On Sale Of Security": -3700000.0,
        "Net Non Operating Interest Income Expense": -39500000.0,
        "Interest Expense Non Operating": 42700000.0,
        "Interest Income Non Operating": 3200000.0,
        "Operating Income": 67300000.0,
        "Operating Expense": 106200000.0,
        "Depreciation Amortization Depletion Income Statement": 21400000.0,
        "Depreciation And Amortization In Income Statement": 21400000.0,
        "Amortization": 21400000.0,
        "Amortization Of Intangibles Income Statement": 21400000.0,
        "Selling General And Administration": 84800000.0,
        "Gross Profit": 173500000.0,
        "Cost Of Revenue": 1264800000.0,
        "Total Revenue": 1438300000.0,
        "Operating Revenue": 1438300000.0
    },
    "2022-03-31": {
        "Diluted EPS": 0.01,
        "Total Revenue": NaN,
        "Gross Profit": 187,
        "Operating Income": 70,
        "EBIT": 191,
        "Net Income": 1
    },
    "2021-12-31": {
        "Diluted EPS": -0.39,
        "Total Revenue": NaN,
        "Gross Profit": 140,
        "Operating Income": 32,
        "EBIT": 156,
        "Net Income": -44
    },
    "2021-09-30": {
        "Diluted EPS": -0.02,
        "Total Revenue": NaN,
        "Gross Profit": 166,
        "Operating Income": 46,
        "EBIT": 182,
        "Net Income": -2
    },
    "2021-06-30": {
        "Diluted EPS": 0.13,
        "Total Revenue": NaN,
        "Gross Profit": 190,
        "Operating Income": 66,
        "EBIT": 210,
        "Net Income": 15
    },
    "2021-03-31": {
        "Diluted EPS": 0.33,
        "Total Revenue": NaN,
        "Gross Profit": 227,
        "Operating Income": 96,
        "EBIT": 238,
        "Net Income": 37
    },
    "2020-12-31": {
        "Diluted EPS": 0.38,
        "Total Revenue": NaN,
        "Gross Profit": 237,
        "Operating Income": 103,
        "EBIT": 231,
        "Net Income": 41
    },
    "2020-09-30": {
        "Diluted EPS": 0.99,
        "Total Revenue": NaN,
        "Gross Profit": 250,
        "Operating Income": 152,
        "EBIT": 277,
        "Net Income": 112
    },
    "2020-06-30": {
        "Diluted EPS": -1.88,
        "Total Revenue": 515,
        "Gross Profit": -99,
        "Operating Income": -206,
        "EBIT": -67,
        "Net Income": -213
    },
    "2020-03-31": {
        "Diluted EPS": -4.45,
        "Total Revenue": NaN,
        "Gross Profit": 195,
        "Operating Income": -445,
        "EBIT": -316,
        "Net Income": -501
    },
    "2019-12-31": {
        "Diluted EPS": -4.02,
        "Total Revenue": NaN,
        "Gross Profit": 183,
        "Operating Income": -412,
        "EBIT": -286,
        "Net Income": -453
    },
    "2019-09-30": {
        "Diluted EPS": -1.1,
        "Total Revenue": NaN,
        "Gross Profit": 249,
        "Operating Income": -104,
        "EBIT": 30,
        "Net Income": -124
    },
    "2019-06-30": {
        "Diluted EPS": 0.45,
        "Total Revenue": NaN,
        "Gross Profit": 248,
        "Operating Income": 120,
        "EBIT": 256,
        "Net Income": 53
    },
    "2019-03-31": {
        "Diluted EPS": 0.36,
        "Total Revenue": NaN,
        "Gross Profit": 222,
        "Operating Income": 94,
        "EBIT": 235,
        "Net Income": 40
    },
    "2018-12-31": {
        "Diluted EPS": -3.14,
        "Total Revenue": NaN,
        "Gross Profit": 225,
        "Operating Income": -394,
        "EBIT": -256,
        "Net Income": -353
    },
    "2018-09-30": {
        "Diluted EPS": 0.55,
        "Total Revenue": NaN,
        "Gross Profit": 267,
        "Operating Income": 135,
        "EBIT": 268,
        "Net Income": 62
    },
    "2018-06-30": {
        "Diluted EPS": 1.3,
        "Total Revenue": NaN,
        "Gross Profit": 331,
        "Operating Income": 190,
        "EBIT": 321,
        "Net Income": 146
    },
    "2018-03-31": {
        "Diluted EPS": 0.78,
        "Total Revenue": NaN,
        "Gross Profit": 316,
        "Operating Income": 176,
        "EBIT": 304,
        "Net Income": 87
    },
    "2017-12-31": {
        "Diluted EPS": 0.88,
        "Total Revenue": NaN,
        "Gross Profit": 294,
        "Operating Income": 149,
        "EBIT": 274,
        "Net Income": 112
    },
    "2017-09-30": {
        "Diluted EPS": 0.75,
        "Total Revenue": NaN,
        "Gross Profit": 298,
        "Operating Income": 148,
        "EBIT": 271,
        "Net Income": 84
    },
    "2017-06-30": {
        "Diluted EPS": 0.59,
        "Total Revenue": NaN,
        "Gross Profit": 316,
        "Operating Income": 134,
        "EBIT": 259,
        "Net Income": 65
    },
    "2017-03-31": {
        "Diluted EPS": 0.99,
        "Total Revenue": NaN,
        "Gross Profit": 211,
        "Operating Income": 112,
        "EBIT": 168,
        "Net Income": 77
    },
    "2016-12-31": {
        "Diluted EPS": 0.6,
        "Total Revenue": 947,
        "Gross Profit": 180,
        "Operating Income": 70,
        "EBIT": 121,
        "Net Income": 45
    },
    "2016-09-30": {
        "Diluted EPS": 0.78,
        "Total Revenue": NaN,
        "Gross Profit": 181,
        "Operating Income": 101,
        "EBIT": 151,
        "Net Income": 62
    },
    "2016-06-30": {
        "Diluted EPS": 0.9,
        "Total Revenue": NaN,
        "Gross Profit": 191,
        "Operating Income": 112,
        "EBIT": 162,
        "Net Income": 69
    },
    "2016-03-31": {
        "Diluted EPS": 0.78,
        "Total Revenue": 969,
        "Gross Profit": 174,
        "Operating Income": 98,
        "EBIT": 148,
        "Net Income": 60
    },
    "2015-12-31": {
        "Diluted EPS": 0.81,
        "Total Revenue": 958,
        "Gross Profit": 160,
        "Operating Income": 87,
        "EBIT": 136,
        "Net Income": 60
    },
    "2015-09-30": {
        "Diluted EPS": 0.78,
        "Total Revenue": 972,
        "Gross Profit": 158,
        "Operating Income": 93,
        "EBIT": 142,
        "Net Income": 60
    },
    "2015-06-30": {
        "Diluted EPS": 0.75,
        "Total Revenue": NaN,
        "Gross Profit": 165,
        "Operating Income": 94,
        "EBIT": 145,
        "Net Income": 57
    },
    "2015-03-31": {
        "Diluted EPS": 0.68,
        "Total Revenue": 969,
        "Gross Profit": 153,
        "Operating Income": 84,
        "EBIT": 134,
        "Net Income": 53
    },
    "2014-12-31": {
        "Diluted EPS": 0.17,
        "Total Revenue": 940,
        "Gross Profit": 111,
        "Operating Income": 39,
        "EBIT": 92,
        "Net Income": 12
    },
    "2014-09-30": {
        "Diluted EPS": 0.57,
        "Total Revenue": 951,
        "Gross Profit": 141,
        "Operating Income": 77,
        "EBIT": 128,
        "Net Income": 43
    },
    "2014-06-30": {
        "Diluted EPS": 0.67,
        "Total Revenue": 947,
        "Gross Profit": 149,
        "Operating Income": 88,
        "EBIT": 136,
        "Net Income": 51
    },
    "2014-03-31": {
        "Diluted EPS": 0.44,
        "Total Revenue": 859,
        "Gross Profit": 122,
        "Operating Income": 65,
        "EBIT": 112,
        "Net Income": 34
    },
    "2013-12-31": {
        "Diluted EPS": 0.38,
        "Total Revenue": 831,
        "Gross Profit": 127,
        "Operating Income": 66,
        "EBIT": 114,
        "Net Income": 28
    },
    "2013-09-30": {
        "Diluted EPS": 0.41,
        "Total Revenue": 821,
        "Gross Profit": 125,
        "Operating Income": 68,
        "EBIT": 113,
        "Net Income": 32
    },
    "2013-06-30": {
        "Diluted EPS": 0.34,
        "Total Revenue": 800,
        "Gross Profit": 122,
        "Operating Income": 62,
        "EBIT": 104,
        "Net Income": 26
    },
    "2013-03-31": {
        "Diluted EPS": 0.1,
        "Total Revenue": 756,
        "Gross Profit": 104,
        "Operating Income": 45,
        "EBIT": 86,
        "Net Income": 7
    },
    "2012-12-31": {
        "Diluted EPS": 4.24,
        "Total Revenue": 737,
        "Gross Profit": 84,
        "Operating Income": 19,
        "EBIT": 58,
        "Net Income": 320
    },
    "2012-09-30": {
        "Diluted EPS": -0.11,
        "Total Revenue": 703,
        "Gross Profit": 91,
        "Operating Income": 30,
        "EBIT": 69,
        "Net Income": -8
    },
    "2012-06-30": {
        "Diluted EPS": 0.06,
        "Total Revenue": 740,
        "Gross Profit": 86,
        "Operating Income": 30,
        "EBIT": 67,
        "Net Income": 5
    },
    "2012-03-31": {
        "Diluted EPS": 0.68,
        "Total Revenue": 752,
        "Gross Profit": 139,
        "Operating Income": 77,
        "EBIT": 114,
        "Net Income": 51
    },
    "2011-12-31": {
        "Diluted EPS": 0.41,
        "Total Revenue": 606,
        "Gross Profit": 106,
        "Operating Income": 49,
        "EBIT": 84,
        "Net Income": 31
    },
    "2011-09-30": {
        "Diluted EPS": 0.33,
        "Total Revenue": 648,
        "Gross Profit": 104,
        "Operating Income": 45,
        "EBIT": 80,
        "Net Income": 25
    },
    "2011-06-30": {
        "Diluted EPS": 0.65,
        "Total Revenue": 686,
        "Gross Profit": 131,
        "Operating Income": 72,
        "EBIT": 107,
        "Net Income": 49
    },
    "2011-03-31": {
        "Diluted EPS": 0.5,
        "Total Revenue": 646,
        "Gross Profit": 115,
        "Operating Income": 59,
        "EBIT": 93,
        "Net Income": 38
    },
    "2010-12-31": {
        "Diluted EPS": 0.47,
        "Total Revenue": 583,
        "Gross Profit": 102,
        "Operating Income": 51,
        "EBIT": 85,
        "Net Income": 35
    },
    "2010-09-30": {
        "Diluted EPS": 0.52,
        "Total Revenue": 618,
        "Gross Profit": 114,
        "Operating Income": 61,
        "EBIT": 94,
        "Net Income": 39
    },
    "2010-06-30": {
        "Diluted EPS": 0.34,
        "Total Revenue": 560,
        "Gross Profit": 99,
        "Operating Income": 50,
        "EBIT": 83,
        "Net Income": 25
    },
    "2010-03-31": {
        "Diluted EPS": 0.22,
        "Total Revenue": 522,
        "Gross Profit": 87,
        "Operating Income": 42,
        "EBIT": 74,
        "Net Income": 16
    },
    "2009-12-31": {
        "Diluted EPS": 0.63,
        "Total Revenue": 464,
        "Gross Profit": 68,
        "Operating Income": 29,
        "EBIT": 61,
        "Net Income": 49
    },
    "2009-09-30": {
        "Diluted EPS": 0.35,
        "Total Revenue": 410,
        "Gross Profit": 89,
        "Operating Income": 45,
        "EBIT": 75,
        "Net Income": 20
    },
    "2009-06-30": {
        "Diluted EPS": -5.2,
        "Total Revenue": 246,
        "Gross Profit": -215,
        "Operating Income": -261,
        "EBIT": -224,
        "Net Income": -289
    },
    "2009-03-31": {
        "Diluted EPS": -0.59,
        "Total Revenue": 402,
        "Gross Profit": 27,
        "Operating Income": -17,
        "EBIT": 19,
        "Net Income": -33
    },
    "2023-06-30": {
        "Tax Effect Of Unusual Items": NaN,
        "Tax Rate For Calcs": NaN,
        "Normalized EBITDA": NaN,
        "Total Unusual Items": NaN,
        "Total Unusual Items Excluding Goodwill": NaN,
        "Net Income From Continuing Operation Net Minority Interest": NaN,
        "Reconciled Depreciation": NaN,
        "Reconciled Cost Of Revenue": NaN,
        "EBITDA": NaN,
        "EBIT": NaN,
        "Net Interest Income": NaN,
        "Interest Expense": NaN,
        "Interest Income": NaN,
        "Normalized Income": NaN,
        "Net Income From Continuing And Discontinued Operation": NaN,
        "Total Expenses": NaN,
        "Total Operating Income As Reported": NaN,
        "Diluted Average Shares": NaN,
        "Basic Average Shares": NaN,
        "Diluted EPS": NaN,
        "Basic EPS": NaN,
        "Diluted NI Availto Com Stockholders": NaN,
        "Net Income Common Stockholders": NaN,
        "Otherunder Preferred Stock Dividend": NaN,
        "Net Income": NaN,
        "Net Income Including Noncontrolling Interests": NaN,
        "Net Income Continuous Operations": NaN,
        "Tax Provision": NaN,
        "Pretax Income": NaN,
        "Other Income Expense": NaN,
        "Other Non Operating Income Expenses": -500000.0,
        "Special Income Charges": NaN,
        "Other Special Charges": NaN,
        "Impairment Of Capital Assets": NaN,
        "Restructuring And Mergern Acquisition": 7900000.0,
        "Gain On Sale Of Security": 300000.0,
        "Net Non Operating Interest Income Expense": NaN,
        "Interest Expense Non Operating": NaN,
        "Interest Income Non Operating": NaN,
        "Operating Income": NaN,
        "Operating Expense": NaN,
        "Depreciation Amortization Depletion Income Statement": NaN,
        "Depreciation And Amortization In Income Statement": NaN,
        "Amortization": NaN,
        "Amortization Of Intangibles Income Statement": NaN,
        "Selling General And Administration": NaN,
        "Gross Profit": NaN,
        "Cost Of Revenue": NaN,
        "Total Revenue": NaN,
        "Operating Revenue": NaN
    },
    "2023-09-30": {
        "Tax Effect Of Unusual Items": NaN,
        "Tax Rate For Calcs": NaN,
        "Normalized EBITDA": NaN,
        "Total Unusual Items": NaN,
        "Total Unusual Items Excluding Goodwill": NaN,
        "Net Income From Continuing Operation Net Minority Interest": NaN,
        "Reconciled Depreciation": NaN,
        "Reconciled Cost Of Revenue": NaN,
        "EBITDA": NaN,
        "EBIT": NaN,
        "Net Interest Income": NaN,
        "Interest Expense": NaN,
        "Interest Income": NaN,
        "Normalized Income": NaN,
        "Net Income From Continuing And Discontinued Operation": NaN,
        "Total Expenses": NaN,
        "Total Operating Income As Reported": NaN,
        "Diluted Average Shares": NaN,
        "Basic Average Shares": NaN,
        "Diluted EPS": NaN,
        "Basic EPS": NaN,
        "Diluted NI Availto Com Stockholders": NaN,
        "Net Income Common Stockholders": NaN,
        "Otherunder Preferred Stock Dividend": NaN,
        "Net Income": NaN,
        "Net Income Including Noncontrolling Interests": NaN,
        "Net Income Continuous Operations": NaN,
        "Tax Provision": NaN,
        "Pretax Income": NaN,
        "Other Income Expense": NaN,
        "Other Non Operating Income Expenses": NaN,
        "Special Income Charges": NaN,
        "Other Special Charges": NaN,
        "Impairment Of Capital Assets": 0.0,
        "Restructuring And Mergern Acquisition": NaN,
        "Gain On Sale Of Security": -1200000.0,
        "Net Non Operating Interest Income Expense": NaN,
        "Interest Expense Non Operating": NaN,
        "Interest Income Non Operating": NaN,
        "Operating Income": NaN,
        "Operating Expense": NaN,
        "Depreciation Amortization Depletion Income Statement": NaN,
        "Depreciation And Amortization In Income Statement": NaN,
        "Amortization": NaN,
        "Amortization Of Intangibles Income Statement": NaN,
        "Selling General And Administration": NaN,
        "Gross Profit": NaN,
        "Cost Of Revenue": NaN,
        "Total Revenue": NaN,
        "Operating Revenue": NaN
    },
    "2023-12-31": {
        "Tax Effect Of Unusual Items": NaN,
        "Tax Rate For Calcs": NaN,
        "Normalized EBITDA": NaN,
        "Total Unusual Items": NaN,
        "Total Unusual Items Excluding Goodwill": NaN,
        "Net Income From Continuing Operation Net Minority Interest": NaN,
        "Reconciled Depreciation": NaN,
        "Reconciled Cost Of Revenue": NaN,
        "EBITDA": NaN,
        "EBIT": NaN,
        "Net Interest Income": NaN,
        "Interest Expense": NaN,
        "Interest Income": NaN,
        "Normalized Income": NaN,
        "Net Income From Continuing And Discontinued Operation": NaN,
        "Total Expenses": NaN,
        "Total Operating Income As Reported": NaN,
        "Diluted Average Shares": NaN,
        "Basic Average Shares": NaN,
        "Diluted EPS": NaN,
        "Basic EPS": NaN,
        "Diluted NI Availto Com Stockholders": NaN,
        "Net Income Common Stockholders": NaN,
        "Otherunder Preferred Stock Dividend": NaN,
        "Net Income": NaN,
        "Net Income Including Noncontrolling Interests": NaN,
        "Net Income Continuous Operations": NaN,
        "Tax Provision": NaN,
        "Pretax Income": NaN,
        "Other Income Expense": NaN,
        "Other Non Operating Income Expenses": NaN,
        "Special Income Charges": NaN,
        "Other Special Charges": 1000000.0,
        "Impairment Of Capital Assets": NaN,
        "Restructuring And Mergern Acquisition": NaN,
        "Gain On Sale Of Security": 100000.0,
        "Net Non Operating Interest Income Expense": NaN,
        "Interest Expense Non Operating": NaN,
        "Interest Income Non Operating": NaN,
        "Operating Income": NaN,
        "Operating Expense": NaN,
        "Depreciation Amortization Depletion Income Statement": NaN,
        "Depreciation And Amortization In Income Statement": NaN,
        "Amortization": NaN,
        "Amortization Of Intangibles Income Statement": NaN,
        "Selling General And Administration": NaN,
        "Gross Profit": NaN,
        "Cost Of Revenue": NaN,
        "Total Revenue": NaN,
        "Operating Revenue": NaN
    },
    "2024-03-31": {
        "Tax Effect Of Unusual Items": NaN,
        "Tax Rate For Calcs": NaN,
        "Normalized EBITDA": NaN,
        "Total Unusual Items": NaN,
        "Total Unusual Items Excluding Goodwill": NaN,
        "Net Income From Continuing Operation Net Minority Interest": NaN,
        "Reconciled Depreciation": NaN,
        "Reconciled Cost Of Revenue": NaN,
        "EBITDA": NaN,
        "EBIT": NaN,
        "Net Interest Income": NaN,
        "Interest Expense": NaN,
        "Interest Income": NaN,
        "Normalized Income": NaN,
        "Net Income From Continuing And Discontinued Operation": NaN,
        "Total Expenses": NaN,
        "Total Operating Income As Reported": NaN,
        "Diluted Average Shares": NaN,
        "Basic Average Shares": NaN,
        "Diluted EPS": NaN,
        "Basic EPS": NaN,
        "Diluted NI Availto Com Stockholders": NaN,
        "Net Income Common Stockholders": NaN,
        "Otherunder Preferred Stock Dividend": NaN,
        "Net Income": NaN,
        "Net Income Including Noncontrolling Interests": NaN,
        "Net Income Continuous Operations": NaN,
        "Tax Provision": NaN,
        "Pretax Income": NaN,
        "Other Income Expense": NaN,
        "Other Non Operating Income Expenses": NaN,
        "Special Income Charges": NaN,
        "Other Special Charges": NaN,
        "Impairment Of Capital Assets": NaN,
        "Restructuring And Mergern Acquisition": NaN,
        "Gain On Sale Of Security": -100000.0,
        "Net Non Operating Interest Income Expense": NaN,
        "Interest Expense Non Operating": NaN,
        "Interest Income Non Operating": NaN,
        "Operating Income": NaN,
        "Operating Expense": NaN,
        "Depreciation Amortization Depletion Income Statement": NaN,
        "Depreciation And Amortization In Income Statement": NaN,
        "Amortization": NaN,
        "Amortization Of Intangibles Income Statement": NaN,
        "Selling General And Administration": NaN,
        "Gross Profit": NaN,
        "Cost Of Revenue": NaN,
        "Total Revenue": NaN,
        "Operating Revenue": NaN
    },
    "2024-06-30": {
        "Tax Effect Of Unusual Items": NaN,
        "Tax Rate For Calcs": NaN,
        "Normalized EBITDA": NaN,
        "Total Unusual Items": NaN,
        "Total Unusual Items Excluding Goodwill": NaN,
        "Net Income From Continuing Operation Net Minority Interest": NaN,
        "Reconciled Depreciation": NaN,
        "Reconciled Cost Of Revenue": NaN,
        "EBITDA": NaN,
        "EBIT": NaN,
        "Net Interest Income": NaN,
        "Interest Expense": NaN,
        "Interest Income": NaN,
        "Normalized Income": NaN,
        "Net Income From Continuing And Discontinued Operation": NaN,
        "Total Expenses": NaN,
        "Total Operating Income As Reported": NaN,
        "Diluted Average Shares": NaN,
        "Basic Average Shares": NaN,
        "Diluted EPS": NaN,
        "Basic EPS": NaN,
        "Diluted NI Availto Com Stockholders": NaN,
        "Net Income Common Stockholders": NaN,
        "Otherunder Preferred Stock Dividend": NaN,
        "Net Income": NaN,
        "Net Income Including Noncontrolling Interests": NaN,
        "Net Income Continuous Operations": NaN,
        "Tax Provision": NaN,
        "Pretax Income": NaN,
        "Other Income Expense": NaN,
        "Other Non Operating Income Expenses": NaN,
        "Special Income Charges": NaN,
        "Other Special Charges": 300000.0,
        "Impairment Of Capital Assets": 0.0,
        "Restructuring And Mergern Acquisition": NaN,
        "Gain On Sale Of Security": -200000.0,
        "Net Non Operating Interest Income Expense": NaN,
        "Interest Expense Non Operating": NaN,
        "Interest Income Non Operating": NaN,
        "Operating Income": NaN,
        "Operating Expense": NaN,
        "Depreciation Amortization Depletion Income Statement": NaN,
        "Depreciation And Amortization In Income Statement": NaN,
        "Amortization": NaN,
        "Amortization Of Intangibles Income Statement": NaN,
        "Selling General And Administration": NaN,
        "Gross Profit": NaN,
        "Cost Of Revenue": NaN,
        "Total Revenue": NaN,
        "Operating Revenue": NaN
    },
    "2024-09-30": {
        "Tax Effect Of Unusual Items": -3024000.0,
        "Tax Rate For Calcs": 0.21,
        "Normalized EBITDA": 174400000.0,
        "Total Unusual Items": -14400000.0,
        "Total Unusual Items Excluding Goodwill": -14400000.0,
        "Net Income From Continuing Operation Net Minority Interest": 10000000.0,
        "Reconciled Depreciation": 116900000.0,
        "Reconciled Cost Of Revenue": 1237500000.0,
        "EBITDA": 160000000.0,
        "EBIT": 43100000.0,
        "Net Interest Income": -38100000.0,
        "Interest Expense": 45200000.0,
        "Interest Income": 7100000.0,
        "Normalized Income": 21376000.0,
        "Net Income From Continuing And Discontinued Operation": 10000000.0,
        "Total Expenses": 1449000000.0,
        "Total Operating Income As Reported": 41700000.0,
        "Diluted Average Shares": 122200000.0,
        "Basic Average Shares": 117581028.0,
        "Diluted EPS": 0.08,
        "Basic EPS": 0.085048,
        "Diluted NI Availto Com Stockholders": 9600000.0,
        "Net Income Common Stockholders": 9600000.0,
        "Otherunder Preferred Stock Dividend": 400000.0,
        "Net Income": 10000000.0,
        "Net Income Including Noncontrolling Interests": 10000000.0,
        "Net Income Continuous Operations": 10000000.0,
        "Tax Provision": -12100000.0,
        "Pretax Income": -2100000.0,
        "Other Income Expense": -19900000.0,
        "Other Non Operating Income Expenses": -5500000.0,
        "Special Income Charges": -14400000.0,
        "Other Special Charges": 200000.0,
        "Impairment Of Capital Assets": 12000000.0,
        "Restructuring And Mergern Acquisition": 2200000.0,
        "Gain On Sale Of Security": NaN,
        "Net Non Operating Interest Income Expense": -38100000.0,
        "Interest Expense Non Operating": 45200000.0,
        "Interest Income Non Operating": 7100000.0,
        "Operating Income": 55900000.0,
        "Operating Expense": 115400000.0,
        "Depreciation Amortization Depletion Income Statement": 20800000.0,
        "Depreciation And Amortization In Income Statement": 20800000.0,
        "Amortization": 20800000.0,
        "Amortization Of Intangibles Income Statement": 20800000.0,
        "Selling General And Administration": 94600000.0,
        "Gross Profit": 171300000.0,
        "Cost Of Revenue": 1333600000.0,
        "Total Revenue": 1504900000.0,
        "Operating Revenue": 1504900000.0
    },
    "2024-12-31": {
        "Tax Effect Of Unusual Items": -1764000.0,
        "Tax Rate For Calcs": 0.21,
        "Normalized EBITDA": 160800000.0,
        "Total Unusual Items": -8400000.0,
        "Total Unusual Items Excluding Goodwill": -8400000.0,
        "Net Income From Continuing Operation Net Minority Interest": -13700000.0,
        "Reconciled Depreciation": 115400000.0,
        "Reconciled Cost Of Revenue": 1131900000.0,
        "EBITDA": 152400000.0,
        "EBIT": 37000000.0,
        "Net Interest Income": -37300000.0,
        "Interest Expense": 43900000.0,
        "Interest Income": 6600000.0,
        "Normalized Income": -7064000.0,
        "Net Income From Continuing And Discontinued Operation": -13700000.0,
        "Total Expenses": 1336300000.0,
        "Total Operating Income As Reported": 36200000.0,
        "Diluted Average Shares": 117600000.0,
        "Basic Average Shares": 117581028.0,
        "Diluted EPS": -0.12,
        "Basic EPS": -0.116515,
        "Diluted NI Availto Com Stockholders": -13200000.0,
        "Net Income Common Stockholders": -13200000.0,
        "Otherunder Preferred Stock Dividend": -500000.0,
        "Net Income": -13700000.0,
        "Net Income Including Noncontrolling Interests": -13700000.0,
        "Net Income Continuous Operations": -13700000.0,
        "Tax Provision": 6800000.0,
        "Pretax Income": -6900000.0,
        "Other Income Expense": -14100000.0,
        "Other Non Operating Income Expenses": -5700000.0,
        "Special Income Charges": -8400000.0,
        "Other Special Charges": 100000.0,
        "Impairment Of Capital Assets": 0.0,
        "Restructuring And Mergern Acquisition": 8300000.0,
        "Gain On Sale Of Security": 0.0,
        "Net Non Operating Interest Income Expense": -37300000.0,
        "Interest Expense Non Operating": 43900000.0,
        "Interest Income Non Operating": 6600000.0,
        "Operating Income": 44500000.0,
        "Operating Expense": 109800000.0,
        "Depreciation Amortization Depletion Income Statement": 20800000.0,
        "Depreciation And Amortization In Income Statement": 20800000.0,
        "Amortization": 20800000.0,
        "Amortization Of Intangibles Income Statement": 20800000.0,
        "Selling General And Administration": 89000000.0,
        "Gross Profit": 154300000.0,
        "Cost Of Revenue": 1226500000.0,
        "Total Revenue": 1380800000.0,
        "Operating Revenue": 1380800000.0
    },
    "2025-03-31": {
        "Tax Effect Of Unusual Items": -231000.0,
        "Tax Rate For Calcs": 0.21,
        "Normalized EBITDA": 177300000.0,
        "Total Unusual Items": -1100000.0,
        "Total Unusual Items Excluding Goodwill": -1100000.0,
        "Net Income From Continuing Operation Net Minority Interest": 7100000.0,
        "Reconciled Depreciation": 112200000.0,
        "Reconciled Cost Of Revenue": 1145800000.0,
        "EBITDA": 176200000.0,
        "EBIT": 64000000.0,
        "Net Interest Income": -37300000.0,
        "Interest Expense": 42900000.0,
        "Interest Income": 5600000.0,
        "Normalized Income": 7969000.0,
        "Net Income From Continuing And Discontinued Operation": 7100000.0,
        "Total Expenses": 1348900000.0,
        "Total Operating Income As Reported": 42700000.0,
        "Diluted Average Shares": 122600000.0,
        "Basic Average Shares": 118300000.0,
        "Diluted EPS": 0.06,
        "Basic EPS": 0.060017,
        "Diluted NI Availto Com Stockholders": 6800000.0,
        "Net Income Common Stockholders": 6800000.0,
        "Otherunder Preferred Stock Dividend": 300000.0,
        "Net Income": 7100000.0,
        "Net Income Including Noncontrolling Interests": 7100000.0,
        "Net Income Continuous Operations": 7100000.0,
        "Tax Provision": 14000000.0,
        "Pretax Income": 21100000.0,
        "Other Income Expense": -4000000.0,
        "Other Non Operating Income Expenses": -2900000.0,
        "Special Income Charges": -1100000.0,
        "Other Special Charges": 3300000.0,
        "Impairment Of Capital Assets": NaN,
        "Restructuring And Mergern Acquisition": -2200000.0,
        "Gain On Sale Of Security": NaN,
        "Net Non Operating Interest Income Expense": -37300000.0,
        "Interest Expense Non Operating": 42900000.0,
        "Interest Income Non Operating": 5600000.0,
        "Operating Income": 62400000.0,
        "Operating Expense": 111500000.0,
        "Depreciation Amortization Depletion Income Statement": 20600000.0,
        "Depreciation And Amortization In Income Statement": 20600000.0,
        "Amortization": 20600000.0,
        "Amortization Of Intangibles Income Statement": 20600000.0,
        "Selling General And Administration": 90900000.0,
        "Gross Profit": 173900000.0,
        "Cost Of Revenue": 1237400000.0,
        "Total Revenue": 1411300000.0,
        "Operating Revenue": 1411300000.0
    },
    "2025-06-30": {
        "Tax Effect Of Unusual Items": 4578000.0,
        "Tax Rate For Calcs": 0.21,
        "Normalized EBITDA": 202200000.0,
        "Total Unusual Items": 21800000.0,
        "Total Unusual Items Excluding Goodwill": 21800000.0,
        "Net Income From Continuing Operation Net Minority Interest": 39300000.0,
        "Reconciled Depreciation": 113500000.0,
        "Reconciled Cost Of Revenue": 1242400000.0,
        "EBITDA": 224000000.0,
        "EBIT": 110500000.0,
        "Net Interest Income": -37500000.0,
        "Interest Expense": 43100000.0,
        "Interest Income": 5600000.0,
        "Normalized Income": 22078000.0,
        "Net Income From Continuing And Discontinued Operation": 39300000.0,
        "Total Expenses": 1456700000.0,
        "Total Operating Income As Reported": 55000000.0,
        "Diluted Average Shares": 124100000.0,
        "Basic Average Shares": 118600000.0,
        "Diluted EPS": 0.32,
        "Basic EPS": 0.331366,
        "Diluted NI Availto Com Stockholders": 37700000.0,
        "Net Income Common Stockholders": 37700000.0,
        "Otherunder Preferred Stock Dividend": 1600000.0,
        "Net Income": 39300000.0,
        "Net Income Including Noncontrolling Interests": 39300000.0,
        "Net Income Continuous Operations": 39300000.0,
        "Tax Provision": 28100000.0,
        "Pretax Income": 67400000.0,
        "Other Income Expense": 25400000.0,
        "Other Non Operating Income Expenses": 3600000.0,
        "Special Income Charges": -24500000.0,
        "Other Special Charges": NaN,
        "Impairment Of Capital Assets": 8000000.0,
        "Restructuring And Mergern Acquisition": 16500000.0,
        "Gain On Sale Of Security": 46300000.0,
        "Net Non Operating Interest Income Expense": -37500000.0,
        "Interest Expense Non Operating": 43100000.0,
        "Interest Income Non Operating": 5600000.0,
        "Operating Income": 79500000.0,
        "Operating Expense": 121200000.0,
        "Depreciation Amortization Depletion Income Statement": 20400000.0,
        "Depreciation And Amortization In Income Statement": 20400000.0,
        "Amortization": 20400000.0,
        "Amortization Of Intangibles Income Statement": 20400000.0,
        "Selling General And Administration": 100800000.0,
        "Gross Profit": 200700000.0,
        "Cost Of Revenue": 1335500000.0,
        "Total Revenue": 1536200000.0,
        "Operating Revenue": 1536200000.0
    },
    "2025-09-30": {
        "Tax Effect Of Unusual Items": -7854000.0,
        "Tax Rate For Calcs": 0.21,
        "Normalized EBITDA": 194700000.0,
        "Total Unusual Items": -37400000.0,
        "Total Unusual Items Excluding Goodwill": -37400000.0,
        "Net Income From Continuing Operation Net Minority Interest": 9200000.0,
        "Reconciled Depreciation": 116300000.0,
        "Reconciled Cost Of Revenue": 1220400000.0,
        "EBITDA": 157300000.0,
        "EBIT": 41000000.0,
        "Net Interest Income": -35700000.0,
        "Interest Expense": 42700000.0,
        "Interest Income": 7000000.0,
        "Normalized Income": 38746000.0,
        "Net Income From Continuing And Discontinued Operation": 9200000.0,
        "Total Expenses": 1435500000.0,
        "Total Operating Income As Reported": 48400000.0,
        "Diluted Average Shares": 124300000.0,
        "Basic Average Shares": 118700000.0,
        "Diluted EPS": 0.07,
        "Basic EPS": 0.077506,
        "Diluted NI Availto Com Stockholders": 8800000.0,
        "Net Income Common Stockholders": 8800000.0,
        "Otherunder Preferred Stock Dividend": 400000.0,
        "Net Income": 9200000.0,
        "Net Income Including Noncontrolling Interests": 9200000.0,
        "Net Income Continuous Operations": 9200000.0,
        "Tax Provision": -10900000.0,
        "Pretax Income": -1700000.0,
        "Other Income Expense": -35800000.0,
        "Other Non Operating Income Expenses": 1600000.0,
        "Special Income Charges": -21400000.0,
        "Other Special Charges": NaN,
        "Impairment Of Capital Assets": 0.0,
        "Restructuring And Mergern Acquisition": 21400000.0,
        "Gain On Sale Of Security": -16000000.0,
        "Net Non Operating Interest Income Expense": -35700000.0,
        "Interest Expense Non Operating": 42700000.0,
        "Interest Income Non Operating": 7000000.0,
        "Operating Income": 69800000.0,
        "Operating Expense": 119200000.0,
        "Depreciation Amortization Depletion Income Statement": 20400000.0,
        "Depreciation And Amortization In Income Statement": 20400000.0,
        "Amortization": 20400000.0,
        "Amortization Of Intangibles Income Statement": 20400000.0,
        "Selling General And Administration": 98800000.0,
        "Gross Profit": 189000000.0,
        "Cost Of Revenue": 1316300000.0,
        "Total Revenue": 1505300000.0,
        "Operating Revenue": 1505300000.0
    }
}