{
    "2023-04-30": {
        "Tax Effect Of Unusual Items": NaN,
        "Tax Rate For Calcs": NaN,
        "Normalized EBITDA": NaN,
        "Net Income From Continuing Operation Net Minority Interest": NaN,
        "Reconciled Depreciation": NaN,
        "Reconciled Cost Of Revenue": NaN,
        "EBITDA": NaN,
        "EBIT": NaN,
        "Net Interest Income": NaN,
        "Interest Income": NaN,
        "Normalized Income": NaN,
        "Net Income From Continuing And Discontinued Operation": NaN,
        "Total Expenses": NaN,
        "Total Operating Income As Reported": NaN,
        "Diluted Average Shares": NaN,
        "Basic Average Shares": NaN,
        "Diluted EPS": NaN,
        "Basic EPS": NaN,
        "Diluted NI Availto Com Stockholders": NaN,
        "Net Income Common Stockholders": NaN,
        "Net Income": NaN,
        "Net Income Including Noncontrolling Interests": NaN,
        "Net Income Continuous Operations": NaN,
        "Tax Provision": NaN,
        "Pretax Income": NaN,
        "Other Income Expense": 0.0,
        "Other Non Operating Income Expenses": 0.0,
        "Net Non Operating Interest Income Expense": NaN,
        "Interest Income Non Operating": NaN,
        "Operating Income": NaN,
        "Operating Expense": NaN,
        "Selling General And Administration": NaN,
        "General And Administrative Expense": NaN,
        "Other Gand A": NaN,
        "Salaries And Wages": NaN,
        "Gross Profit": NaN,
        "Cost Of Revenue": NaN,
        "Total Revenue": NaN,
        "Operating Revenue": NaN
    },
    "2023-01-31": {
        "Tax Effect Of Unusual Items": NaN,
        "Tax Rate For Calcs": NaN,
        "Normalized EBITDA": NaN,
        "Net Income From Continuing Operation Net Minority Interest": NaN,
        "Reconciled Depreciation": NaN,
        "Reconciled Cost Of Revenue": NaN,
        "EBITDA": NaN,
        "EBIT": NaN,
        "Net Interest Income": NaN,
        "Interest Income": NaN,
        "Normalized Income": NaN,
        "Net Income From Continuing And Discontinued Operation": NaN,
        "Total Expenses": NaN,
        "Total Operating Income As Reported": NaN,
        "Diluted Average Shares": 5310000.0,
        "Basic Average Shares": 5284000.0,
        "Diluted EPS": 3.12,
        "Basic EPS": 3.14,
        "Diluted NI Availto Com Stockholders": NaN,
        "Net Income Common Stockholders": NaN,
        "Net Income": NaN,
        "Net Income Including Noncontrolling Interests": NaN,
        "Net Income Continuous Operations": NaN,
        "Tax Provision": NaN,
        "Pretax Income": NaN,
        "Other Income Expense": 1803000.0,
        "Other Non Operating Income Expenses": 1803000.0,
        "Net Non Operating Interest Income Expense": NaN,
        "Interest Income Non Operating": NaN,
        "Operating Income": NaN,
        "Operating Expense": NaN,
        "Selling General And Administration": NaN,
        "General And Administrative Expense": NaN,
        "Other Gand A": NaN,
        "Salaries And Wages": 2336000.0,
        "Gross Profit": NaN,
        "Cost Of Revenue": NaN,
        "Total Revenue": NaN,
        "Operating Revenue": NaN
    },
    "2022-10-31": {
        "Tax Effect Of Unusual Items": NaN,
        "Tax Rate For Calcs": NaN,
        "Normalized EBITDA": NaN,
        "Net Income From Continuing Operation Net Minority Interest": NaN,
        "Reconciled Depreciation": NaN,
        "Reconciled Cost Of Revenue": NaN,
        "EBITDA": NaN,
        "EBIT": NaN,
        "Net Interest Income": NaN,
        "Interest Income": NaN,
        "Normalized Income": NaN,
        "Net Income From Continuing And Discontinued Operation": NaN,
        "Total Expenses": NaN,
        "Total Operating Income As Reported": NaN,
        "Diluted Average Shares": 5307000.0,
        "Basic Average Shares": 5281000.0,
        "Diluted EPS": 0.68,
        "Basic EPS": 0.69,
        "Diluted NI Availto Com Stockholders": NaN,
        "Net Income Common Stockholders": NaN,
        "Net Income": NaN,
        "Net Income Including Noncontrolling Interests": NaN,
        "Net Income Continuous Operations": NaN,
        "Tax Provision": NaN,
        "Pretax Income": NaN,
        "Other Income Expense": NaN,
        "Other Non Operating Income Expenses": NaN,
        "Net Non Operating Interest Income Expense": NaN,
        "Interest Income Non Operating": NaN,
        "Operating Income": NaN,
        "Operating Expense": NaN,
        "Selling General And Administration": NaN,
        "General And Administrative Expense": NaN,
        "Other Gand A": NaN,
        "Salaries And Wages": NaN,
        "Gross Profit": NaN,
        "Cost Of Revenue": NaN,
        "Total Revenue": NaN,
        "Operating Revenue": NaN
    },
    "2022-07-31": {
        "Tax Effect Of Unusual Items": 0.0,
        "Tax Rate For Calcs": 0.256899,
        "Normalized EBITDA": 2574000.0,
        "Net Income From Continuing Operation Net Minority Interest": 1912000.0,
        "Reconciled Depreciation": 8000.0,
        "Reconciled Cost Of Revenue": 7495000.0,
        "EBITDA": 2574000.0,
        "EBIT": 2566000.0,
        "Net Interest Income": 7000.0,
        "Interest Income": 7000.0,
        "Normalized Income": 1912000.0,
        "Net Income From Continuing And Discontinued Operation": 1912000.0,
        "Total Expenses": 8666000.0,
        "Total Operating Income As Reported": 2566000.0,
        "Diluted Average Shares": 5296000.0,
        "Basic Average Shares": 5274000.0,
        "Diluted EPS": 0.36,
        "Basic EPS": 0.36,
        "Diluted NI Availto Com Stockholders": 1912000.0,
        "Net Income Common Stockholders": 1912000.0,
        "Net Income": 1912000.0,
        "Net Income Including Noncontrolling Interests": 1912000.0,
        "Net Income Continuous Operations": 1912000.0,
        "Tax Provision": 661000.0,
        "Pretax Income": 2573000.0,
        "Other Income Expense": NaN,
        "Other Non Operating Income Expenses": NaN,
        "Net Non Operating Interest Income Expense": 7000.0,
        "Interest Income Non Operating": 7000.0,
        "Operating Income": 2566000.0,
        "Operating Expense": 1171000.0,
        "Selling General And Administration": 1171000.0,
        "General And Administrative Expense": 1171000.0,
        "Other Gand A": 1171000.0,
        "Gross Profit": 3737000.0,
        "Cost Of Revenue": 7495000.0,
        "Total Revenue": 11232000.0,
        "Operating Revenue": 10611000.0
    },
    "2022-04-30": {
        "Diluted EPS": 1.42,
        "Total Revenue": 23,
        "Gross Profit": 15,
        "Operating Income": 14,
        "EBIT": 14,
        "Net Income": 10
    },
    "2022-01-31": {
        "Diluted EPS": 0.12,
        "Total Revenue": 9,
        "Gross Profit": 3,
        "Operating Income": 1,
        "EBIT": 1,
        "Net Income": 1
    },
    "2021-10-31": {
        "Diluted EPS": 0.45,
        "Total Revenue": 16,
        "Gross Profit": 6,
        "Operating Income": 4,
        "EBIT": 4,
        "Net Income": 3
    },
    "2021-07-31": {
        "Diluted EPS": 0.22,
        "Total Revenue": 11,
        "Gross Profit": 3,
        "Operating Income": 2,
        "EBIT": 2,
        "Net Income": 2
    },
    "2021-04-30": {
        "Diluted EPS": 0.5,
        "Total Revenue": 19,
        "Gross Profit": 6,
        "Operating Income": 5,
        "EBIT": 5,
        "Net Income": 4
    },
    "2021-01-31": {
        "Diluted EPS": 0.28,
        "Total Revenue": 8,
        "Gross Profit": 4,
        "Operating Income": 3,
        "EBIT": 3,
        "Net Income": 2
    },
    "2020-10-31": {
        "Diluted EPS": 0.1,
        "Total Revenue": 9,
        "Gross Profit": 3,
        "Operating Income": 1,
        "EBIT": 1,
        "Net Income": 1
    },
    "2020-07-31": {
        "Diluted EPS": 0.07,
        "Total Revenue": 4,
        "Gross Profit": 2,
        "Operating Income": 1,
        "EBIT": 1,
        "Net Income": 1
    },
    "2020-04-30": {
        "Diluted EPS": -0.48,
        "Total Revenue": 5,
        "Gross Profit": 2,
        "Operating Income": -5,
        "EBIT": -5,
        "Net Income": -4
    },
    "2020-01-31": {
        "Diluted EPS": 0.04,
        "Total Revenue": 5,
        "Gross Profit": 2,
        "Operating Income": 1,
        "EBIT": 1,
        "Net Income": 0
    },
    "2019-10-31": {
        "Diluted EPS": -0.27,
        "Total Revenue": 4,
        "Gross Profit": 1,
        "Operating Income": -3,
        "EBIT": -3,
        "Net Income": -2
    },
    "2019-07-31": {
        "Diluted EPS": -0.02,
        "Total Revenue": 5,
        "Gross Profit": 0,
        "Operating Income": 0,
        "EBIT": 0,
        "Net Income": 0
    },
    "2019-04-30": {
        "Diluted EPS": 0.18,
        "Total Revenue": 4,
        "Gross Profit": 0,
        "Operating Income": -1,
        "EBIT": -1,
        "Net Income": 1
    },
    "2019-01-31": {
        "Diluted EPS": 0.0,
        "Total Revenue": 2,
        "Gross Profit": 0,
        "Operating Income": -1,
        "EBIT": -1,
        "Net Income": 0
    },
    "2018-10-31": {
        "Diluted EPS": 0.0,
        "Total Revenue": 3,
        "Gross Profit": 0,
        "Operating Income": -1,
        "EBIT": -1,
        "Net Income": 0
    },
    "2018-07-31": {
        "Diluted EPS": 0.01,
        "Total Revenue": 4,
        "Gross Profit": 0,
        "Operating Income": -1,
        "EBIT": -1,
        "Net Income": 0
    },
    "2018-04-30": {
        "Diluted EPS": 0.17,
        "Total Revenue": -22,
        "Gross Profit": -4,
        "Operating Income": -6,
        "EBIT": -6,
        "Net Income": 1
    },
    "2018-01-31": {
        "Diluted EPS": -0.35,
        "Total Revenue": 10,
        "Gross Profit": 2,
        "Operating Income": 0,
        "EBIT": 1,
        "Net Income": -3
    },
    "2017-10-31": {
        "Diluted EPS": 0.03,
        "Total Revenue": 9,
        "Gross Profit": 1,
        "Operating Income": 0,
        "EBIT": 1,
        "Net Income": 0
    },
    "2017-07-31": {
        "Diluted EPS": 0.18,
        "Total Revenue": 11,
        "Gross Profit": 3,
        "Operating Income": 2,
        "EBIT": 3,
        "Net Income": 1
    },
    "2017-04-30": {
        "Diluted EPS": -0.11,
        "Total Revenue": 9,
        "Gross Profit": 0,
        "Operating Income": -1,
        "EBIT": 0,
        "Net Income": -1
    },
    "2017-01-31": {
        "Diluted EPS": 0.02,
        "Total Revenue": 10,
        "Gross Profit": 2,
        "Operating Income": 0,
        "EBIT": 1,
        "Net Income": 0
    },
    "2016-10-31": {
        "Diluted EPS": 0.01,
        "Total Revenue": 11,
        "Gross Profit": 1,
        "Operating Income": 0,
        "EBIT": 1,
        "Net Income": 0
    },
    "2016-07-31": {
        "Diluted EPS": 0.08,
        "Total Revenue": 12,
        "Gross Profit": 3,
        "Operating Income": 1,
        "EBIT": 2,
        "Net Income": 1
    },
    "2016-04-30": {
        "Diluted EPS": -0.97,
        "Total Revenue": 9,
        "Gross Profit": 1,
        "Operating Income": -1,
        "EBIT": 0,
        "Net Income": -8
    },
    "2016-01-31": {
        "Diluted EPS": -0.07,
        "Total Revenue": 12,
        "Gross Profit": 2,
        "Operating Income": 0,
        "EBIT": 0,
        "Net Income": -1
    },
    "2015-10-31": {
        "Diluted EPS": -0.08,
        "Total Revenue": 11,
        "Gross Profit": 1,
        "Operating Income": -1,
        "EBIT": 0,
        "Net Income": -1
    },
    "2015-07-31": {
        "Diluted EPS": -0.15,
        "Total Revenue": 10,
        "Gross Profit": 1,
        "Operating Income": -2,
        "EBIT": -1,
        "Net Income": -1
    },
    "2015-04-30": {
        "Diluted EPS": 0.62,
        "Total Revenue": 10,
        "Gross Profit": -1,
        "Operating Income": -2,
        "EBIT": -1,
        "Net Income": 5
    },
    "2015-01-31": {
        "Diluted EPS": -0.04,
        "Total Revenue": 13,
        "Gross Profit": 3,
        "Operating Income": 0,
        "EBIT": 1,
        "Net Income": 0
    },
    "2014-10-31": {
        "Diluted EPS": 0.03,
        "Total Revenue": 14,
        "Gross Profit": 3,
        "Operating Income": 0,
        "EBIT": 1,
        "Net Income": 0
    },
    "2014-07-31": {
        "Diluted EPS": 0.82,
        "Total Revenue": 12,
        "Gross Profit": 3,
        "Operating Income": 0,
        "EBIT": 1,
        "Net Income": 6
    },
    "2014-04-30": {
        "Diluted EPS": -0.32,
        "Total Revenue": -1,
        "Gross Profit": 0,
        "Operating Income": 0,
        "EBIT": 1,
        "Net Income": -2
    },
    "2014-01-31": {
        "Diluted EPS": 0.0,
        "Total Revenue": 20,
        "Gross Profit": 4,
        "Operating Income": 1,
        "EBIT": 1,
        "Net Income": 0
    },
    "2013-10-31": {
        "Diluted EPS": 0.01,
        "Total Revenue": 23,
        "Gross Profit": 4,
        "Operating Income": 1,
        "EBIT": 2,
        "Net Income": 0
    },
    "2013-07-31": {
        "Diluted EPS": -0.11,
        "Total Revenue": 21,
        "Gross Profit": 3,
        "Operating Income": -1,
        "EBIT": 0,
        "Net Income": -1
    },
    "2013-04-30": {
        "Diluted EPS": -0.42,
        "Total Revenue": 20,
        "Gross Profit": 2,
        "Operating Income": -2,
        "EBIT": -1,
        "Net Income": -3
    },
    "2013-01-31": {
        "Diluted EPS": 0.0,
        "Total Revenue": 22,
        "Gross Profit": 3,
        "Operating Income": 0,
        "EBIT": 1,
        "Net Income": 0
    },
    "2012-10-31": {
        "Diluted EPS": 0.05,
        "Total Revenue": 21,
        "Gross Profit": 4,
        "Operating Income": 1,
        "EBIT": 2,
        "Net Income": 0
    },
    "2012-07-31": {
        "Diluted EPS": -0.1,
        "Total Revenue": 20,
        "Gross Profit": 3,
        "Operating Income": 0,
        "EBIT": 0,
        "Net Income": -1
    },
    "2012-04-30": {
        "Diluted EPS": -0.27,
        "Total Revenue": 19,
        "Gross Profit": 2,
        "Operating Income": -2,
        "EBIT": -1,
        "Net Income": -2
    },
    "2012-01-31": {
        "Diluted EPS": -0.05,
        "Total Revenue": 21,
        "Gross Profit": 3,
        "Operating Income": -1,
        "EBIT": 1,
        "Net Income": 0
    },
    "2011-10-31": {
        "Diluted EPS": 0.18,
        "Total Revenue": 23,
        "Gross Profit": 6,
        "Operating Income": 2,
        "EBIT": 4,
        "Net Income": 1
    },
    "2011-07-31": {
        "Diluted EPS": -0.05,
        "Total Revenue": 21,
        "Gross Profit": 4,
        "Operating Income": 0,
        "EBIT": 1,
        "Net Income": 0
    },
    "2011-04-30": {
        "Diluted EPS": -1.51,
        "Total Revenue": 22,
        "Gross Profit": 3,
        "Operating Income": -1,
        "EBIT": 1,
        "Net Income": -9
    },
    "2011-01-31": {
        "Diluted EPS": 0.21,
        "Total Revenue": 24,
        "Gross Profit": 4,
        "Operating Income": 1,
        "EBIT": 3,
        "Net Income": 1
    },
    "2010-10-31": {
        "Diluted EPS": 0.12,
        "Total Revenue": 26,
        "Gross Profit": 6,
        "Operating Income": 2,
        "EBIT": 3,
        "Net Income": 1
    },
    "2010-07-31": {
        "Diluted EPS": -0.08,
        "Total Revenue": 25,
        "Gross Profit": 4,
        "Operating Income": 0,
        "EBIT": 1,
        "Net Income": 0
    },
    "2010-04-30": {
        "Diluted EPS": -1.12,
        "Total Revenue": 27,
        "Gross Profit": 0,
        "Operating Income": -9,
        "EBIT": -5,
        "Net Income": -7
    },
    "2010-01-31": {
        "Diluted EPS": -0.12,
        "Total Revenue": 29,
        "Gross Profit": 4,
        "Operating Income": -2,
        "EBIT": 0,
        "Net Income": -1
    },
    "2009-10-31": {
        "Diluted EPS": -0.16,
        "Total Revenue": 32,
        "Gross Profit": 5,
        "Operating Income": -1,
        "EBIT": 2,
        "Net Income": -1
    },
    "2009-07-31": {
        "Diluted EPS": -0.18,
        "Total Revenue": 32,
        "Gross Profit": 4,
        "Operating Income": -1,
        "EBIT": 1,
        "Net Income": -1
    },
    "2009-04-30": {
        "Diluted EPS": -7.72,
        "Total Revenue": 34,
        "Gross Profit": -3,
        "Operating Income": -58,
        "EBIT": -5,
        "Net Income": -46
    },
    "2009-01-31": {
        "Diluted EPS": -0.02,
        "Total Revenue": 36,
        "Gross Profit": 5,
        "Operating Income": -1,
        "EBIT": 2,
        "Net Income": 0
    },
    "2023-07-31": {
        "Tax Effect Of Unusual Items": NaN,
        "Tax Rate For Calcs": NaN,
        "Normalized EBITDA": NaN,
        "Net Income From Continuing Operation Net Minority Interest": NaN,
        "Reconciled Depreciation": NaN,
        "Reconciled Cost Of Revenue": NaN,
        "EBITDA": NaN,
        "EBIT": NaN,
        "Net Interest Income": NaN,
        "Interest Income": NaN,
        "Normalized Income": NaN,
        "Net Income From Continuing And Discontinued Operation": NaN,
        "Total Expenses": NaN,
        "Total Operating Income As Reported": NaN,
        "Diluted Average Shares": 5325000.0,
        "Basic Average Shares": 5292000.0,
        "Diluted EPS": 0.25,
        "Basic EPS": 0.25,
        "Diluted NI Availto Com Stockholders": NaN,
        "Net Income Common Stockholders": NaN,
        "Net Income": NaN,
        "Net Income Including Noncontrolling Interests": NaN,
        "Net Income Continuous Operations": NaN,
        "Tax Provision": NaN,
        "Pretax Income": NaN,
        "Net Non Operating Interest Income Expense": NaN,
        "Interest Income Non Operating": NaN,
        "Operating Income": NaN,
        "Operating Expense": NaN,
        "Selling General And Administration": NaN,
        "General And Administrative Expense": NaN,
        "Other Gand A": NaN,
        "Salaries And Wages": NaN,
        "Gross Profit": NaN,
        "Cost Of Revenue": NaN,
        "Total Revenue": NaN,
        "Operating Revenue": NaN
    },
    "2023-10-31": {
        "Tax Effect Of Unusual Items": NaN,
        "Tax Rate For Calcs": NaN,
        "Normalized EBITDA": NaN,
        "Net Income From Continuing Operation Net Minority Interest": NaN,
        "Reconciled Depreciation": NaN,
        "Reconciled Cost Of Revenue": NaN,
        "EBITDA": NaN,
        "EBIT": NaN,
        "Net Interest Income": NaN,
        "Interest Income": NaN,
        "Normalized Income": NaN,
        "Net Income From Continuing And Discontinued Operation": NaN,
        "Total Expenses": NaN,
        "Total Operating Income As Reported": NaN,
        "Diluted Average Shares": 5339000.0,
        "Basic Average Shares": 5301000.0,
        "Diluted EPS": 0.21,
        "Basic EPS": 0.21,
        "Diluted NI Availto Com Stockholders": NaN,
        "Net Income Common Stockholders": NaN,
        "Net Income": NaN,
        "Net Income Including Noncontrolling Interests": NaN,
        "Net Income Continuous Operations": NaN,
        "Tax Provision": NaN,
        "Pretax Income": NaN,
        "Net Non Operating Interest Income Expense": NaN,
        "Interest Income Non Operating": NaN,
        "Operating Income": NaN,
        "Operating Expense": NaN,
        "Selling General And Administration": NaN,
        "General And Administrative Expense": NaN,
        "Other Gand A": NaN,
        "Salaries And Wages": NaN,
        "Gross Profit": NaN,
        "Cost Of Revenue": NaN,
        "Total Revenue": NaN,
        "Operating Revenue": NaN
    },
    "2024-01-31": {
        "Tax Effect Of Unusual Items": NaN,
        "Tax Rate For Calcs": NaN,
        "Normalized EBITDA": NaN,
        "Net Income From Continuing Operation Net Minority Interest": NaN,
        "Reconciled Depreciation": NaN,
        "Reconciled Cost Of Revenue": NaN,
        "EBITDA": NaN,
        "EBIT": NaN,
        "Net Interest Income": NaN,
        "Interest Income": NaN,
        "Normalized Income": NaN,
        "Net Income From Continuing And Discontinued Operation": NaN,
        "Total Expenses": NaN,
        "Total Operating Income As Reported": NaN,
        "Diluted Average Shares": 5346000.0,
        "Basic Average Shares": 5303000.0,
        "Diluted EPS": 0.02,
        "Basic EPS": 0.02,
        "Diluted NI Availto Com Stockholders": NaN,
        "Net Income Common Stockholders": NaN,
        "Net Income": NaN,
        "Net Income Including Noncontrolling Interests": NaN,
        "Net Income Continuous Operations": NaN,
        "Tax Provision": NaN,
        "Pretax Income": NaN,
        "Net Non Operating Interest Income Expense": NaN,
        "Interest Income Non Operating": NaN,
        "Operating Income": NaN,
        "Operating Expense": NaN,
        "Selling General And Administration": NaN,
        "General And Administrative Expense": NaN,
        "Other Gand A": NaN,
        "Salaries And Wages": 0.0,
        "Gross Profit": NaN,
        "Cost Of Revenue": NaN,
        "Total Revenue": NaN,
        "Operating Revenue": NaN
    },
    "2024-04-30": {
        "Tax Effect Of Unusual Items": NaN,
        "Tax Rate For Calcs": NaN,
        "Normalized EBITDA": NaN,
        "Net Income From Continuing Operation Net Minority Interest": NaN,
        "Reconciled Depreciation": NaN,
        "Reconciled Cost Of Revenue": NaN,
        "EBITDA": NaN,
        "EBIT": NaN,
        "Net Interest Income": NaN,
        "Interest Income": NaN,
        "Normalized Income": NaN,
        "Net Income From Continuing And Discontinued Operation": NaN,
        "Total Expenses": NaN,
        "Total Operating Income As Reported": NaN,
        "Diluted Average Shares": NaN,
        "Basic Average Shares": NaN,
        "Diluted EPS": NaN,
        "Basic EPS": NaN,
        "Diluted NI Availto Com Stockholders": NaN,
        "Net Income Common Stockholders": NaN,
        "Net Income": NaN,
        "Net Income Including Noncontrolling Interests": NaN,
        "Net Income Continuous Operations": NaN,
        "Tax Provision": NaN,
        "Pretax Income": NaN,
        "Net Non Operating Interest Income Expense": NaN,
        "Interest Income Non Operating": NaN,
        "Operating Income": NaN,
        "Operating Expense": NaN,
        "Selling General And Administration": NaN,
        "General And Administrative Expense": NaN,
        "Other Gand A": NaN,
        "Salaries And Wages": 0.0,
        "Gross Profit": NaN,
        "Cost Of Revenue": NaN,
        "Total Revenue": NaN,
        "Operating Revenue": NaN
    },
    "2024-07-31": {
        "Tax Effect Of Unusual Items": NaN,
        "Tax Rate For Calcs": NaN,
        "Normalized EBITDA": NaN,
        "Net Income From Continuing Operation Net Minority Interest": NaN,
        "Reconciled Depreciation": NaN,
        "Reconciled Cost Of Revenue": NaN,
        "EBITDA": NaN,
        "EBIT": NaN,
        "Net Interest Income": NaN,
        "Interest Income": NaN,
        "Normalized Income": NaN,
        "Net Income From Continuing And Discontinued Operation": NaN,
        "Total Expenses": NaN,
        "Total Operating Income As Reported": NaN,
        "Diluted Average Shares": 5353000.0,
        "Basic Average Shares": 5309000.0,
        "Diluted EPS": 0.76,
        "Basic EPS": 0.77,
        "Diluted NI Availto Com Stockholders": NaN,
        "Net Income Common Stockholders": NaN,
        "Net Income": NaN,
        "Net Income Including Noncontrolling Interests": NaN,
        "Net Income Continuous Operations": NaN,
        "Tax Provision": NaN,
        "Pretax Income": NaN,
        "Net Non Operating Interest Income Expense": NaN,
        "Interest Income Non Operating": NaN,
        "Operating Income": NaN,
        "Operating Expense": NaN,
        "Selling General And Administration": NaN,
        "General And Administrative Expense": NaN,
        "Other Gand A": NaN,
        "Gross Profit": NaN,
        "Cost Of Revenue": NaN,
        "Total Revenue": NaN,
        "Operating Revenue": NaN
    },
    "2024-10-31": {
        "Tax Effect Of Unusual Items": 0.0,
        "Tax Rate For Calcs": 0.21,
        "Normalized EBITDA": 3192000.0,
        "Net Income From Continuing Operation Net Minority Interest": 4042000.0,
        "Reconciled Depreciation": 48000.0,
        "Reconciled Cost Of Revenue": 6937000.0,
        "EBITDA": 3192000.0,
        "EBIT": 3144000.0,
        "Net Interest Income": 576000.0,
        "Interest Income": 576000.0,
        "Normalized Income": 4042000.0,
        "Net Income From Continuing And Discontinued Operation": 4042000.0,
        "Total Expenses": 8762000.0,
        "Total Operating Income As Reported": 3144000.0,
        "Diluted Average Shares": 5374000.0,
        "Basic Average Shares": 5320000.0,
        "Diluted EPS": 0.75,
        "Basic EPS": 0.76,
        "Diluted NI Availto Com Stockholders": 4042000.0,
        "Net Income Common Stockholders": 4042000.0,
        "Net Income": 4042000.0,
        "Net Income Including Noncontrolling Interests": 4042000.0,
        "Net Income Continuous Operations": 4042000.0,
        "Tax Provision": -322000.0,
        "Pretax Income": 3720000.0,
        "Net Non Operating Interest Income Expense": 576000.0,
        "Interest Income Non Operating": 576000.0,
        "Operating Income": 3144000.0,
        "Operating Expense": 1825000.0,
        "Selling General And Administration": 1825000.0,
        "General And Administrative Expense": 1825000.0,
        "Other Gand A": 1825000.0,
        "Gross Profit": 4969000.0,
        "Cost Of Revenue": 6937000.0,
        "Total Revenue": 11906000.0,
        "Operating Revenue": 11673000.0
    },
    "2025-01-31": {
        "Tax Effect Of Unusual Items": 0.0,
        "Tax Rate For Calcs": 0.148456,
        "Normalized EBITDA": 466000.0,
        "Net Income From Continuing Operation Net Minority Interest": 717000.0,
        "Reconciled Depreciation": 34000.0,
        "Reconciled Cost Of Revenue": 5213000.0,
        "EBITDA": 466000.0,
        "EBIT": 432000.0,
        "Net Interest Income": 410000.0,
        "Interest Income": 410000.0,
        "Normalized Income": 717000.0,
        "Net Income From Continuing And Discontinued Operation": 717000.0,
        "Total Expenses": 7088000.0,
        "Total Operating Income As Reported": 432000.0,
        "Diluted Average Shares": 5381000.0,
        "Basic Average Shares": 5321000.0,
        "Diluted EPS": 0.13,
        "Basic EPS": 0.13,
        "Diluted NI Availto Com Stockholders": 717000.0,
        "Net Income Common Stockholders": 717000.0,
        "Net Income": 717000.0,
        "Net Income Including Noncontrolling Interests": 717000.0,
        "Net Income Continuous Operations": 717000.0,
        "Tax Provision": 125000.0,
        "Pretax Income": 842000.0,
        "Net Non Operating Interest Income Expense": 410000.0,
        "Interest Income Non Operating": 410000.0,
        "Operating Income": 432000.0,
        "Operating Expense": 1875000.0,
        "Selling General And Administration": 1875000.0,
        "General And Administrative Expense": 1875000.0,
        "Other Gand A": 1875000.0,
        "Gross Profit": 2307000.0,
        "Cost Of Revenue": 5213000.0,
        "Total Revenue": 7520000.0,
        "Operating Revenue": 7372000.0
    },
    "2025-04-30": {
        "Tax Effect Of Unusual Items": 0.0,
        "Tax Rate For Calcs": 0.21,
        "Normalized EBITDA": 3588000.0,
        "Net Income From Continuing Operation Net Minority Interest": 3893000.0,
        "Reconciled Depreciation": 49000.0,
        "Reconciled Cost Of Revenue": 5692000.0,
        "EBITDA": 3588000.0,
        "EBIT": 3539000.0,
        "Net Interest Income": 355000.0,
        "Interest Income": 355000.0,
        "Normalized Income": 3893000.0,
        "Net Income From Continuing And Discontinued Operation": 3893000.0,
        "Total Expenses": 7639000.0,
        "Total Operating Income As Reported": 3539000.0,
        "Diluted Average Shares": NaN,
        "Basic Average Shares": NaN,
        "Diluted EPS": NaN,
        "Basic EPS": NaN,
        "Diluted NI Availto Com Stockholders": 3893000.0,
        "Net Income Common Stockholders": 3893000.0,
        "Net Income": 3893000.0,
        "Net Income Including Noncontrolling Interests": 3893000.0,
        "Net Income Continuous Operations": 3893000.0,
        "Tax Provision": -3000.0,
        "Pretax Income": 3890000.0,
        "Net Non Operating Interest Income Expense": 355000.0,
        "Interest Income Non Operating": 355000.0,
        "Operating Income": 3539000.0,
        "Operating Expense": 1947000.0,
        "Selling General And Administration": 1947000.0,
        "General And Administrative Expense": 1947000.0,
        "Other Gand A": 1947000.0,
        "Gross Profit": 5486000.0,
        "Cost Of Revenue": 5692000.0,
        "Total Revenue": 11178000.0,
        "Operating Revenue": 10979000.0
    },
    "2025-07-31": {
        "Tax Effect Of Unusual Items": 0.0,
        "Tax Rate For Calcs": 0.289306,
        "Normalized EBITDA": 6224000.0,
        "Net Income From Continuing Operation Net Minority Interest": 4692000.0,
        "Reconciled Depreciation": 78000.0,
        "Reconciled Cost Of Revenue": 9858000.0,
        "EBITDA": 6224000.0,
        "EBIT": 6146000.0,
        "Net Interest Income": 456000.0,
        "Interest Income": 456000.0,
        "Normalized Income": 4692000.0,
        "Net Income From Continuing And Discontinued Operation": 4692000.0,
        "Total Expenses": 11705000.0,
        "Total Operating Income As Reported": 6146000.0,
        "Diluted Average Shares": 5375000.0,
        "Basic Average Shares": 5326000.0,
        "Diluted EPS": 0.87,
        "Basic EPS": 0.88,
        "Diluted NI Availto Com Stockholders": 4692000.0,
        "Net Income Common Stockholders": 4692000.0,
        "Net Income": 4692000.0,
        "Net Income Including Noncontrolling Interests": 4692000.0,
        "Net Income Continuous Operations": 4692000.0,
        "Tax Provision": 1910000.0,
        "Pretax Income": 6602000.0,
        "Net Non Operating Interest Income Expense": 456000.0,
        "Interest Income Non Operating": 456000.0,
        "Operating Income": 6146000.0,
        "Operating Expense": 1847000.0,
        "Selling General And Administration": 1847000.0,
        "General And Administrative Expense": 1847000.0,
        "Other Gand A": 1847000.0,
        "Gross Profit": 7993000.0,
        "Cost Of Revenue": 9858000.0,
        "Total Revenue": 17851000.0,
        "Operating Revenue": 17625000.0
    },
    "2025-10-31": {
        "Tax Effect Of Unusual Items": 0.0,
        "Tax Rate For Calcs": 0.239544,
        "Normalized EBITDA": 1201000.0,
        "Net Income From Continuing Operation Net Minority Interest": 1200000.0,
        "Reconciled Depreciation": 82000.0,
        "Reconciled Cost Of Revenue": 6323000.0,
        "EBITDA": 1201000.0,
        "EBIT": 1119000.0,
        "Net Interest Income": 459000.0,
        "Interest Income": 459000.0,
        "Normalized Income": 1200000.0,
        "Net Income From Continuing And Discontinued Operation": 1200000.0,
        "Total Expenses": 8279000.0,
        "Total Operating Income As Reported": 1119000.0,
        "Diluted Average Shares": 5392000.0,
        "Basic Average Shares": 5338000.0,
        "Diluted EPS": 0.22,
        "Basic EPS": 0.22,
        "Diluted NI Availto Com Stockholders": 1200000.0,
        "Net Income Common Stockholders": 1200000.0,
        "Net Income": 1200000.0,
        "Net Income Including Noncontrolling Interests": 1200000.0,
        "Net Income Continuous Operations": 1200000.0,
        "Tax Provision": 378000.0,
        "Pretax Income": 1578000.0,
        "Net Non Operating Interest Income Expense": 459000.0,
        "Interest Income Non Operating": 459000.0,
        "Operating Income": 1119000.0,
        "Operating Expense": 1956000.0,
        "Selling General And Administration": 1956000.0,
        "General And Administrative Expense": 1956000.0,
        "Other Gand A": 1956000.0,
        "Gross Profit": 3075000.0,
        "Cost Of Revenue": 6323000.0,
        "Total Revenue": 9398000.0,
        "Operating Revenue": 9115000.0
    }
}