{
    "2023-03-31": {
        "Tax Effect Of Unusual Items": 0.0,
        "Tax Rate For Calcs": 0.080203,
        "Total Unusual Items": 0.0,
        "Total Unusual Items Excluding Goodwill": 0.0,
        "Net Income From Continuing Operation Net Minority Interest": 180097000.0,
        "Reconciled Depreciation": 14971000.0,
        "EBIT": 215092000.0,
        "Net Interest Income": -16894000.0,
        "Interest Expense": 16894000.0,
        "Normalized Income": 180097000.0,
        "Net Income From Continuing And Discontinued Operation": 180097000.0,
        "Total Expenses": 1140260000.0,
        "Diluted Average Shares": 85853000.0,
        "Basic Average Shares": 84864000.0,
        "Diluted EPS": 2.01,
        "Basic EPS": 2.03,
        "Diluted NI Availto Com Stockholders": 172534000.0,
        "Net Income Common Stockholders": 172534000.0,
        "Preferred Stock Dividends": 7563000.0,
        "Net Income": 180097000.0,
        "Net Income Including Noncontrolling Interests": 180097000.0,
        "Net Income Continuous Operations": 180097000.0,
        "Earnings From Equity Interest Net Of Tax": -2205000.0,
        "Tax Provision": 15896000.0,
        "Pretax Income": 198198000.0,
        "Other Income Expense": 577000.0,
        "Special Income Charges": 0.0,
        "Restructuring And Mergern Acquisition": 0.0,
        "Net Non Operating Interest Income Expense": -16894000.0,
        "Interest Expense Non Operating": 16894000.0,
        "Other Operating Expenses": 2811000.0,
        "Depreciation And Amortization In Income Statement": 2729000.0,
        "Amortization": 2729000.0,
        "Selling General And Administration": 166811000.0,
        "General And Administrative Expense": 166811000.0,
        "Other Gand A": 166811000.0,
        "Total Revenue": 1338458000.0,
        "Operating Revenue": 1338458000.0,
        "Loss Adjustment Expense": 720642000.0,
        "Net Policyholder Benefits And Claims": 720642000.0
    },
    "2022-12-31": {
        "Tax Effect Of Unusual Items": -3287769.375103,
        "Tax Rate For Calcs": 0.346628,
        "Total Unusual Items": -9485000.0,
        "Total Unusual Items Excluding Goodwill": -9485000.0,
        "Net Income From Continuing Operation Net Minority Interest": 48491000.0,
        "Reconciled Depreciation": 15819000.0,
        "EBIT": 95303000.0,
        "Net Interest Income": -16426000.0,
        "Interest Expense": 16426000.0,
        "Normalized Income": 54688230.624897,
        "Net Income From Continuing And Discontinued Operation": 48491000.0,
        "Total Expenses": 1291129000.0,
        "Diluted Average Shares": 85655000.0,
        "Basic Average Shares": 84667000.0,
        "Diluted EPS": 0.48,
        "Basic EPS": 0.48,
        "Diluted NI Availto Com Stockholders": 40929000.0,
        "Net Income Common Stockholders": 40929000.0,
        "Preferred Stock Dividends": 7562000.0,
        "Net Income": 48491000.0,
        "Net Income Including Noncontrolling Interests": 48491000.0,
        "Net Income Continuous Operations": 48491000.0,
        "Earnings From Equity Interest Net Of Tax": -3045000.0,
        "Tax Provision": 27341000.0,
        "Pretax Income": 78877000.0,
        "Other Income Expense": 3075000.0,
        "Special Income Charges": -9485000.0,
        "Restructuring And Mergern Acquisition": 9485000.0,
        "Net Non Operating Interest Income Expense": -16426000.0,
        "Interest Expense Non Operating": 16426000.0,
        "Other Operating Expenses": 1230000.0,
        "Depreciation And Amortization In Income Statement": 2729000.0,
        "Amortization": 2729000.0,
        "Selling General And Administration": 187471000.0,
        "General And Administrative Expense": 187471000.0,
        "Other Gand A": 187471000.0,
        "Total Revenue": 1370006000.0,
        "Operating Revenue": 1370006000.0
    },
    "2022-09-30": {
        "Tax Effect Of Unusual Items": -1031238.683128,
        "Tax Rate For Calcs": 0.165981,
        "Total Unusual Items": -6213000.0,
        "Total Unusual Items Excluding Goodwill": -6213000.0,
        "Net Income From Continuing Operation Net Minority Interest": -9384000.0,
        "Reconciled Depreciation": 21412000.0,
        "EBIT": 13728000.0,
        "Net Interest Income": -15915000.0,
        "Interest Expense": 15915000.0,
        "Normalized Income": -4202238.683128,
        "Net Income From Continuing And Discontinued Operation": -9384000.0,
        "Total Expenses": 1368734000.0,
        "Diluted Average Shares": 84660000.0,
        "Basic Average Shares": 84660000.0,
        "Diluted EPS": -0.2,
        "Basic EPS": -0.2,
        "Diluted NI Availto Com Stockholders": -16947000.0,
        "Net Income Common Stockholders": -16947000.0,
        "Preferred Stock Dividends": 7563000.0,
        "Net Income": -9384000.0,
        "Net Income Including Noncontrolling Interests": -9384000.0,
        "Net Income Continuous Operations": -9384000.0,
        "Earnings From Equity Interest Net Of Tax": -7560000.0,
        "Tax Provision": -363000.0,
        "Pretax Income": -2187000.0,
        "Other Income Expense": 1092000.0,
        "Special Income Charges": -6213000.0,
        "Restructuring And Mergern Acquisition": 6213000.0,
        "Net Non Operating Interest Income Expense": -15915000.0,
        "Interest Expense Non Operating": 15915000.0,
        "Other Operating Expenses": 3210000.0,
        "Depreciation And Amortization In Income Statement": 2729000.0,
        "Amortization": 2729000.0,
        "Selling General And Administration": 158245000.0,
        "General And Administrative Expense": 158245000.0,
        "Other Gand A": 158245000.0,
        "Total Revenue": 1366547000.0,
        "Operating Revenue": 1366547000.0
    },
    "2022-06-30": {
        "Tax Effect Of Unusual Items": -6291200.0,
        "Tax Rate For Calcs": 0.4,
        "Total Unusual Items": -15728000.0,
        "Total Unusual Items Excluding Goodwill": -15728000.0,
        "Net Income From Continuing Operation Net Minority Interest": 34778000.0,
        "Reconciled Depreciation": 2729000.0,
        "EBIT": 44004000.0,
        "Net Interest Income": -15241000.0,
        "Interest Expense": 15241000.0,
        "Normalized Income": 44214800.0,
        "Net Income From Continuing And Discontinued Operation": 34778000.0,
        "Total Expenses": 1226453000.0,
        "Diluted Average Shares": 85843000.0,
        "Basic Average Shares": 85173000.0,
        "Diluted EPS": 0.32,
        "Basic EPS": 0.32,
        "Diluted NI Availto Com Stockholders": 27215000.0,
        "Net Income Common Stockholders": 27215000.0,
        "Preferred Stock Dividends": 7563000.0,
        "Net Income": 34778000.0,
        "Net Income Including Noncontrolling Interests": 34778000.0,
        "Net Income Continuous Operations": 34778000.0,
        "Earnings From Equity Interest Net Of Tax": 1050000.0,
        "Tax Provision": -4965000.0,
        "Pretax Income": 28763000.0,
        "Other Income Expense": 2213000.0,
        "Special Income Charges": -15728000.0,
        "Restructuring And Mergern Acquisition": 15728000.0,
        "Net Non Operating Interest Income Expense": -15241000.0,
        "Interest Expense Non Operating": 15241000.0,
        "Other Operating Expenses": 6911000.0,
        "Depreciation And Amortization In Income Statement": 2729000.0,
        "Amortization": 2729000.0,
        "Selling General And Administration": 165586000.0,
        "General And Administrative Expense": 165586000.0,
        "Other Gand A": 165586000.0,
        "Total Revenue": 1255216000.0,
        "Operating Revenue": 1255216000.0
    },
    "2023-06-30": {
        "Tax Effect Of Unusual Items": 0.0,
        "Tax Rate For Calcs": 0.156462,
        "Total Unusual Items": 0.0,
        "Total Unusual Items Excluding Goodwill": 0.0,
        "Net Income From Continuing Operation Net Minority Interest": 150674000.0,
        "Reconciled Depreciation": 16211000.0,
        "EBIT": 192870000.0,
        "Net Interest Income": -16738000.0,
        "Interest Expense": 16738000.0,
        "Normalized Income": 150674000.0,
        "Net Income From Continuing And Discontinued Operation": 150674000.0,
        "Total Expenses": 1177138000.0,
        "Diluted Average Shares": 85812000.0,
        "Basic Average Shares": 85207000.0,
        "Diluted EPS": 1.67,
        "Basic EPS": 1.68,
        "Diluted NI Availto Com Stockholders": 143111000.0,
        "Net Income Common Stockholders": 143111000.0,
        "Preferred Stock Dividends": 7563000.0,
        "Net Income": 150674000.0,
        "Net Income Including Noncontrolling Interests": 150674000.0,
        "Net Income Continuous Operations": 150674000.0,
        "Earnings From Equity Interest Net Of Tax": 2100000.0,
        "Tax Provision": 27558000.0,
        "Pretax Income": 176132000.0,
        "Other Income Expense": 5524000.0,
        "Special Income Charges": 0.0,
        "Restructuring And Mergern Acquisition": 0.0,
        "Net Non Operating Interest Income Expense": -16738000.0,
        "Interest Expense Non Operating": 16738000.0,
        "Other Operating Expenses": -354000.0,
        "Depreciation And Amortization In Income Statement": 2729000.0,
        "Amortization": 2729000.0,
        "Selling General And Administration": 168503000.0,
        "General And Administrative Expense": 168503000.0,
        "Other Gand A": 168503000.0,
        "Total Revenue": 1353270000.0,
        "Operating Revenue": 1353270000.0,
        "Loss Adjustment Expense": 736257000.0,
        "Net Policyholder Benefits And Claims": 736257000.0
    },
    "2022-03-31": {
        "Diluted EPS": 1.65,
        "Total Revenue": NaN,
        "Gross Profit": 281,
        "Operating Income": 109,
        "EBIT": 136,
        "Net Income": 142
    },
    "2021-12-31": {
        "Diluted EPS": 2.31,
        "Total Revenue": NaN,
        "Gross Profit": 425,
        "Operating Income": 236,
        "EBIT": 264,
        "Net Income": 197
    },
    "2021-09-30": {
        "Diluted EPS": 0.56,
        "Total Revenue": NaN,
        "Gross Profit": 194,
        "Operating Income": 32,
        "EBIT": 58,
        "Net Income": 47
    },
    "2021-06-30": {
        "Diluted EPS": 2.67,
        "Total Revenue": NaN,
        "Gross Profit": 455,
        "Operating Income": 288,
        "EBIT": 317,
        "Net Income": 228
    },
    "2021-03-31": {
        "Diluted EPS": 1.36,
        "Total Revenue": NaN,
        "Gross Profit": 317,
        "Operating Income": 155,
        "EBIT": 179,
        "Net Income": 116
    },
    "2020-12-31": {
        "Diluted EPS": -0.05,
        "Total Revenue": NaN,
        "Gross Profit": 228,
        "Operating Income": 81,
        "EBIT": 110,
        "Net Income": -5
    },
    "2020-09-30": {
        "Diluted EPS": -0.87,
        "Total Revenue": NaN,
        "Gross Profit": 140,
        "Operating Income": -3,
        "EBIT": 24,
        "Net Income": -73
    },
    "2020-06-30": {
        "Diluted EPS": 1.33,
        "Total Revenue": NaN,
        "Gross Profit": 299,
        "Operating Income": 155,
        "EBIT": 179,
        "Net Income": 112
    },
    "2020-03-31": {
        "Diluted EPS": -2.2,
        "Total Revenue": NaN,
        "Gross Profit": -37,
        "Operating Income": -198,
        "EBIT": -175,
        "Net Income": -185
    },
    "2019-12-31": {
        "Diluted EPS": -0.12,
        "Total Revenue": NaN,
        "Gross Profit": 218,
        "Operating Income": 74,
        "EBIT": 100,
        "Net Income": -10
    },
    "2019-09-30": {
        "Diluted EPS": 0.33,
        "Total Revenue": NaN,
        "Gross Profit": 178,
        "Operating Income": 15,
        "EBIT": 40,
        "Net Income": 28
    },
    "2019-06-30": {
        "Diluted EPS": 1.97,
        "Total Revenue": NaN,
        "Gross Profit": 371,
        "Operating Income": 195,
        "EBIT": 223,
        "Net Income": 166
    },
    "2019-03-31": {
        "Diluted EPS": 1.16,
        "Total Revenue": NaN,
        "Gross Profit": 337,
        "Operating Income": 146,
        "EBIT": 188,
        "Net Income": 98
    },
    "2018-12-31": {
        "Diluted EPS": -2.38,
        "Total Revenue": NaN,
        "Gross Profit": -40,
        "Operating Income": -205,
        "EBIT": -202,
        "Net Income": -198
    },
    "2018-09-30": {
        "Diluted EPS": 0.52,
        "Total Revenue": NaN,
        "Gross Profit": 286,
        "Operating Income": 90,
        "EBIT": 145,
        "Net Income": 43
    },
    "2018-06-30": {
        "Diluted EPS": 1.11,
        "Total Revenue": NaN,
        "Gross Profit": 316,
        "Operating Income": 93,
        "EBIT": 163,
        "Net Income": 93
    },
    "2018-03-31": {
        "Diluted EPS": 0.75,
        "Total Revenue": NaN,
        "Gross Profit": 370,
        "Operating Income": 140,
        "EBIT": 218,
        "Net Income": 63
    },
    "2017-12-31": {
        "Diluted EPS": -0.4,
        "Total Revenue": NaN,
        "Gross Profit": 284,
        "Operating Income": 85,
        "EBIT": 158,
        "Net Income": -38
    },
    "2017-09-30": {
        "Diluted EPS": -5.61,
        "Total Revenue": NaN,
        "Gross Profit": -306,
        "Operating Income": -431,
        "EBIT": -413,
        "Net Income": -468
    },
    "2017-06-30": {
        "Diluted EPS": 1.01,
        "Total Revenue": NaN,
        "Gross Profit": 291,
        "Operating Income": 143,
        "EBIT": 158,
        "Net Income": 85
    },
    "2017-03-31": {
        "Diluted EPS": 0.06,
        "Total Revenue": NaN,
        "Gross Profit": 212,
        "Operating Income": 51,
        "EBIT": 70,
        "Net Income": 5
    },
    "2016-12-31": {
        "Diluted EPS": 1.42,
        "Total Revenue": NaN,
        "Gross Profit": 272,
        "Operating Income": 108,
        "EBIT": 130,
        "Net Income": 131
    },
    "2016-09-30": {
        "Diluted EPS": 1.96,
        "Total Revenue": NaN,
        "Gross Profit": 340,
        "Operating Income": 197,
        "EBIT": 220,
        "Net Income": 177
    },
    "2016-06-30": {
        "Diluted EPS": 1.29,
        "Total Revenue": NaN,
        "Gross Profit": 237,
        "Operating Income": 91,
        "EBIT": 113,
        "Net Income": 119
    },
    "2016-03-31": {
        "Diluted EPS": 0.41,
        "Total Revenue": 885,
        "Gross Profit": 205,
        "Operating Income": 55,
        "EBIT": 80,
        "Net Income": 38
    },
    "2015-12-31": {
        "Diluted EPS": 1.37,
        "Total Revenue": 971,
        "Gross Profit": 267,
        "Operating Income": 126,
        "EBIT": 148,
        "Net Income": 135
    },
    "2015-09-30": {
        "Diluted EPS": 2.5,
        "Total Revenue": NaN,
        "Gross Profit": 433,
        "Operating Income": 288,
        "EBIT": 326,
        "Net Income": 248
    },
    "2015-06-30": {
        "Diluted EPS": 0.63,
        "Total Revenue": NaN,
        "Gross Profit": 259,
        "Operating Income": 110,
        "EBIT": 137,
        "Net Income": 63
    },
    "2015-03-31": {
        "Diluted EPS": 1.54,
        "Total Revenue": 961,
        "Gross Profit": 277,
        "Operating Income": 114,
        "EBIT": 152,
        "Net Income": 156
    },
    "2014-12-31": {
        "Diluted EPS": 1.58,
        "Total Revenue": NaN,
        "Gross Profit": 324,
        "Operating Income": 159,
        "EBIT": 196,
        "Net Income": 164
    },
    "2014-09-30": {
        "Diluted EPS": 2.68,
        "Total Revenue": NaN,
        "Gross Profit": 380,
        "Operating Income": 227,
        "EBIT": 262,
        "Net Income": 279
    },
    "2014-06-30": {
        "Diluted EPS": 1.79,
        "Total Revenue": NaN,
        "Gross Profit": 393,
        "Operating Income": 241,
        "EBIT": 262,
        "Net Income": 191
    },
    "2014-03-31": {
        "Diluted EPS": 1.24,
        "Total Revenue": NaN,
        "Gross Profit": 326,
        "Operating Income": 173,
        "EBIT": 220,
        "Net Income": 137
    },
    "2013-12-31": {
        "Diluted EPS": 1.55,
        "Total Revenue": NaN,
        "Gross Profit": 351,
        "Operating Income": 207,
        "EBIT": 248,
        "Net Income": 172
    },
    "2013-09-30": {
        "Diluted EPS": 1.21,
        "Total Revenue": NaN,
        "Gross Profit": 369,
        "Operating Income": 229,
        "EBIT": 267,
        "Net Income": 137
    },
    "2013-06-30": {
        "Diluted EPS": 0.62,
        "Total Revenue": NaN,
        "Gross Profit": 233,
        "Operating Income": 84,
        "EBIT": 123,
        "Net Income": 72
    },
    "2013-03-31": {
        "Diluted EPS": 2.55,
        "Total Revenue": NaN,
        "Gross Profit": 444,
        "Operating Income": 303,
        "EBIT": 348,
        "Net Income": 303
    },
    "2012-12-31": {
        "Diluted EPS": -0.13,
        "Total Revenue": 975,
        "Gross Profit": 156,
        "Operating Income": 15,
        "EBIT": 53,
        "Net Income": -19
    },
    "2012-09-30": {
        "Diluted EPS": 1.82,
        "Total Revenue": NaN,
        "Gross Profit": 416,
        "Operating Income": 282,
        "EBIT": 324,
        "Net Income": 223
    },
    "2012-06-30": {
        "Diluted EPS": 1.35,
        "Total Revenue": 956,
        "Gross Profit": 332,
        "Operating Income": 170,
        "EBIT": 206,
        "Net Income": 168
    },
    "2012-03-31": {
        "Diluted EPS": 0.96,
        "Total Revenue": 978,
        "Gross Profit": 298,
        "Operating Income": 175,
        "EBIT": 208,
        "Net Income": 122
    },
    "2011-12-31": {
        "Diluted EPS": 1.01,
        "Total Revenue": 946,
        "Gross Profit": 205,
        "Operating Income": 95,
        "EBIT": 128,
        "Net Income": 80
    },
    "2011-09-30": {
        "Diluted EPS": 1.66,
        "Total Revenue": 948,
        "Gross Profit": 294,
        "Operating Income": 180,
        "EBIT": 210,
        "Net Income": 212
    },
    "2011-06-30": {
        "Diluted EPS": 0.79,
        "Total Revenue": 978,
        "Gross Profit": 265,
        "Operating Income": 147,
        "EBIT": 170,
        "Net Income": 101
    },
    "2011-03-31": {
        "Diluted EPS": -3.39,
        "Total Revenue": 930,
        "Gross Profit": -225,
        "Operating Income": -342,
        "EBIT": -318,
        "Net Income": -384
    },
    "2010-12-31": {
        "Diluted EPS": 1.94,
        "Total Revenue": 943,
        "Gross Profit": 436,
        "Operating Income": 295,
        "EBIT": 320,
        "Net Income": 264
    },
    "2010-09-30": {
        "Diluted EPS": 1.78,
        "Total Revenue": 948,
        "Gross Profit": 402,
        "Operating Income": 299,
        "EBIT": 318,
        "Net Income": 239
    },
    "2010-06-30": {
        "Diluted EPS": 1.51,
        "Total Revenue": 842,
        "Gross Profit": 315,
        "Operating Income": 209,
        "EBIT": 228,
        "Net Income": 205
    },
    "2010-03-31": {
        "Diluted EPS": 0.79,
        "Total Revenue": 818,
        "Gross Profit": 233,
        "Operating Income": 133,
        "EBIT": 144,
        "Net Income": 112
    },
    "2009-12-31": {
        "Diluted EPS": 1.93,
        "Total Revenue": 868,
        "Gross Profit": 419,
        "Operating Income": 315,
        "EBIT": 326,
        "Net Income": 282
    },
    "2009-09-30": {
        "Diluted EPS": -0.7,
        "Total Revenue": 452,
        "Gross Profit": 27,
        "Operating Income": -65,
        "EBIT": -54,
        "Net Income": -96
    },
    "2009-06-30": {
        "Diluted EPS": 1.06,
        "Total Revenue": 781,
        "Gross Profit": 299,
        "Operating Income": 213,
        "EBIT": 217,
        "Net Income": 159
    },
    "2009-03-31": {
        "Diluted EPS": 0.78,
        "Total Revenue": 715,
        "Gross Profit": 225,
        "Operating Income": 138,
        "EBIT": 145,
        "Net Income": 116
    },
    "2023-09-30": {
        "Tax Effect Of Unusual Items": -3363652.0,
        "Tax Rate For Calcs": 0.116,
        "Total Unusual Items": -28997000.0,
        "Total Unusual Items Excluding Goodwill": -28997000.0,
        "Net Income From Continuing Operation Net Minority Interest": 188098000.0,
        "Reconciled Depreciation": 31196000.0,
        "EBIT": 226227000.0,
        "Net Interest Income": -16445000.0,
        "Interest Expense": 16445000.0,
        "Normalized Income": 213731348.0,
        "Net Income From Continuing And Discontinued Operation": 188098000.0,
        "Total Expenses": 1275324000.0,
        "Diluted Average Shares": NaN,
        "Basic Average Shares": NaN,
        "Diluted EPS": NaN,
        "Basic EPS": NaN,
        "Diluted NI Availto Com Stockholders": 180535000.0,
        "Net Income Common Stockholders": 180535000.0,
        "Preferred Stock Dividends": 7563000.0,
        "Net Income": 188098000.0,
        "Net Income Including Noncontrolling Interests": 188098000.0,
        "Net Income Continuous Operations": 188098000.0,
        "Earnings From Equity Interest Net Of Tax": 2940000.0,
        "Tax Provision": 24624000.0,
        "Pretax Income": 209782000.0,
        "Other Income Expense": 10344000.0,
        "Special Income Charges": -28997000.0,
        "Restructuring And Mergern Acquisition": 28997000.0,
        "Net Non Operating Interest Income Expense": -16445000.0,
        "Interest Expense Non Operating": 16445000.0,
        "Other Operating Expenses": 541000.0,
        "Depreciation And Amortization In Income Statement": 2729000.0,
        "Amortization": 2729000.0,
        "Selling General And Administration": 179283000.0,
        "General And Administrative Expense": 179283000.0,
        "Other Gand A": 179283000.0,
        "Total Revenue": 1485106000.0,
        "Operating Revenue": 1485106000.0,
        "Loss Adjustment Expense": 783940000.0,
        "Net Policyholder Benefits And Claims": 783940000.0
    },
    "2023-12-31": {
        "Tax Effect Of Unusual Items": 0.0,
        "Tax Rate For Calcs": 0.224928,
        "Total Unusual Items": 0.0,
        "Total Unusual Items Excluding Goodwill": 0.0,
        "Net Income From Continuing Operation Net Minority Interest": -142578000.0,
        "Reconciled Depreciation": 13174000.0,
        "EBIT": -167324000.0,
        "Net Interest Income": -18344000.0,
        "Interest Expense": 18344000.0,
        "Normalized Income": -142578000.0,
        "Net Income From Continuing And Discontinued Operation": -142578000.0,
        "Total Expenses": 1598170000.0,
        "Diluted Average Shares": 85268000.0,
        "Basic Average Shares": 85268000.0,
        "Diluted EPS": -1.76,
        "Basic EPS": -1.76,
        "Diluted NI Availto Com Stockholders": -150140000.0,
        "Net Income Common Stockholders": -150140000.0,
        "Preferred Stock Dividends": 7562000.0,
        "Net Income": -142578000.0,
        "Net Income Including Noncontrolling Interests": -142578000.0,
        "Net Income Continuous Operations": -142578000.0,
        "Earnings From Equity Interest Net Of Tax": 1328000.0,
        "Tax Provision": -41762000.0,
        "Pretax Income": -185668000.0,
        "Other Income Expense": 6051000.0,
        "Special Income Charges": 0.0,
        "Restructuring And Mergern Acquisition": 0.0,
        "Net Non Operating Interest Income Expense": -18344000.0,
        "Interest Expense Non Operating": 18344000.0,
        "Other Operating Expenses": 1067000.0,
        "Depreciation And Amortization In Income Statement": 2729000.0,
        "Amortization": 2729000.0,
        "Selling General And Administration": 169850000.0,
        "General And Administrative Expense": 169850000.0,
        "Other Gand A": 169850000.0,
        "Total Revenue": 1412502000.0,
        "Operating Revenue": 1412502000.0,
        "Loss Adjustment Expense": 1152262000.0,
        "Net Policyholder Benefits And Claims": 1152262000.0
    },
    "2024-03-31": {
        "Tax Effect Of Unusual Items": -2582790.0,
        "Tax Rate For Calcs": 0.21,
        "Total Unusual Items": -12299000.0,
        "Total Unusual Items Excluding Goodwill": -12299000.0,
        "Net Income From Continuing Operation Net Minority Interest": 395459000.0,
        "Reconciled Depreciation": 14257000.0,
        "EBIT": 286783000.0,
        "Net Interest Income": -17147000.0,
        "Interest Expense": 17147000.0,
        "Normalized Income": 405175210.0,
        "Net Income From Continuing And Discontinued Operation": 395459000.0,
        "Total Expenses": 1173809000.0,
        "Diluted Average Shares": 85693000.0,
        "Basic Average Shares": 84879000.0,
        "Diluted EPS": 4.53,
        "Basic EPS": 4.57,
        "Diluted NI Availto Com Stockholders": 387896000.0,
        "Net Income Common Stockholders": 387896000.0,
        "Preferred Stock Dividends": 7563000.0,
        "Net Income": 395459000.0,
        "Net Income Including Noncontrolling Interests": 395459000.0,
        "Net Income Continuous Operations": 395459000.0,
        "Earnings From Equity Interest Net Of Tax": 1169000.0,
        "Tax Provision": -124654000.0,
        "Pretax Income": 269636000.0,
        "Other Income Expense": 8340000.0,
        "Special Income Charges": -12299000.0,
        "Restructuring And Mergern Acquisition": 12299000.0,
        "Net Non Operating Interest Income Expense": -17147000.0,
        "Interest Expense Non Operating": 17147000.0,
        "Other Operating Expenses": -4664000.0,
        "Depreciation And Amortization In Income Statement": 2729000.0,
        "Amortization": 2729000.0,
        "Selling General And Administration": 163373000.0,
        "General And Administrative Expense": 163373000.0,
        "Other Gand A": 163373000.0,
        "Total Revenue": 1443445000.0,
        "Operating Revenue": 1443445000.0,
        "Loss Adjustment Expense": 728671000.0,
        "Net Policyholder Benefits And Claims": 728671000.0
    },
    "2024-06-30": {
        "Tax Effect Of Unusual Items": -2322976.718136,
        "Tax Rate For Calcs": 0.165761,
        "Total Unusual Items": -14014000.0,
        "Total Unusual Items Excluding Goodwill": -14014000.0,
        "Net Income From Continuing Operation Net Minority Interest": 211964000.0,
        "Reconciled Depreciation": 13636000.0,
        "EBIT": 261621000.0,
        "Net Interest Income": -17010000.0,
        "Interest Expense": 17010000.0,
        "Normalized Income": 223655023.281864,
        "Net Income From Continuing And Discontinued Operation": 211964000.0,
        "Total Expenses": 1226236000.0,
        "Diluted Average Shares": 85326000.0,
        "Basic Average Shares": 84475000.0,
        "Diluted EPS": 2.4,
        "Basic EPS": 2.42,
        "Diluted NI Availto Com Stockholders": 204401000.0,
        "Net Income Common Stockholders": 204401000.0,
        "Preferred Stock Dividends": 7563000.0,
        "Net Income": 211964000.0,
        "Net Income Including Noncontrolling Interests": 211964000.0,
        "Net Income Continuous Operations": 211964000.0,
        "Earnings From Equity Interest Net Of Tax": 7900000.0,
        "Tax Provision": 40547000.0,
        "Pretax Income": 244611000.0,
        "Other Income Expense": 8526000.0,
        "Special Income Charges": -14014000.0,
        "Restructuring And Mergern Acquisition": 14014000.0,
        "Net Non Operating Interest Income Expense": -17010000.0,
        "Interest Expense Non Operating": 17010000.0,
        "Other Operating Expenses": 12963000.0,
        "Depreciation And Amortization In Income Statement": 2729000.0,
        "Amortization": 2729000.0,
        "Selling General And Administration": 148441000.0,
        "General And Administrative Expense": 148441000.0,
        "Other Gand A": 148441000.0,
        "Total Revenue": 1470847000.0,
        "Operating Revenue": 1470847000.0,
        "Loss Adjustment Expense": 765988000.0,
        "Net Policyholder Benefits And Claims": 765988000.0
    },
    "2024-09-30": {
        "Tax Effect Of Unusual Items": 0.0,
        "Tax Rate For Calcs": 0.21,
        "Total Unusual Items": 0.0,
        "Total Unusual Items Excluding Goodwill": 0.0,
        "Net Income From Continuing Operation Net Minority Interest": 180728000.0,
        "Reconciled Depreciation": 14278000.0,
        "EBIT": 243878000.0,
        "Net Interest Income": -16849000.0,
        "Interest Expense": 16849000.0,
        "Normalized Income": 180728000.0,
        "Net Income From Continuing And Discontinued Operation": 180728000.0,
        "Total Expenses": 1292931000.0,
        "Diluted Average Shares": 85000000.0,
        "Basic Average Shares": 83936000.0,
        "Diluted EPS": 2.04,
        "Basic EPS": 2.06,
        "Diluted NI Availto Com Stockholders": 173165000.0,
        "Net Income Common Stockholders": 173165000.0,
        "Preferred Stock Dividends": 7563000.0,
        "Net Income": 180728000.0,
        "Net Income Including Noncontrolling Interests": 180728000.0,
        "Net Income Continuous Operations": 180728000.0,
        "Earnings From Equity Interest Net Of Tax": 1621000.0,
        "Tax Provision": 47922000.0,
        "Pretax Income": 227029000.0,
        "Other Income Expense": 6838000.0,
        "Special Income Charges": 0.0,
        "Restructuring And Mergern Acquisition": 0.0,
        "Net Non Operating Interest Income Expense": -16849000.0,
        "Interest Expense Non Operating": 16849000.0,
        "Other Operating Expenses": 1343000.0,
        "Depreciation And Amortization In Income Statement": 2729000.0,
        "Amortization": 2729000.0,
        "Selling General And Administration": 165203000.0,
        "General And Administrative Expense": 165203000.0,
        "Other Gand A": 165203000.0,
        "Total Revenue": 1519960000.0,
        "Operating Revenue": 1519960000.0,
        "Loss Adjustment Expense": 831872000.0,
        "Net Policyholder Benefits And Claims": 831872000.0
    },
    "2024-12-31": {
        "Tax Effect Of Unusual Items": 0.0,
        "Tax Rate For Calcs": 0.21,
        "Total Unusual Items": 0.0,
        "Total Unusual Items Excluding Goodwill": 0.0,
        "Net Income From Continuing Operation Net Minority Interest": 293633000.0,
        "Reconciled Depreciation": 13135000.0,
        "EBIT": 283720000.0,
        "Net Interest Income": -16761000.0,
        "Interest Expense": 16761000.0,
        "Normalized Income": 293633000.0,
        "Net Income From Continuing And Discontinued Operation": 293633000.0,
        "Total Expenses": 1311469000.0,
        "Diluted Average Shares": 84695000.0,
        "Basic Average Shares": 83380000.0,
        "Diluted EPS": 3.38,
        "Basic EPS": 3.43,
        "Diluted NI Availto Com Stockholders": 286071000.0,
        "Net Income Common Stockholders": 286071000.0,
        "Preferred Stock Dividends": 7562000.0,
        "Net Income": 293633000.0,
        "Net Income Including Noncontrolling Interests": 293633000.0,
        "Net Income Continuous Operations": 293633000.0,
        "Earnings From Equity Interest Net Of Tax": 7264000.0,
        "Tax Provision": -19410000.0,
        "Pretax Income": 266959000.0,
        "Other Income Expense": 7017000.0,
        "Special Income Charges": 0.0,
        "Restructuring And Mergern Acquisition": 0.0,
        "Net Non Operating Interest Income Expense": -16761000.0,
        "Interest Expense Non Operating": 16761000.0,
        "Other Operating Expenses": -5433000.0,
        "Depreciation And Amortization In Income Statement": 2729000.0,
        "Amortization": 2729000.0,
        "Selling General And Administration": 189186000.0,
        "General And Administrative Expense": 189186000.0,
        "Other Gand A": 189186000.0,
        "Total Revenue": 1578428000.0,
        "Operating Revenue": 1578428000.0,
        "Loss Adjustment Expense": 831955000.0,
        "Net Policyholder Benefits And Claims": 831955000.0
    }
}