{
    "2023-03-31": {
        "Tax Effect Of Unusual Items": NaN,
        "Tax Rate For Calcs": NaN,
        "Normalized EBITDA": NaN,
        "Total Unusual Items": -213000.0,
        "Total Unusual Items Excluding Goodwill": -213000.0,
        "Net Income From Continuing Operation Net Minority Interest": NaN,
        "Reconciled Depreciation": NaN,
        "Reconciled Cost Of Revenue": NaN,
        "EBITDA": NaN,
        "EBIT": NaN,
        "Net Interest Income": NaN,
        "Interest Expense": NaN,
        "Normalized Income": NaN,
        "Net Income From Continuing And Discontinued Operation": NaN,
        "Total Expenses": NaN,
        "Total Operating Income As Reported": NaN,
        "Diluted Average Shares": NaN,
        "Basic Average Shares": NaN,
        "Diluted EPS": NaN,
        "Basic EPS": NaN,
        "Diluted NI Availto Com Stockholders": NaN,
        "Net Income Common Stockholders": NaN,
        "Preferred Stock Dividends": NaN,
        "Net Income": NaN,
        "Minority Interests": NaN,
        "Net Income Including Noncontrolling Interests": NaN,
        "Net Income Continuous Operations": NaN,
        "Tax Provision": NaN,
        "Pretax Income": NaN,
        "Other Income Expense": NaN,
        "Other Non Operating Income Expenses": NaN,
        "Earnings From Equity Interest": NaN,
        "Gain On Sale Of Security": -213000.0,
        "Net Non Operating Interest Income Expense": NaN,
        "Interest Expense Non Operating": NaN,
        "Operating Income": NaN,
        "Operating Expense": NaN,
        "Other Operating Expenses": -473000.0,
        "Research And Development": NaN,
        "Selling General And Administration": NaN,
        "Gross Profit": NaN,
        "Cost Of Revenue": NaN,
        "Total Revenue": NaN,
        "Operating Revenue": NaN
    },
    "2022-12-31": {
        "Tax Effect Of Unusual Items": NaN,
        "Tax Rate For Calcs": NaN,
        "Normalized EBITDA": NaN,
        "Total Unusual Items": NaN,
        "Total Unusual Items Excluding Goodwill": NaN,
        "Net Income From Continuing Operation Net Minority Interest": NaN,
        "Reconciled Depreciation": NaN,
        "Reconciled Cost Of Revenue": NaN,
        "EBITDA": NaN,
        "EBIT": NaN,
        "Net Interest Income": NaN,
        "Interest Expense": NaN,
        "Normalized Income": NaN,
        "Net Income From Continuing And Discontinued Operation": NaN,
        "Total Expenses": NaN,
        "Total Operating Income As Reported": NaN,
        "Diluted Average Shares": NaN,
        "Basic Average Shares": NaN,
        "Diluted EPS": NaN,
        "Basic EPS": NaN,
        "Diluted NI Availto Com Stockholders": NaN,
        "Net Income Common Stockholders": NaN,
        "Preferred Stock Dividends": 45000.0,
        "Net Income": NaN,
        "Minority Interests": NaN,
        "Net Income Including Noncontrolling Interests": NaN,
        "Net Income Continuous Operations": NaN,
        "Tax Provision": NaN,
        "Pretax Income": NaN,
        "Other Income Expense": NaN,
        "Other Non Operating Income Expenses": NaN,
        "Earnings From Equity Interest": NaN,
        "Gain On Sale Of Security": NaN,
        "Net Non Operating Interest Income Expense": NaN,
        "Interest Expense Non Operating": NaN,
        "Operating Income": NaN,
        "Operating Expense": NaN,
        "Other Operating Expenses": NaN,
        "Research And Development": NaN,
        "Selling General And Administration": NaN,
        "Gross Profit": NaN,
        "Cost Of Revenue": NaN,
        "Total Revenue": NaN,
        "Operating Revenue": NaN
    },
    "2022-09-30": {
        "Tax Effect Of Unusual Items": NaN,
        "Tax Rate For Calcs": NaN,
        "Normalized EBITDA": NaN,
        "Total Unusual Items": NaN,
        "Total Unusual Items Excluding Goodwill": NaN,
        "Net Income From Continuing Operation Net Minority Interest": NaN,
        "Reconciled Depreciation": NaN,
        "Reconciled Cost Of Revenue": NaN,
        "EBITDA": NaN,
        "EBIT": NaN,
        "Net Interest Income": NaN,
        "Interest Expense": NaN,
        "Normalized Income": NaN,
        "Net Income From Continuing And Discontinued Operation": NaN,
        "Total Expenses": NaN,
        "Total Operating Income As Reported": NaN,
        "Diluted Average Shares": NaN,
        "Basic Average Shares": NaN,
        "Diluted EPS": NaN,
        "Basic EPS": NaN,
        "Diluted NI Availto Com Stockholders": NaN,
        "Net Income Common Stockholders": NaN,
        "Preferred Stock Dividends": 44000.0,
        "Net Income": NaN,
        "Minority Interests": NaN,
        "Net Income Including Noncontrolling Interests": NaN,
        "Net Income Continuous Operations": NaN,
        "Tax Provision": NaN,
        "Pretax Income": NaN,
        "Other Income Expense": NaN,
        "Other Non Operating Income Expenses": NaN,
        "Earnings From Equity Interest": NaN,
        "Gain On Sale Of Security": NaN,
        "Net Non Operating Interest Income Expense": NaN,
        "Interest Expense Non Operating": NaN,
        "Operating Income": NaN,
        "Operating Expense": NaN,
        "Other Operating Expenses": NaN,
        "Research And Development": NaN,
        "Selling General And Administration": NaN,
        "Gross Profit": NaN,
        "Cost Of Revenue": NaN,
        "Total Revenue": NaN,
        "Operating Revenue": NaN
    },
    "2022-06-30": {
        "Tax Effect Of Unusual Items": 0.0,
        "Tax Rate For Calcs": 0.135631,
        "Normalized EBITDA": 5289000.0,
        "Net Income From Continuing Operation Net Minority Interest": 5546000.0,
        "Reconciled Depreciation": 2012000.0,
        "Reconciled Cost Of Revenue": 24052000.0,
        "EBITDA": 5289000.0,
        "EBIT": 5289000.0,
        "Net Interest Income": -188000.0,
        "Interest Expense": NaN,
        "Normalized Income": 5546000.0,
        "Net Income From Continuing And Discontinued Operation": 5546000.0,
        "Total Expenses": 34198000.0,
        "Total Operating Income As Reported": 5289000.0,
        "Diluted Average Shares": 42511000.0,
        "Basic Average Shares": 42001000.0,
        "Diluted EPS": 0.13,
        "Basic EPS": 0.13,
        "Diluted NI Availto Com Stockholders": 5546000.0,
        "Net Income Common Stockholders": 5546000.0,
        "Preferred Stock Dividends": 44000.0,
        "Net Income": 5546000.0,
        "Minority Interests": -999000.0,
        "Net Income Including Noncontrolling Interests": 6545000.0,
        "Net Income Continuous Operations": 6545000.0,
        "Tax Provision": 1027000.0,
        "Pretax Income": 7572000.0,
        "Other Income Expense": 2471000.0,
        "Other Non Operating Income Expenses": 294000.0,
        "Earnings From Equity Interest": 2177000.0,
        "Net Non Operating Interest Income Expense": -188000.0,
        "Total Other Finance Cost": 188000.0,
        "Interest Expense Non Operating": NaN,
        "Operating Income": 5289000.0,
        "Operating Expense": 10146000.0,
        "Research And Development": 3453000.0,
        "Selling General And Administration": 6693000.0,
        "Gross Profit": 15435000.0,
        "Cost Of Revenue": 24052000.0,
        "Total Revenue": 39487000.0,
        "Operating Revenue": 39487000.0
    },
    "2022-03-31": {
        "Diluted EPS": 0.07,
        "Total Revenue": 40,
        "Gross Profit": 13,
        "Operating Income": 4,
        "EBIT": 6,
        "Net Income": 3
    },
    "2021-12-31": {
        "Diluted EPS": 0.07,
        "Total Revenue": 38,
        "Gross Profit": 12,
        "Operating Income": 3,
        "EBIT": 5,
        "Net Income": 3
    },
    "2021-09-30": {
        "Diluted EPS": 0.09,
        "Total Revenue": 35,
        "Gross Profit": 12,
        "Operating Income": 2,
        "EBIT": 4,
        "Net Income": 4
    },
    "2021-06-30": {
        "Diluted EPS": 0.1,
        "Total Revenue": 34,
        "Gross Profit": 12,
        "Operating Income": 4,
        "EBIT": 6,
        "Net Income": 4
    },
    "2021-03-31": {
        "Diluted EPS": 0.08,
        "Total Revenue": 31,
        "Gross Profit": 12,
        "Operating Income": 4,
        "EBIT": 5,
        "Net Income": 3
    },
    "2020-12-31": {
        "Diluted EPS": 0.05,
        "Total Revenue": 27,
        "Gross Profit": 9,
        "Operating Income": 2,
        "EBIT": 3,
        "Net Income": 2
    },
    "2020-09-30": {
        "Diluted EPS": 0.02,
        "Total Revenue": 25,
        "Gross Profit": 9,
        "Operating Income": 2,
        "EBIT": 3,
        "Net Income": 1
    },
    "2020-06-30": {
        "Diluted EPS": 0.01,
        "Total Revenue": 22,
        "Gross Profit": 7,
        "Operating Income": 0,
        "EBIT": 1,
        "Net Income": 0
    },
    "2020-03-31": {
        "Diluted EPS": -0.01,
        "Total Revenue": 21,
        "Gross Profit": 6,
        "Operating Income": -1,
        "EBIT": 0,
        "Net Income": 0
    },
    "2019-12-31": {
        "Diluted EPS": -0.06,
        "Total Revenue": 18,
        "Gross Profit": 4,
        "Operating Income": -3,
        "EBIT": -1,
        "Net Income": -2
    },
    "2019-09-30": {
        "Diluted EPS": -0.02,
        "Total Revenue": 20,
        "Gross Profit": 6,
        "Operating Income": 0,
        "EBIT": 1,
        "Net Income": -1
    },
    "2019-06-30": {
        "Diluted EPS": 0.04,
        "Total Revenue": 25,
        "Gross Profit": 9,
        "Operating Income": 2,
        "EBIT": 4,
        "Net Income": 1
    },
    "2019-03-31": {
        "Diluted EPS": -0.03,
        "Total Revenue": 20,
        "Gross Profit": 7,
        "Operating Income": 1,
        "EBIT": 2,
        "Net Income": -1
    },
    "2018-12-31": {
        "Diluted EPS": -0.03,
        "Total Revenue": 22,
        "Gross Profit": 6,
        "Operating Income": -1,
        "EBIT": 1,
        "Net Income": -1
    },
    "2018-09-30": {
        "Diluted EPS": 0.1,
        "Total Revenue": 29,
        "Gross Profit": 11,
        "Operating Income": 4,
        "EBIT": 6,
        "Net Income": 4
    },
    "2018-06-30": {
        "Diluted EPS": 0.1,
        "Total Revenue": 27,
        "Gross Profit": 11,
        "Operating Income": 5,
        "EBIT": 6,
        "Net Income": 4
    },
    "2018-03-31": {
        "Diluted EPS": 0.07,
        "Total Revenue": 24,
        "Gross Profit": 10,
        "Operating Income": 4,
        "EBIT": 5,
        "Net Income": 3
    },
    "2017-12-31": {
        "Diluted EPS": 0.08,
        "Total Revenue": 26,
        "Gross Profit": 10,
        "Operating Income": 4,
        "EBIT": 5,
        "Net Income": 3
    },
    "2017-09-30": {
        "Diluted EPS": 0.11,
        "Total Revenue": 28,
        "Gross Profit": 11,
        "Operating Income": 5,
        "EBIT": 6,
        "Net Income": 4
    },
    "2017-06-30": {
        "Diluted EPS": 0.05,
        "Total Revenue": 24,
        "Gross Profit": 7,
        "Operating Income": 2,
        "EBIT": 3,
        "Net Income": 2
    },
    "2017-03-31": {
        "Diluted EPS": 0.02,
        "Total Revenue": 21,
        "Gross Profit": 6,
        "Operating Income": 1,
        "EBIT": 3,
        "Net Income": 1
    },
    "2016-12-31": {
        "Diluted EPS": 0.07,
        "Total Revenue": 20,
        "Gross Profit": 8,
        "Operating Income": 2,
        "EBIT": 4,
        "Net Income": 2
    },
    "2016-09-30": {
        "Diluted EPS": 0.07,
        "Total Revenue": 22,
        "Gross Profit": 8,
        "Operating Income": 3,
        "EBIT": 4,
        "Net Income": 2
    },
    "2016-06-30": {
        "Diluted EPS": 0.03,
        "Total Revenue": 20,
        "Gross Profit": 6,
        "Operating Income": 1,
        "EBIT": 2,
        "Net Income": 1
    },
    "2016-03-31": {
        "Diluted EPS": 0.0,
        "Total Revenue": 19,
        "Gross Profit": 5,
        "Operating Income": 0,
        "EBIT": 2,
        "Net Income": 0
    },
    "2015-12-31": {
        "Diluted EPS": -0.04,
        "Total Revenue": 18,
        "Gross Profit": 3,
        "Operating Income": -2,
        "EBIT": 0,
        "Net Income": -1
    },
    "2015-09-30": {
        "Diluted EPS": 0.0,
        "Total Revenue": 18,
        "Gross Profit": 5,
        "Operating Income": -1,
        "EBIT": 1,
        "Net Income": 0
    },
    "2015-06-30": {
        "Diluted EPS": 0.0,
        "Total Revenue": 21,
        "Gross Profit": 4,
        "Operating Income": -1,
        "EBIT": 1,
        "Net Income": 0
    },
    "2015-03-31": {
        "Diluted EPS": -0.03,
        "Total Revenue": 20,
        "Gross Profit": 5,
        "Operating Income": -2,
        "EBIT": 0,
        "Net Income": -1
    },
    "2014-12-31": {
        "Diluted EPS": -0.02,
        "Total Revenue": 20,
        "Gross Profit": 5,
        "Operating Income": -1,
        "EBIT": 1,
        "Net Income": 0
    },
    "2014-09-30": {
        "Diluted EPS": 0.02,
        "Total Revenue": 23,
        "Gross Profit": 5,
        "Operating Income": 1,
        "EBIT": 2,
        "Net Income": 1
    },
    "2014-06-30": {
        "Diluted EPS": 0.01,
        "Total Revenue": 21,
        "Gross Profit": 4,
        "Operating Income": -1,
        "EBIT": 1,
        "Net Income": 0
    },
    "2014-03-31": {
        "Diluted EPS": -0.06,
        "Total Revenue": 19,
        "Gross Profit": 3,
        "Operating Income": -2,
        "EBIT": -1,
        "Net Income": -2
    },
    "2013-12-31": {
        "Diluted EPS": -0.04,
        "Total Revenue": 19,
        "Gross Profit": 3,
        "Operating Income": -2,
        "EBIT": 0,
        "Net Income": -1
    },
    "2013-09-30": {
        "Diluted EPS": -0.07,
        "Total Revenue": 21,
        "Gross Profit": 2,
        "Operating Income": -3,
        "EBIT": -1,
        "Net Income": -2
    },
    "2013-06-30": {
        "Diluted EPS": -0.06,
        "Total Revenue": 24,
        "Gross Profit": 3,
        "Operating Income": -2,
        "EBIT": -1,
        "Net Income": -2
    },
    "2013-03-31": {
        "Diluted EPS": -0.08,
        "Total Revenue": 22,
        "Gross Profit": 3,
        "Operating Income": -1,
        "EBIT": 0,
        "Net Income": -2
    },
    "2012-12-31": {
        "Diluted EPS": -0.03,
        "Total Revenue": 19,
        "Gross Profit": 4,
        "Operating Income": -1,
        "EBIT": 0,
        "Net Income": -1
    },
    "2012-09-30": {
        "Diluted EPS": 0.03,
        "Total Revenue": 21,
        "Gross Profit": 5,
        "Operating Income": 1,
        "EBIT": 2,
        "Net Income": 1
    },
    "2012-06-30": {
        "Diluted EPS": 0.04,
        "Total Revenue": 25,
        "Gross Profit": 8,
        "Operating Income": 3,
        "EBIT": 4,
        "Net Income": 1
    },
    "2012-03-31": {
        "Diluted EPS": 0.05,
        "Total Revenue": 23,
        "Gross Profit": 8,
        "Operating Income": 4,
        "EBIT": 5,
        "Net Income": 2
    },
    "2011-12-31": {
        "Diluted EPS": 0.08,
        "Total Revenue": 21,
        "Gross Profit": 8,
        "Operating Income": 3,
        "EBIT": 4,
        "Net Income": 3
    },
    "2011-09-30": {
        "Diluted EPS": 0.19,
        "Total Revenue": 28,
        "Gross Profit": 12,
        "Operating Income": 8,
        "EBIT": 9,
        "Net Income": 6
    },
    "2011-06-30": {
        "Diluted EPS": 0.21,
        "Total Revenue": 30,
        "Gross Profit": 14,
        "Operating Income": 10,
        "EBIT": 11,
        "Net Income": 7
    },
    "2011-03-31": {
        "Diluted EPS": 0.13,
        "Total Revenue": 25,
        "Gross Profit": 11,
        "Operating Income": 6,
        "EBIT": 7,
        "Net Income": 4
    },
    "2010-12-31": {
        "Diluted EPS": 0.15,
        "Total Revenue": 27,
        "Gross Profit": 11,
        "Operating Income": 6,
        "EBIT": 7,
        "Net Income": 5
    },
    "2010-09-30": {
        "Diluted EPS": 0.17,
        "Total Revenue": 27,
        "Gross Profit": 11,
        "Operating Income": 7,
        "EBIT": 8,
        "Net Income": 6
    },
    "2010-06-30": {
        "Diluted EPS": 0.17,
        "Total Revenue": 23,
        "Gross Profit": 9,
        "Operating Income": 5,
        "EBIT": 6,
        "Net Income": 5
    },
    "2010-03-31": {
        "Diluted EPS": 0.08,
        "Total Revenue": 19,
        "Gross Profit": 7,
        "Operating Income": 3,
        "EBIT": 4,
        "Net Income": 3
    },
    "2009-12-31": {
        "Diluted EPS": 0.08,
        "Total Revenue": 18,
        "Gross Profit": 6,
        "Operating Income": 3,
        "EBIT": 4,
        "Net Income": 3
    },
    "2009-09-30": {
        "Diluted EPS": 0.07,
        "Total Revenue": 17,
        "Gross Profit": 6,
        "Operating Income": 2,
        "EBIT": 3,
        "Net Income": 2
    },
    "2009-06-30": {
        "Diluted EPS": -0.04,
        "Total Revenue": 13,
        "Gross Profit": 3,
        "Operating Income": -1,
        "EBIT": -1,
        "Net Income": -1
    },
    "2009-03-31": {
        "Diluted EPS": -0.18,
        "Total Revenue": 8,
        "Gross Profit": 0,
        "Operating Income": -5,
        "EBIT": -4,
        "Net Income": -6
    },
    "2023-06-30": {
        "Tax Effect Of Unusual Items": NaN,
        "Tax Rate For Calcs": NaN,
        "Normalized EBITDA": NaN,
        "Total Unusual Items": NaN,
        "Total Unusual Items Excluding Goodwill": NaN,
        "Net Income From Continuing Operation Net Minority Interest": NaN,
        "Reconciled Depreciation": NaN,
        "Reconciled Cost Of Revenue": NaN,
        "EBITDA": NaN,
        "EBIT": NaN,
        "Net Interest Income": NaN,
        "Interest Expense": NaN,
        "Normalized Income": NaN,
        "Net Income From Continuing And Discontinued Operation": NaN,
        "Total Expenses": NaN,
        "Total Operating Income As Reported": NaN,
        "Diluted Average Shares": NaN,
        "Basic Average Shares": NaN,
        "Diluted EPS": NaN,
        "Basic EPS": NaN,
        "Diluted NI Availto Com Stockholders": NaN,
        "Net Income Common Stockholders": NaN,
        "Preferred Stock Dividends": 44000.0,
        "Net Income": NaN,
        "Minority Interests": NaN,
        "Net Income Including Noncontrolling Interests": NaN,
        "Net Income Continuous Operations": NaN,
        "Tax Provision": NaN,
        "Pretax Income": NaN,
        "Other Income Expense": NaN,
        "Other Non Operating Income Expenses": NaN,
        "Earnings From Equity Interest": NaN,
        "Gain On Sale Of Security": NaN,
        "Net Non Operating Interest Income Expense": NaN,
        "Interest Expense Non Operating": NaN,
        "Operating Income": NaN,
        "Operating Expense": NaN,
        "Other Operating Expenses": NaN,
        "Research And Development": NaN,
        "Selling General And Administration": NaN,
        "Gross Profit": NaN,
        "Cost Of Revenue": NaN,
        "Total Revenue": NaN,
        "Operating Revenue": NaN
    },
    "2023-09-30": {
        "Tax Effect Of Unusual Items": NaN,
        "Tax Rate For Calcs": NaN,
        "Normalized EBITDA": NaN,
        "Total Unusual Items": NaN,
        "Total Unusual Items Excluding Goodwill": NaN,
        "Net Income From Continuing Operation Net Minority Interest": NaN,
        "Reconciled Depreciation": NaN,
        "Reconciled Cost Of Revenue": NaN,
        "EBITDA": NaN,
        "EBIT": NaN,
        "Net Interest Income": NaN,
        "Interest Expense": NaN,
        "Normalized Income": NaN,
        "Net Income From Continuing And Discontinued Operation": NaN,
        "Total Expenses": NaN,
        "Total Operating Income As Reported": NaN,
        "Diluted Average Shares": 42638000.0,
        "Basic Average Shares": 42638000.0,
        "Diluted EPS": -0.14,
        "Basic EPS": -0.14,
        "Diluted NI Availto Com Stockholders": NaN,
        "Net Income Common Stockholders": NaN,
        "Preferred Stock Dividends": 44000.0,
        "Net Income": NaN,
        "Minority Interests": NaN,
        "Net Income Including Noncontrolling Interests": NaN,
        "Net Income Continuous Operations": NaN,
        "Tax Provision": NaN,
        "Pretax Income": NaN,
        "Other Income Expense": NaN,
        "Other Non Operating Income Expenses": NaN,
        "Earnings From Equity Interest": NaN,
        "Gain On Sale Of Security": NaN,
        "Net Non Operating Interest Income Expense": NaN,
        "Interest Expense Non Operating": NaN,
        "Operating Income": NaN,
        "Operating Expense": NaN,
        "Other Operating Expenses": NaN,
        "Research And Development": NaN,
        "Selling General And Administration": NaN,
        "Gross Profit": NaN,
        "Cost Of Revenue": NaN,
        "Total Revenue": NaN,
        "Operating Revenue": NaN
    },
    "2023-12-31": {
        "Tax Effect Of Unusual Items": 0.0,
        "Tax Rate For Calcs": 0.21,
        "Normalized EBITDA": -825000.0,
        "Total Unusual Items": NaN,
        "Total Unusual Items Excluding Goodwill": NaN,
        "Net Income From Continuing Operation Net Minority Interest": -3621000.0,
        "Reconciled Depreciation": 2298000.0,
        "Reconciled Cost Of Revenue": 15802000.0,
        "EBITDA": -825000.0,
        "EBIT": -3123000.0,
        "Net Interest Income": -384000.0,
        "Interest Expense": 384000.0,
        "Normalized Income": -3621000.0,
        "Net Income From Continuing And Discontinued Operation": -3621000.0,
        "Total Expenses": 21432000.0,
        "Total Operating Income As Reported": -3560000.0,
        "Diluted Average Shares": 42851000.0,
        "Basic Average Shares": 42851000.0,
        "Diluted EPS": -0.09,
        "Basic EPS": -0.09,
        "Diluted NI Availto Com Stockholders": -3798000.0,
        "Net Income Common Stockholders": -3798000.0,
        "Preferred Stock Dividends": NaN,
        "Net Income": -3621000.0,
        "Minority Interests": 138000.0,
        "Net Income Including Noncontrolling Interests": -3759000.0,
        "Net Income Continuous Operations": -3759000.0,
        "Tax Provision": 252000.0,
        "Pretax Income": -3507000.0,
        "Other Income Expense": -2120000.0,
        "Other Non Operating Income Expenses": -1829000.0,
        "Earnings From Equity Interest": -460000.0,
        "Gain On Sale Of Security": NaN,
        "Net Non Operating Interest Income Expense": -384000.0,
        "Interest Expense Non Operating": 384000.0,
        "Operating Income": -1003000.0,
        "Operating Expense": 5630000.0,
        "Other Operating Expenses": NaN,
        "Research And Development": 2820000.0,
        "Selling General And Administration": 5367000.0,
        "Gross Profit": 4627000.0,
        "Cost Of Revenue": 15802000.0,
        "Total Revenue": 20429000.0,
        "Operating Revenue": 20429000.0
    },
    "2024-03-31": {
        "Tax Effect Of Unusual Items": 0.0,
        "Tax Rate For Calcs": 0.21,
        "Normalized EBITDA": 767000.0,
        "Total Unusual Items": 58000.0,
        "Total Unusual Items Excluding Goodwill": 58000.0,
        "Net Income From Continuing Operation Net Minority Interest": -2083000.0,
        "Reconciled Depreciation": 2192000.0,
        "Reconciled Cost Of Revenue": 16594000.0,
        "EBITDA": 767000.0,
        "EBIT": -1425000.0,
        "Net Interest Income": -349000.0,
        "Interest Expense": 349000.0,
        "Normalized Income": -2083000.0,
        "Net Income From Continuing And Discontinued Operation": -2083000.0,
        "Total Expenses": 26035000.0,
        "Total Operating Income As Reported": -3347000.0,
        "Diluted Average Shares": 42987000.0,
        "Basic Average Shares": 42987000.0,
        "Diluted EPS": -0.05,
        "Basic EPS": -0.05,
        "Diluted NI Availto Com Stockholders": -2127000.0,
        "Net Income Common Stockholders": -2127000.0,
        "Preferred Stock Dividends": 44000.0,
        "Net Income": -2083000.0,
        "Minority Interests": -35000.0,
        "Net Income Including Noncontrolling Interests": -2048000.0,
        "Net Income Continuous Operations": -2048000.0,
        "Tax Provision": 274000.0,
        "Pretax Income": -1774000.0,
        "Other Income Expense": 1922000.0,
        "Other Non Operating Income Expenses": 1032000.0,
        "Earnings From Equity Interest": 890000.0,
        "Gain On Sale Of Security": 58000.0,
        "Net Non Operating Interest Income Expense": -349000.0,
        "Interest Expense Non Operating": 349000.0,
        "Operating Income": -3347000.0,
        "Operating Expense": 9441000.0,
        "Other Operating Expenses": -957000.0,
        "Research And Development": 3214000.0,
        "Selling General And Administration": 6227000.0,
        "Gross Profit": 6094000.0,
        "Cost Of Revenue": 16594000.0,
        "Total Revenue": 22688000.0,
        "Operating Revenue": 22688000.0
    },
    "2024-06-30": {
        "Tax Effect Of Unusual Items": 0.0,
        "Tax Rate For Calcs": 0.21,
        "Normalized EBITDA": 1452000.0,
        "Total Unusual Items": NaN,
        "Total Unusual Items Excluding Goodwill": NaN,
        "Net Income From Continuing Operation Net Minority Interest": -1516000.0,
        "Reconciled Depreciation": 2248000.0,
        "Reconciled Cost Of Revenue": 20271000.0,
        "EBITDA": 1452000.0,
        "EBIT": -796000.0,
        "Net Interest Income": -282000.0,
        "Interest Expense": 282000.0,
        "Normalized Income": -1516000.0,
        "Net Income From Continuing And Discontinued Operation": -1516000.0,
        "Total Expenses": 29808000.0,
        "Total Operating Income As Reported": -1885000.0,
        "Diluted Average Shares": 43092000.0,
        "Basic Average Shares": 43092000.0,
        "Diluted EPS": -0.04,
        "Basic EPS": -0.04,
        "Diluted NI Availto Com Stockholders": -1560000.0,
        "Net Income Common Stockholders": -1560000.0,
        "Preferred Stock Dividends": 44000.0,
        "Net Income": -1516000.0,
        "Minority Interests": -317000.0,
        "Net Income Including Noncontrolling Interests": -1199000.0,
        "Net Income Continuous Operations": -1199000.0,
        "Tax Provision": 121000.0,
        "Pretax Income": -1078000.0,
        "Other Income Expense": 1089000.0,
        "Other Non Operating Income Expenses": 491000.0,
        "Earnings From Equity Interest": 598000.0,
        "Gain On Sale Of Security": NaN,
        "Net Non Operating Interest Income Expense": -282000.0,
        "Interest Expense Non Operating": 282000.0,
        "Operating Income": -1885000.0,
        "Operating Expense": 9537000.0,
        "Other Operating Expenses": NaN,
        "Research And Development": 3758000.0,
        "Selling General And Administration": 5779000.0,
        "Gross Profit": 7652000.0,
        "Cost Of Revenue": 20271000.0,
        "Total Revenue": 27923000.0,
        "Operating Revenue": 27923000.0
    },
    "2024-09-30": {
        "Tax Effect Of Unusual Items": 0.0,
        "Tax Rate For Calcs": 0.21,
        "Normalized EBITDA": 426000.0,
        "Total Unusual Items": NaN,
        "Total Unusual Items Excluding Goodwill": NaN,
        "Net Income From Continuing Operation Net Minority Interest": -2937000.0,
        "Reconciled Depreciation": 2296000.0,
        "Reconciled Cost Of Revenue": 17963000.0,
        "EBITDA": 426000.0,
        "EBIT": -1870000.0,
        "Net Interest Income": -391000.0,
        "Interest Expense": 391000.0,
        "Normalized Income": -2937000.0,
        "Net Income From Continuing And Discontinued Operation": -2937000.0,
        "Total Expenses": 27051000.0,
        "Total Operating Income As Reported": -3406000.0,
        "Diluted Average Shares": 43157000.0,
        "Basic Average Shares": 43157000.0,
        "Diluted EPS": -0.07,
        "Basic EPS": -0.07,
        "Diluted NI Availto Com Stockholders": -2981000.0,
        "Net Income Common Stockholders": -2981000.0,
        "Preferred Stock Dividends": 44000.0,
        "Net Income": -2937000.0,
        "Minority Interests": -50000.0,
        "Net Income Including Noncontrolling Interests": -2887000.0,
        "Net Income Continuous Operations": -2887000.0,
        "Tax Provision": 626000.0,
        "Pretax Income": -2261000.0,
        "Other Income Expense": 1536000.0,
        "Other Non Operating Income Expenses": 529000.0,
        "Earnings From Equity Interest": 1007000.0,
        "Gain On Sale Of Security": NaN,
        "Net Non Operating Interest Income Expense": -391000.0,
        "Interest Expense Non Operating": 391000.0,
        "Operating Income": -3406000.0,
        "Operating Expense": 9088000.0,
        "Other Operating Expenses": NaN,
        "Research And Development": 3438000.0,
        "Selling General And Administration": 5650000.0,
        "Gross Profit": 5682000.0,
        "Cost Of Revenue": 17963000.0,
        "Total Revenue": 23645000.0,
        "Operating Revenue": 23645000.0
    },
    "2024-12-31": {
        "Tax Effect Of Unusual Items": 0.0,
        "Tax Rate For Calcs": 0.21,
        "Normalized EBITDA": -2983000.0,
        "Total Unusual Items": NaN,
        "Total Unusual Items Excluding Goodwill": NaN,
        "Net Income From Continuing Operation Net Minority Interest": -5088000.0,
        "Reconciled Depreciation": 2243000.0,
        "Reconciled Cost Of Revenue": 20697000.0,
        "EBITDA": -2983000.0,
        "EBIT": -5226000.0,
        "Net Interest Income": -318000.0,
        "Interest Expense": 318000.0,
        "Normalized Income": -5088000.0,
        "Net Income From Continuing And Discontinued Operation": -5088000.0,
        "Total Expenses": 29031000.0,
        "Total Operating Income As Reported": -6165000.0,
        "Diluted Average Shares": 43381000.0,
        "Basic Average Shares": 43381000.0,
        "Diluted EPS": -0.12,
        "Basic EPS": -0.12,
        "Diluted NI Availto Com Stockholders": -5133000.0,
        "Net Income Common Stockholders": -5133000.0,
        "Preferred Stock Dividends": 45000.0,
        "Net Income": -5088000.0,
        "Minority Interests": 569000.0,
        "Net Income Including Noncontrolling Interests": -5657000.0,
        "Net Income Continuous Operations": -5657000.0,
        "Tax Provision": 113000.0,
        "Pretax Income": -5544000.0,
        "Other Income Expense": -1300000.0,
        "Other Non Operating Income Expenses": -2335000.0,
        "Earnings From Equity Interest": 944000.0,
        "Gain On Sale Of Security": NaN,
        "Net Non Operating Interest Income Expense": -318000.0,
        "Interest Expense Non Operating": 318000.0,
        "Operating Income": -3926000.0,
        "Operating Expense": 8334000.0,
        "Other Operating Expenses": NaN,
        "Research And Development": 4133000.0,
        "Selling General And Administration": 6440000.0,
        "Gross Profit": 4408000.0,
        "Cost Of Revenue": 20697000.0,
        "Total Revenue": 25105000.0,
        "Operating Revenue": 25105000.0
    },
    "2025-03-31": {
        "Tax Effect Of Unusual Items": 0.0,
        "Tax Rate For Calcs": 0.21,
        "Normalized EBITDA": -7450000.0,
        "Total Unusual Items": NaN,
        "Total Unusual Items Excluding Goodwill": NaN,
        "Net Income From Continuing Operation Net Minority Interest": -8798000.0,
        "Reconciled Depreciation": 2223000.0,
        "Reconciled Cost Of Revenue": 20597000.0,
        "EBITDA": -7450000.0,
        "EBIT": -9673000.0,
        "Net Interest Income": -269000.0,
        "Interest Expense": 269000.0,
        "Normalized Income": -8798000.0,
        "Net Income From Continuing And Discontinued Operation": -8798000.0,
        "Total Expenses": 29631000.0,
        "Total Operating Income As Reported": -10275000.0,
        "Diluted Average Shares": 43554000.0,
        "Basic Average Shares": 43554000.0,
        "Diluted EPS": -0.2,
        "Basic EPS": -0.2,
        "Diluted NI Availto Com Stockholders": -8842000.0,
        "Net Income Common Stockholders": -8842000.0,
        "Preferred Stock Dividends": 44000.0,
        "Net Income": -8798000.0,
        "Minority Interests": 1218000.0,
        "Net Income Including Noncontrolling Interests": -10016000.0,
        "Net Income Continuous Operations": -10016000.0,
        "Tax Provision": 74000.0,
        "Pretax Income": -9942000.0,
        "Other Income Expense": 602000.0,
        "Other Non Operating Income Expenses": 354000.0,
        "Earnings From Equity Interest": 248000.0,
        "Gain On Sale Of Security": NaN,
        "Net Non Operating Interest Income Expense": -269000.0,
        "Interest Expense Non Operating": 269000.0,
        "Operating Income": -10275000.0,
        "Operating Expense": 9034000.0,
        "Other Operating Expenses": NaN,
        "Research And Development": 3118000.0,
        "Selling General And Administration": 5916000.0,
        "Gross Profit": -1241000.0,
        "Cost Of Revenue": 20597000.0,
        "Total Revenue": 19356000.0,
        "Operating Revenue": 19356000.0
    }
}