{
    "2023-05-31": {
        "Tax Effect Of Unusual Items": NaN,
        "Tax Rate For Calcs": NaN,
        "Normalized EBITDA": NaN,
        "Total Unusual Items": NaN,
        "Total Unusual Items Excluding Goodwill": NaN,
        "Net Income From Continuing Operation Net Minority Interest": NaN,
        "Reconciled Depreciation": NaN,
        "Reconciled Cost Of Revenue": NaN,
        "EBITDA": NaN,
        "EBIT": NaN,
        "Net Interest Income": NaN,
        "Interest Expense": NaN,
        "Interest Income": NaN,
        "Normalized Income": NaN,
        "Net Income From Continuing And Discontinued Operation": NaN,
        "Total Expenses": NaN,
        "Total Operating Income As Reported": NaN,
        "Diluted Average Shares": NaN,
        "Basic Average Shares": NaN,
        "Diluted EPS": NaN,
        "Basic EPS": NaN,
        "Diluted NI Availto Com Stockholders": NaN,
        "Net Income Common Stockholders": NaN,
        "Net Income": NaN,
        "Net Income Including Noncontrolling Interests": NaN,
        "Net Income Continuous Operations": NaN,
        "Tax Provision": NaN,
        "Pretax Income": NaN,
        "Other Income Expense": NaN,
        "Other Non Operating Income Expenses": NaN,
        "Special Income Charges": 0.0,
        "Gain On Sale Of Business": 0.0,
        "Impairment Of Capital Assets": NaN,
        "Restructuring And Mergern Acquisition": 0.0,
        "Gain On Sale Of Security": NaN,
        "Net Non Operating Interest Income Expense": NaN,
        "Interest Expense Non Operating": NaN,
        "Interest Income Non Operating": NaN,
        "Operating Income": NaN,
        "Operating Expense": NaN,
        "Selling General And Administration": NaN,
        "General And Administrative Expense": 304000000.0,
        "Other Gand A": 304000000.0,
        "Salaries And Wages": 1400000.0,
        "Gross Profit": NaN,
        "Cost Of Revenue": NaN,
        "Total Revenue": NaN,
        "Operating Revenue": NaN
    },
    "2023-02-28": {
        "Tax Effect Of Unusual Items": NaN,
        "Tax Rate For Calcs": NaN,
        "Normalized EBITDA": NaN,
        "Total Unusual Items": NaN,
        "Total Unusual Items Excluding Goodwill": NaN,
        "Net Income From Continuing Operation Net Minority Interest": NaN,
        "Reconciled Depreciation": NaN,
        "Reconciled Cost Of Revenue": NaN,
        "EBITDA": NaN,
        "EBIT": NaN,
        "Net Interest Income": NaN,
        "Interest Expense": NaN,
        "Interest Income": NaN,
        "Normalized Income": NaN,
        "Net Income From Continuing And Discontinued Operation": NaN,
        "Total Expenses": NaN,
        "Total Operating Income As Reported": NaN,
        "Diluted Average Shares": NaN,
        "Basic Average Shares": NaN,
        "Diluted EPS": NaN,
        "Basic EPS": NaN,
        "Diluted NI Availto Com Stockholders": NaN,
        "Net Income Common Stockholders": NaN,
        "Net Income": NaN,
        "Net Income Including Noncontrolling Interests": NaN,
        "Net Income Continuous Operations": NaN,
        "Tax Provision": NaN,
        "Pretax Income": NaN,
        "Other Income Expense": NaN,
        "Other Non Operating Income Expenses": NaN,
        "Special Income Charges": NaN,
        "Gain On Sale Of Business": NaN,
        "Impairment Of Capital Assets": NaN,
        "Restructuring And Mergern Acquisition": 0.0,
        "Gain On Sale Of Security": NaN,
        "Net Non Operating Interest Income Expense": NaN,
        "Interest Expense Non Operating": NaN,
        "Interest Income Non Operating": NaN,
        "Operating Income": NaN,
        "Operating Expense": NaN,
        "Selling General And Administration": NaN,
        "General And Administrative Expense": 295200000.0,
        "Other Gand A": NaN,
        "Salaries And Wages": NaN,
        "Gross Profit": NaN,
        "Cost Of Revenue": NaN,
        "Total Revenue": NaN,
        "Operating Revenue": NaN
    },
    "2022-11-30": {
        "Tax Effect Of Unusual Items": NaN,
        "Tax Rate For Calcs": NaN,
        "Normalized EBITDA": NaN,
        "Total Unusual Items": NaN,
        "Total Unusual Items Excluding Goodwill": NaN,
        "Net Income From Continuing Operation Net Minority Interest": NaN,
        "Reconciled Depreciation": NaN,
        "Reconciled Cost Of Revenue": NaN,
        "EBITDA": NaN,
        "EBIT": NaN,
        "Net Interest Income": NaN,
        "Interest Expense": NaN,
        "Interest Income": NaN,
        "Normalized Income": NaN,
        "Net Income From Continuing And Discontinued Operation": NaN,
        "Total Expenses": NaN,
        "Total Operating Income As Reported": NaN,
        "Diluted Average Shares": NaN,
        "Basic Average Shares": NaN,
        "Diluted EPS": NaN,
        "Basic EPS": NaN,
        "Diluted NI Availto Com Stockholders": NaN,
        "Net Income Common Stockholders": NaN,
        "Net Income": NaN,
        "Net Income Including Noncontrolling Interests": NaN,
        "Net Income Continuous Operations": NaN,
        "Tax Provision": NaN,
        "Pretax Income": NaN,
        "Other Income Expense": NaN,
        "Other Non Operating Income Expenses": NaN,
        "Special Income Charges": NaN,
        "Gain On Sale Of Business": NaN,
        "Other Special Charges": 6900000.0,
        "Impairment Of Capital Assets": NaN,
        "Restructuring And Mergern Acquisition": 6900000.0,
        "Gain On Sale Of Security": NaN,
        "Net Non Operating Interest Income Expense": NaN,
        "Interest Expense Non Operating": NaN,
        "Interest Income Non Operating": NaN,
        "Operating Income": NaN,
        "Operating Expense": NaN,
        "Selling General And Administration": NaN,
        "General And Administrative Expense": NaN,
        "Other Gand A": NaN,
        "Salaries And Wages": NaN,
        "Gross Profit": NaN,
        "Cost Of Revenue": NaN,
        "Total Revenue": NaN,
        "Operating Revenue": NaN
    },
    "2022-08-31": {
        "Tax Effect Of Unusual Items": 0.0,
        "Tax Rate For Calcs": 0.224462,
        "Normalized EBITDA": 155600000.0,
        "Total Unusual Items": 0.0,
        "Total Unusual Items Excluding Goodwill": 0.0,
        "Net Income From Continuing Operation Net Minority Interest": 115400000.0,
        "Reconciled Depreciation": 23400000.0,
        "Reconciled Cost Of Revenue": 647800000.0,
        "EBITDA": 155600000.0,
        "EBIT": 155600000.0,
        "Net Interest Income": -6800000.0,
        "Interest Expense": 6800000.0,
        "Interest Income": 1000000.0,
        "Normalized Income": 115400000.0,
        "Net Income From Continuing And Discontinued Operation": 115400000.0,
        "Total Expenses": 960700000.0,
        "Total Operating Income As Reported": 149600000.0,
        "Diluted Average Shares": 33159000.0,
        "Basic Average Shares": 32717000.0,
        "Diluted EPS": 3.48,
        "Basic EPS": 3.53,
        "Diluted NI Availto Com Stockholders": 115400000.0,
        "Net Income Common Stockholders": 115400000.0,
        "Net Income": 115400000.0,
        "Net Income Including Noncontrolling Interests": 115400000.0,
        "Net Income Continuous Operations": 115400000.0,
        "Tax Provision": 33400000.0,
        "Pretax Income": 148800000.0,
        "Other Income Expense": 6000000.0,
        "Other Non Operating Income Expenses": 6000000.0,
        "Special Income Charges": 0.0,
        "Impairment Of Capital Assets": NaN,
        "Restructuring And Mergern Acquisition": 0.0,
        "Net Non Operating Interest Income Expense": -6800000.0,
        "Interest Expense Non Operating": 6800000.0,
        "Interest Income Non Operating": 1000000.0,
        "Operating Income": 149600000.0,
        "Operating Expense": 312900000.0,
        "Selling General And Administration": 312900000.0,
        "Gross Profit": 462500000.0,
        "Cost Of Revenue": 647800000.0,
        "Total Revenue": 1110300000.0,
        "Operating Revenue": 1110300000.0
    },
    "2022-05-31": {
        "Tax Effect Of Unusual Items": 0.0,
        "Tax Rate For Calcs": 0.234,
        "Normalized EBITDA": 168100000.0,
        "Total Unusual Items": 0.0,
        "Total Unusual Items Excluding Goodwill": 0.0,
        "Net Income From Continuing Operation Net Minority Interest": 105700000.0,
        "Reconciled Depreciation": 23500000.0,
        "Reconciled Cost Of Revenue": 615500000.0,
        "EBIT": 144600000.0,
        "Net Interest Income": -6200000.0,
        "Interest Expense": 6600000.0,
        "Interest Income": 400000.0,
        "Normalized Income": 105700000.0,
        "Net Income From Continuing And Discontinued Operation": 105700000.0,
        "Total Expenses": 917900000.0,
        "Total Operating Income As Reported": 142700000.0,
        "Diluted Average Shares": 34440000.0,
        "Basic Average Shares": 34079000.0,
        "Diluted EPS": 3.07,
        "Basic EPS": 3.1,
        "Diluted NI Availto Com Stockholders": 105700000.0,
        "Net Income Common Stockholders": 105700000.0,
        "Net Income": 105700000.0,
        "Net Income Including Noncontrolling Interests": 105700000.0,
        "Net Income Continuous Operations": 105700000.0,
        "Tax Provision": 32300000.0,
        "Pretax Income": 138000000.0,
        "Other Income Expense": 1500000.0,
        "Other Non Operating Income Expenses": 1500000.0,
        "Special Income Charges": 0.0,
        "Restructuring And Mergern Acquisition": 0.0,
        "Net Non Operating Interest Income Expense": -6200000.0,
        "Interest Expense Non Operating": 6600000.0,
        "Interest Income Non Operating": 400000.0,
        "Operating Income": 142700000.0,
        "Operating Expense": 302400000.0,
        "Selling General And Administration": 302400000.0,
        "Gross Profit": 445100000.0,
        "Cost Of Revenue": 615500000.0,
        "Total Revenue": 1060600000.0,
        "Operating Revenue": 1060600000.0
    },
    "2022-02-28": {
        "Diluted EPS": 2.13,
        "Total Revenue": 909,
        "Gross Profit": 379,
        "Operating Income": 102,
        "EBIT": 126,
        "Net Income": 75
    },
    "2021-11-30": {
        "Diluted EPS": 2.46,
        "Total Revenue": 926,
        "Gross Profit": 386,
        "Operating Income": 115,
        "EBIT": 139,
        "Net Income": 88
    },
    "2021-08-31": {
        "Diluted EPS": 2.7,
        "Total Revenue": 993,
        "Gross Profit": 419,
        "Operating Income": 133,
        "EBIT": 158,
        "Net Income": 98
    },
    "2021-05-31": {
        "Diluted EPS": 2.37,
        "Total Revenue": 900,
        "Gross Profit": 387,
        "Operating Income": 118,
        "EBIT": 143,
        "Net Income": 86
    },
    "2021-02-28": {
        "Diluted EPS": 1.74,
        "Total Revenue": 777,
        "Gross Profit": 337,
        "Operating Income": 91,
        "EBIT": 116,
        "Net Income": 63
    },
    "2020-11-30": {
        "Diluted EPS": 1.57,
        "Total Revenue": 792,
        "Gross Profit": 332,
        "Operating Income": 86,
        "EBIT": 111,
        "Net Income": 60
    },
    "2020-08-31": {
        "Diluted EPS": 1.87,
        "Total Revenue": 891,
        "Gross Profit": 375,
        "Operating Income": 106,
        "EBIT": 132,
        "Net Income": 74
    },
    "2020-05-31": {
        "Diluted EPS": 1.52,
        "Total Revenue": 776,
        "Gross Profit": 328,
        "Operating Income": 83,
        "EBIT": 109,
        "Net Income": 60
    },
    "2020-02-29": {
        "Diluted EPS": 1.44,
        "Total Revenue": 824,
        "Gross Profit": 344,
        "Operating Income": 81,
        "EBIT": 107,
        "Net Income": 57
    },
    "2019-11-30": {
        "Diluted EPS": 1.44,
        "Total Revenue": 835,
        "Gross Profit": 356,
        "Operating Income": 84,
        "EBIT": 108,
        "Net Income": 57
    },
    "2019-08-31": {
        "Diluted EPS": 2.42,
        "Total Revenue": 938,
        "Gross Profit": 395,
        "Operating Income": 130,
        "EBIT": 153,
        "Net Income": 96
    },
    "2019-05-31": {
        "Diluted EPS": 2.22,
        "Total Revenue": 948,
        "Gross Profit": 384,
        "Operating Income": 120,
        "EBIT": 143,
        "Net Income": 88
    },
    "2019-02-28": {
        "Diluted EPS": 1.67,
        "Total Revenue": 854,
        "Gross Profit": 334,
        "Operating Income": 96,
        "EBIT": 118,
        "Net Income": 66
    },
    "2018-11-30": {
        "Diluted EPS": 1.98,
        "Total Revenue": 933,
        "Gross Profit": 368,
        "Operating Income": 116,
        "EBIT": 138,
        "Net Income": 80
    },
    "2018-08-31": {
        "Diluted EPS": 2.69,
        "Total Revenue": NaN,
        "Gross Profit": 412,
        "Operating Income": 144,
        "EBIT": 166,
        "Net Income": 108
    },
    "2018-05-31": {
        "Diluted EPS": 1.8,
        "Total Revenue": 944,
        "Gross Profit": 389,
        "Operating Income": 107,
        "EBIT": 128,
        "Net Income": 73
    },
    "2018-02-28": {
        "Diluted EPS": 2.33,
        "Total Revenue": 832,
        "Gross Profit": 335,
        "Operating Income": 90,
        "EBIT": 109,
        "Net Income": 97
    },
    "2017-11-30": {
        "Diluted EPS": 1.7,
        "Total Revenue": 843,
        "Gross Profit": 350,
        "Operating Income": 120,
        "EBIT": 139,
        "Net Income": 72
    },
    "2017-08-31": {
        "Diluted EPS": 2.14,
        "Total Revenue": 958,
        "Gross Profit": 407,
        "Operating Income": 161,
        "EBIT": 180,
        "Net Income": 91
    },
    "2017-05-31": {
        "Diluted EPS": 1.9,
        "Total Revenue": 892,
        "Gross Profit": 379,
        "Operating Income": 132,
        "EBIT": 152,
        "Net Income": 82
    },
    "2017-02-28": {
        "Diluted EPS": 1.53,
        "Total Revenue": 805,
        "Gross Profit": 336,
        "Operating Income": 108,
        "EBIT": 127,
        "Net Income": 67
    },
    "2016-11-30": {
        "Diluted EPS": 1.86,
        "Total Revenue": 851,
        "Gross Profit": 360,
        "Operating Income": 127,
        "EBIT": 144,
        "Net Income": 82
    },
    "2016-08-31": {
        "Diluted EPS": 1.88,
        "Total Revenue": 925,
        "Gross Profit": 402,
        "Operating Income": 135,
        "EBIT": 149,
        "Net Income": 83
    },
    "2016-05-31": {
        "Diluted EPS": 1.69,
        "Total Revenue": 852,
        "Gross Profit": 378,
        "Operating Income": 121,
        "EBIT": 139,
        "Net Income": 74
    },
    "2016-02-29": {
        "Diluted EPS": 1.49,
        "Total Revenue": 778,
        "Gross Profit": 337,
        "Operating Income": 107,
        "EBIT": 123,
        "Net Income": 66
    },
    "2015-11-30": {
        "Diluted EPS": 1.57,
        "Total Revenue": 737,
        "Gross Profit": 319,
        "Operating Income": 112,
        "EBIT": 127,
        "Net Income": 68
    },
    "2015-08-31": {
        "Diluted EPS": 1.37,
        "Total Revenue": 760,
        "Gross Profit": 321,
        "Operating Income": 112,
        "EBIT": 123,
        "Net Income": 61
    },
    "2015-05-31": {
        "Diluted EPS": 1.48,
        "Total Revenue": 684,
        "Gross Profit": 296,
        "Operating Income": 99,
        "EBIT": 111,
        "Net Income": 64
    },
    "2015-02-28": {
        "Diluted EPS": 1.07,
        "Total Revenue": 616,
        "Gross Profit": 256,
        "Operating Income": 79,
        "EBIT": 90,
        "Net Income": 46
    },
    "2014-11-30": {
        "Diluted EPS": 1.17,
        "Total Revenue": 647,
        "Gross Profit": 273,
        "Operating Income": 87,
        "EBIT": 98,
        "Net Income": 51
    },
    "2014-08-31": {
        "Diluted EPS": 1.26,
        "Total Revenue": 669,
        "Gross Profit": 284,
        "Operating Income": 91,
        "EBIT": 102,
        "Net Income": 54
    },
    "2014-05-31": {
        "Diluted EPS": 1.01,
        "Total Revenue": 604,
        "Gross Profit": 243,
        "Operating Income": 73,
        "EBIT": 83,
        "Net Income": 44
    },
    "2014-02-28": {
        "Diluted EPS": 0.75,
        "Total Revenue": 546,
        "Gross Profit": 215,
        "Operating Income": 58,
        "EBIT": 69,
        "Net Income": 33
    },
    "2013-11-30": {
        "Diluted EPS": 1.03,
        "Total Revenue": 575,
        "Gross Profit": 237,
        "Operating Income": 77,
        "EBIT": 88,
        "Net Income": 44
    },
    "2013-08-31": {
        "Diluted EPS": 1.04,
        "Total Revenue": 580,
        "Gross Profit": 237,
        "Operating Income": 78,
        "EBIT": 89,
        "Net Income": 44
    },
    "2013-05-31": {
        "Diluted EPS": 0.73,
        "Total Revenue": 542,
        "Gross Profit": 221,
        "Operating Income": 50,
        "EBIT": 60,
        "Net Income": 31
    },
    "2013-02-28": {
        "Diluted EPS": 0.57,
        "Total Revenue": 487,
        "Gross Profit": 190,
        "Operating Income": 45,
        "EBIT": 55,
        "Net Income": 24
    },
    "2012-11-30": {
        "Diluted EPS": 0.61,
        "Total Revenue": 481,
        "Gross Profit": 190,
        "Operating Income": 48,
        "EBIT": 58,
        "Net Income": 26
    },
    "2012-08-31": {
        "Diluted EPS": 0.77,
        "Total Revenue": 514,
        "Gross Profit": 211,
        "Operating Income": 61,
        "EBIT": 71,
        "Net Income": 33
    },
    "2012-05-31": {
        "Diluted EPS": 0.79,
        "Total Revenue": 488,
        "Gross Profit": 202,
        "Operating Income": 57,
        "EBIT": 68,
        "Net Income": 33
    },
    "2012-02-29": {
        "Diluted EPS": 0.46,
        "Total Revenue": 458,
        "Gross Profit": 182,
        "Operating Income": 39,
        "EBIT": 48,
        "Net Income": 19
    },
    "2011-11-30": {
        "Diluted EPS": 0.7,
        "Total Revenue": 474,
        "Gross Profit": 194,
        "Operating Income": 51,
        "EBIT": 61,
        "Net Income": 29
    },
    "2011-08-31": {
        "Diluted EPS": 0.79,
        "Total Revenue": 496,
        "Gross Profit": 200,
        "Operating Income": 56,
        "EBIT": 66,
        "Net Income": 33
    },
    "2011-05-31": {
        "Diluted EPS": 0.62,
        "Total Revenue": 458,
        "Gross Profit": 190,
        "Operating Income": 50,
        "EBIT": 61,
        "Net Income": 27
    },
    "2011-02-28": {
        "Diluted EPS": 0.45,
        "Total Revenue": 416,
        "Gross Profit": 164,
        "Operating Income": 37,
        "EBIT": 47,
        "Net Income": 20
    },
    "2010-11-30": {
        "Diluted EPS": 0.56,
        "Total Revenue": 425,
        "Gross Profit": 176,
        "Operating Income": 46,
        "EBIT": 55,
        "Net Income": 24
    },
    "2010-08-31": {
        "Diluted EPS": 0.62,
        "Total Revenue": 444,
        "Gross Profit": 184,
        "Operating Income": 48,
        "EBIT": 57,
        "Net Income": 25
    },
    "2010-05-31": {
        "Diluted EPS": 0.48,
        "Total Revenue": 408,
        "Gross Profit": 164,
        "Operating Income": 39,
        "EBIT": 48,
        "Net Income": 21
    },
    "2010-02-28": {
        "Diluted EPS": 0.17,
        "Total Revenue": 384,
        "Gross Profit": 152,
        "Operating Income": 28,
        "EBIT": 37,
        "Net Income": 8
    },
    "2009-11-30": {
        "Diluted EPS": 0.53,
        "Total Revenue": 392,
        "Gross Profit": 161,
        "Operating Income": 43,
        "EBIT": 52,
        "Net Income": 23
    },
    "2009-08-31": {
        "Diluted EPS": 0.68,
        "Total Revenue": 423,
        "Gross Profit": 165,
        "Operating Income": 50,
        "EBIT": 60,
        "Net Income": 29
    },
    "2009-05-31": {
        "Diluted EPS": 0.51,
        "Total Revenue": 397,
        "Gross Profit": 154,
        "Operating Income": 42,
        "EBIT": 50,
        "Net Income": 22
    },
    "2009-02-28": {
        "Diluted EPS": 0.34,
        "Total Revenue": 386,
        "Gross Profit": 141,
        "Operating Income": 29,
        "EBIT": 37,
        "Net Income": 14
    },
    "2023-08-31": {
        "Tax Effect Of Unusual Items": NaN,
        "Tax Rate For Calcs": NaN,
        "Normalized EBITDA": NaN,
        "Total Unusual Items": NaN,
        "Total Unusual Items Excluding Goodwill": NaN,
        "Net Income From Continuing Operation Net Minority Interest": NaN,
        "Reconciled Depreciation": NaN,
        "Reconciled Cost Of Revenue": NaN,
        "EBITDA": NaN,
        "EBIT": NaN,
        "Net Interest Income": NaN,
        "Interest Expense": NaN,
        "Interest Income": NaN,
        "Normalized Income": NaN,
        "Net Income From Continuing And Discontinued Operation": NaN,
        "Total Expenses": NaN,
        "Total Operating Income As Reported": NaN,
        "Diluted Average Shares": NaN,
        "Basic Average Shares": NaN,
        "Diluted EPS": NaN,
        "Basic EPS": NaN,
        "Diluted NI Availto Com Stockholders": NaN,
        "Net Income Common Stockholders": NaN,
        "Net Income": NaN,
        "Net Income Including Noncontrolling Interests": NaN,
        "Net Income Continuous Operations": NaN,
        "Tax Provision": NaN,
        "Pretax Income": NaN,
        "Other Income Expense": NaN,
        "Other Non Operating Income Expenses": NaN,
        "Special Income Charges": -20000000.0,
        "Gain On Sale Of Business": NaN,
        "Impairment Of Capital Assets": 14000000.0,
        "Restructuring And Mergern Acquisition": 6000000.0,
        "Gain On Sale Of Security": NaN,
        "Net Non Operating Interest Income Expense": NaN,
        "Interest Expense Non Operating": NaN,
        "Interest Income Non Operating": NaN,
        "Operating Income": NaN,
        "Operating Expense": NaN,
        "Selling General And Administration": NaN,
        "General And Administrative Expense": NaN,
        "Other Gand A": NaN,
        "Salaries And Wages": NaN,
        "Gross Profit": NaN,
        "Cost Of Revenue": NaN,
        "Total Revenue": NaN,
        "Operating Revenue": NaN
    },
    "2023-11-30": {
        "Tax Effect Of Unusual Items": NaN,
        "Tax Rate For Calcs": NaN,
        "Normalized EBITDA": NaN,
        "Total Unusual Items": NaN,
        "Total Unusual Items Excluding Goodwill": NaN,
        "Net Income From Continuing Operation Net Minority Interest": NaN,
        "Reconciled Depreciation": NaN,
        "Reconciled Cost Of Revenue": NaN,
        "EBITDA": NaN,
        "EBIT": NaN,
        "Net Interest Income": NaN,
        "Interest Expense": NaN,
        "Interest Income": NaN,
        "Normalized Income": NaN,
        "Net Income From Continuing And Discontinued Operation": NaN,
        "Total Expenses": NaN,
        "Total Operating Income As Reported": NaN,
        "Diluted Average Shares": NaN,
        "Basic Average Shares": NaN,
        "Diluted EPS": NaN,
        "Basic EPS": NaN,
        "Diluted NI Availto Com Stockholders": NaN,
        "Net Income Common Stockholders": NaN,
        "Net Income": NaN,
        "Net Income Including Noncontrolling Interests": NaN,
        "Net Income Continuous Operations": NaN,
        "Tax Provision": NaN,
        "Pretax Income": NaN,
        "Other Income Expense": NaN,
        "Other Non Operating Income Expenses": NaN,
        "Special Income Charges": 0.0,
        "Gain On Sale Of Business": NaN,
        "Impairment Of Capital Assets": NaN,
        "Restructuring And Mergern Acquisition": 0.0,
        "Gain On Sale Of Security": NaN,
        "Net Non Operating Interest Income Expense": NaN,
        "Interest Expense Non Operating": NaN,
        "Interest Income Non Operating": NaN,
        "Operating Income": NaN,
        "Operating Expense": NaN,
        "Selling General And Administration": NaN,
        "General And Administrative Expense": NaN,
        "Other Gand A": NaN,
        "Salaries And Wages": NaN,
        "Gross Profit": NaN,
        "Cost Of Revenue": NaN,
        "Total Revenue": NaN,
        "Operating Revenue": NaN
    },
    "2024-02-29": {
        "Tax Effect Of Unusual Items": -48200.0,
        "Tax Rate For Calcs": 0.241,
        "Normalized EBITDA": 147200000.0,
        "Total Unusual Items": -200000.0,
        "Total Unusual Items Excluding Goodwill": -200000.0,
        "Net Income From Continuing Operation Net Minority Interest": 89200000.0,
        "Reconciled Depreciation": 22900000.0,
        "Reconciled Cost Of Revenue": 493500000.0,
        "EBITDA": 147000000.0,
        "EBIT": 124100000.0,
        "Net Interest Income": 100000.0,
        "Interest Expense": 6500000.0,
        "Interest Income": 6600000.0,
        "Normalized Income": 89351800.0,
        "Net Income From Continuing And Discontinued Operation": 89200000.0,
        "Total Expenses": 787800000.0,
        "Total Operating Income As Reported": 118100000.0,
        "Diluted Average Shares": 31399000.0,
        "Basic Average Shares": 30864000.0,
        "Diluted EPS": 2.84,
        "Basic EPS": 2.89,
        "Diluted NI Availto Com Stockholders": 89200000.0,
        "Net Income Common Stockholders": 89200000.0,
        "Net Income": 89200000.0,
        "Net Income Including Noncontrolling Interests": 89200000.0,
        "Net Income Continuous Operations": 89200000.0,
        "Tax Provision": 28400000.0,
        "Pretax Income": 117600000.0,
        "Other Income Expense": -600000.0,
        "Other Non Operating Income Expenses": -400000.0,
        "Special Income Charges": 0.0,
        "Gain On Sale Of Business": 0.0,
        "Impairment Of Capital Assets": NaN,
        "Restructuring And Mergern Acquisition": 0.0,
        "Gain On Sale Of Security": -200000.0,
        "Net Non Operating Interest Income Expense": 100000.0,
        "Interest Expense Non Operating": 6500000.0,
        "Interest Income Non Operating": 6600000.0,
        "Operating Income": 118100000.0,
        "Operating Expense": 294300000.0,
        "Selling General And Administration": 294300000.0,
        "General And Administrative Expense": 294300000.0,
        "Other Gand A": 294300000.0,
        "Salaries And Wages": 1000000.0,
        "Gross Profit": 412400000.0,
        "Cost Of Revenue": 493500000.0,
        "Total Revenue": 905900000.0,
        "Operating Revenue": 905900000.0
    },
    "2024-05-31": {
        "Tax Effect Of Unusual Items": 319200.0,
        "Tax Rate For Calcs": 0.228,
        "Normalized EBITDA": 175400000.0,
        "Total Unusual Items": 1400000.0,
        "Total Unusual Items Excluding Goodwill": 1400000.0,
        "Net Income From Continuing Operation Net Minority Interest": 113900000.0,
        "Reconciled Depreciation": 22900000.0,
        "Reconciled Cost Of Revenue": 515900000.0,
        "EBITDA": 176800000.0,
        "EBIT": 153900000.0,
        "Net Interest Income": 1800000.0,
        "Interest Expense": 6300000.0,
        "Interest Income": 8100000.0,
        "Normalized Income": 112819200.0,
        "Net Income From Continuing And Discontinued Operation": 113900000.0,
        "Total Expenses": 822800000.0,
        "Total Operating Income As Reported": 145300000.0,
        "Diluted Average Shares": 31477000.0,
        "Basic Average Shares": 30829000.0,
        "Diluted EPS": 3.62,
        "Basic EPS": 3.7,
        "Diluted NI Availto Com Stockholders": 113900000.0,
        "Net Income Common Stockholders": 113900000.0,
        "Net Income": 113900000.0,
        "Net Income Including Noncontrolling Interests": 113900000.0,
        "Net Income Continuous Operations": 113900000.0,
        "Tax Provision": 33700000.0,
        "Pretax Income": 147600000.0,
        "Other Income Expense": 500000.0,
        "Other Non Operating Income Expenses": -900000.0,
        "Special Income Charges": 0.0,
        "Gain On Sale Of Business": 0.0,
        "Impairment Of Capital Assets": NaN,
        "Restructuring And Mergern Acquisition": NaN,
        "Gain On Sale Of Security": 1400000.0,
        "Net Non Operating Interest Income Expense": 1800000.0,
        "Interest Expense Non Operating": 6300000.0,
        "Interest Income Non Operating": 8100000.0,
        "Operating Income": 145300000.0,
        "Operating Expense": 306900000.0,
        "Selling General And Administration": 306900000.0,
        "General And Administrative Expense": 306900000.0,
        "Other Gand A": 306900000.0,
        "Salaries And Wages": 1200000.0,
        "Gross Profit": 452200000.0,
        "Cost Of Revenue": 515900000.0,
        "Total Revenue": 968100000.0,
        "Operating Revenue": 968100000.0
    },
    "2024-08-31": {
        "Tax Effect Of Unusual Items": -1299934.42623,
        "Tax Rate For Calcs": 0.220328,
        "Normalized EBITDA": 187100000.0,
        "Total Unusual Items": -5900000.0,
        "Total Unusual Items Excluding Goodwill": -5900000.0,
        "Net Income From Continuing Operation Net Minority Interest": 118900000.0,
        "Reconciled Depreciation": 22600000.0,
        "Reconciled Cost Of Revenue": 543600000.0,
        "EBITDA": 181200000.0,
        "EBIT": 158600000.0,
        "Net Interest Income": 3500000.0,
        "Interest Expense": 6100000.0,
        "Interest Income": 9600000.0,
        "Normalized Income": 123500065.57377,
        "Net Income From Continuing And Discontinued Operation": 118900000.0,
        "Total Expenses": 875300000.0,
        "Total Operating Income As Reported": 157000000.0,
        "Diluted Average Shares": 31512000.0,
        "Basic Average Shares": 30813000.0,
        "Diluted EPS": 3.77,
        "Basic EPS": 3.86,
        "Diluted NI Availto Com Stockholders": 118900000.0,
        "Net Income Common Stockholders": 118900000.0,
        "Net Income": 118900000.0,
        "Net Income Including Noncontrolling Interests": 118900000.0,
        "Net Income Continuous Operations": 118900000.0,
        "Tax Provision": 33600000.0,
        "Pretax Income": 152500000.0,
        "Other Income Expense": -8000000.0,
        "Other Non Operating Income Expenses": -2100000.0,
        "Special Income Charges": 0.0,
        "Gain On Sale Of Business": 0.0,
        "Impairment Of Capital Assets": NaN,
        "Restructuring And Mergern Acquisition": NaN,
        "Gain On Sale Of Security": -5900000.0,
        "Net Non Operating Interest Income Expense": 3500000.0,
        "Interest Expense Non Operating": 6100000.0,
        "Interest Income Non Operating": 9600000.0,
        "Operating Income": 157000000.0,
        "Operating Expense": 331700000.0,
        "Selling General And Administration": 229400000.0,
        "General And Administrative Expense": 209300000.0,
        "Other Gand A": 209300000.0,
        "Salaries And Wages": NaN,
        "Gross Profit": 488700000.0,
        "Cost Of Revenue": 543600000.0,
        "Total Revenue": 1032300000.0,
        "Operating Revenue": 1032300000.0
    },
    "2024-11-30": {
        "Tax Effect Of Unusual Items": -20800.0,
        "Tax Rate For Calcs": 0.208,
        "Normalized EBITDA": 162600000.0,
        "Total Unusual Items": -100000.0,
        "Total Unusual Items Excluding Goodwill": -100000.0,
        "Net Income From Continuing Operation Net Minority Interest": 106700000.0,
        "Reconciled Depreciation": 21600000.0,
        "Reconciled Cost Of Revenue": 502300000.0,
        "EBITDA": 162500000.0,
        "EBIT": 140900000.0,
        "Net Interest Income": 4000000.0,
        "Interest Expense": 6100000.0,
        "Interest Income": 10100000.0,
        "Normalized Income": 106779200.0,
        "Net Income From Continuing And Discontinued Operation": 106700000.0,
        "Total Expenses": 818300000.0,
        "Total Operating Income As Reported": 133300000.0,
        "Diluted Average Shares": 31799000.0,
        "Basic Average Shares": 30930000.0,
        "Diluted EPS": 3.35,
        "Basic EPS": 3.45,
        "Diluted NI Availto Com Stockholders": 106700000.0,
        "Net Income Common Stockholders": 106700000.0,
        "Net Income": 106700000.0,
        "Net Income Including Noncontrolling Interests": 106700000.0,
        "Net Income Continuous Operations": 106700000.0,
        "Tax Provision": 28100000.0,
        "Pretax Income": 134800000.0,
        "Other Income Expense": -2500000.0,
        "Other Non Operating Income Expenses": -2400000.0,
        "Special Income Charges": NaN,
        "Gain On Sale Of Business": NaN,
        "Impairment Of Capital Assets": NaN,
        "Restructuring And Mergern Acquisition": NaN,
        "Gain On Sale Of Security": -100000.0,
        "Net Non Operating Interest Income Expense": 4000000.0,
        "Interest Expense Non Operating": 6100000.0,
        "Interest Income Non Operating": 10100000.0,
        "Operating Income": 133300000.0,
        "Operating Expense": 316000000.0,
        "Selling General And Administration": 316000000.0,
        "General And Administrative Expense": NaN,
        "Other Gand A": NaN,
        "Salaries And Wages": NaN,
        "Gross Profit": 449300000.0,
        "Cost Of Revenue": 502300000.0,
        "Total Revenue": 951600000.0,
        "Operating Revenue": 951600000.0
    },
    "2025-02-28": {
        "Tax Effect Of Unusual Items": 48400.0,
        "Tax Rate For Calcs": 0.242,
        "Normalized EBITDA": 144300000.0,
        "Total Unusual Items": 200000.0,
        "Total Unusual Items Excluding Goodwill": 200000.0,
        "Net Income From Continuing Operation Net Minority Interest": 77500000.0,
        "Reconciled Depreciation": 30500000.0,
        "Reconciled Cost Of Revenue": 538300000.0,
        "EBITDA": 144500000.0,
        "EBIT": 114000000.0,
        "Net Interest Income": -6900000.0,
        "Interest Expense": 11700000.0,
        "Interest Income": 4800000.0,
        "Normalized Income": 77348400.0,
        "Net Income From Continuing And Discontinued Operation": 77500000.0,
        "Total Expenses": 896100000.0,
        "Total Operating Income As Reported": 110200000.0,
        "Diluted Average Shares": 31700000.0,
        "Basic Average Shares": 30999000.0,
        "Diluted EPS": 2.45,
        "Basic EPS": 2.5,
        "Diluted NI Availto Com Stockholders": 77500000.0,
        "Net Income Common Stockholders": 77500000.0,
        "Net Income": 77500000.0,
        "Net Income Including Noncontrolling Interests": 77500000.0,
        "Net Income Continuous Operations": 77500000.0,
        "Tax Provision": 24800000.0,
        "Pretax Income": 102300000.0,
        "Other Income Expense": -1000000.0,
        "Other Non Operating Income Expenses": -1200000.0,
        "Special Income Charges": NaN,
        "Gain On Sale Of Business": NaN,
        "Impairment Of Capital Assets": NaN,
        "Restructuring And Mergern Acquisition": NaN,
        "Gain On Sale Of Security": 200000.0,
        "Net Non Operating Interest Income Expense": -6900000.0,
        "Interest Expense Non Operating": 11700000.0,
        "Interest Income Non Operating": 4800000.0,
        "Operating Income": 110200000.0,
        "Operating Expense": 357800000.0,
        "Selling General And Administration": 357800000.0,
        "General And Administrative Expense": NaN,
        "Other Gand A": NaN,
        "Salaries And Wages": NaN,
        "Gross Profit": 468000000.0,
        "Cost Of Revenue": 538300000.0,
        "Total Revenue": 1006300000.0,
        "Operating Revenue": 1006300000.0
    }
}