{
    "2023-03-31": {
        "Tax Effect Of Unusual Items": NaN,
        "Tax Rate For Calcs": NaN,
        "Normalized EBITDA": NaN,
        "Total Unusual Items": 0.0,
        "Total Unusual Items Excluding Goodwill": 0.0,
        "Net Income From Continuing Operation Net Minority Interest": NaN,
        "Reconciled Depreciation": NaN,
        "Reconciled Cost Of Revenue": NaN,
        "EBITDA": NaN,
        "EBIT": NaN,
        "Net Interest Income": NaN,
        "Interest Income": NaN,
        "Normalized Income": NaN,
        "Net Income From Continuing And Discontinued Operation": NaN,
        "Total Expenses": NaN,
        "Total Operating Income As Reported": NaN,
        "Diluted Average Shares": NaN,
        "Basic Average Shares": NaN,
        "Diluted EPS": NaN,
        "Basic EPS": NaN,
        "Diluted NI Availto Com Stockholders": NaN,
        "Net Income Common Stockholders": NaN,
        "Net Income": NaN,
        "Net Income Including Noncontrolling Interests": NaN,
        "Net Income Continuous Operations": NaN,
        "Tax Provision": NaN,
        "Pretax Income": NaN,
        "Other Income Expense": NaN,
        "Other Non Operating Income Expenses": NaN,
        "Special Income Charges": 0.0,
        "Restructuring And Mergern Acquisition": 0.0,
        "Net Non Operating Interest Income Expense": NaN,
        "Total Other Finance Cost": -9969000.0,
        "Interest Income Non Operating": NaN,
        "Operating Income": NaN,
        "Operating Expense": NaN,
        "Research And Development": NaN,
        "Selling General And Administration": NaN,
        "Selling And Marketing Expense": NaN,
        "General And Administrative Expense": NaN,
        "Other Gand A": NaN,
        "Gross Profit": NaN,
        "Cost Of Revenue": NaN,
        "Total Revenue": NaN,
        "Operating Revenue": NaN
    },
    "2022-12-31": {
        "Tax Effect Of Unusual Items": NaN,
        "Tax Rate For Calcs": NaN,
        "Normalized EBITDA": NaN,
        "Total Unusual Items": 0.0,
        "Total Unusual Items Excluding Goodwill": 0.0,
        "Net Income From Continuing Operation Net Minority Interest": NaN,
        "Reconciled Depreciation": NaN,
        "Reconciled Cost Of Revenue": NaN,
        "EBITDA": NaN,
        "EBIT": NaN,
        "Net Interest Income": NaN,
        "Interest Income": NaN,
        "Normalized Income": NaN,
        "Net Income From Continuing And Discontinued Operation": NaN,
        "Total Expenses": NaN,
        "Total Operating Income As Reported": NaN,
        "Diluted Average Shares": NaN,
        "Basic Average Shares": NaN,
        "Diluted EPS": NaN,
        "Basic EPS": NaN,
        "Diluted NI Availto Com Stockholders": NaN,
        "Net Income Common Stockholders": NaN,
        "Net Income": NaN,
        "Net Income Including Noncontrolling Interests": NaN,
        "Net Income Continuous Operations": NaN,
        "Tax Provision": NaN,
        "Pretax Income": NaN,
        "Other Income Expense": NaN,
        "Other Non Operating Income Expenses": NaN,
        "Special Income Charges": 0.0,
        "Restructuring And Mergern Acquisition": 0.0,
        "Net Non Operating Interest Income Expense": NaN,
        "Total Other Finance Cost": -4120000.0,
        "Interest Income Non Operating": NaN,
        "Operating Income": NaN,
        "Operating Expense": NaN,
        "Research And Development": NaN,
        "Selling General And Administration": NaN,
        "Selling And Marketing Expense": NaN,
        "General And Administrative Expense": NaN,
        "Other Gand A": NaN,
        "Gross Profit": NaN,
        "Cost Of Revenue": NaN,
        "Total Revenue": NaN,
        "Operating Revenue": NaN
    },
    "2022-09-30": {
        "Tax Effect Of Unusual Items": NaN,
        "Tax Rate For Calcs": NaN,
        "Normalized EBITDA": NaN,
        "Total Unusual Items": -9000.0,
        "Total Unusual Items Excluding Goodwill": -9000.0,
        "Net Income From Continuing Operation Net Minority Interest": NaN,
        "Reconciled Depreciation": NaN,
        "Reconciled Cost Of Revenue": NaN,
        "EBITDA": NaN,
        "EBIT": NaN,
        "Net Interest Income": NaN,
        "Interest Income": NaN,
        "Normalized Income": NaN,
        "Net Income From Continuing And Discontinued Operation": NaN,
        "Total Expenses": NaN,
        "Total Operating Income As Reported": NaN,
        "Diluted Average Shares": NaN,
        "Basic Average Shares": NaN,
        "Diluted EPS": NaN,
        "Basic EPS": NaN,
        "Diluted NI Availto Com Stockholders": NaN,
        "Net Income Common Stockholders": NaN,
        "Net Income": NaN,
        "Net Income Including Noncontrolling Interests": NaN,
        "Net Income Continuous Operations": NaN,
        "Tax Provision": NaN,
        "Pretax Income": NaN,
        "Other Income Expense": NaN,
        "Other Non Operating Income Expenses": NaN,
        "Special Income Charges": -9000.0,
        "Restructuring And Mergern Acquisition": 9000.0,
        "Net Non Operating Interest Income Expense": NaN,
        "Total Other Finance Cost": -5023000.0,
        "Interest Income Non Operating": NaN,
        "Operating Income": NaN,
        "Operating Expense": NaN,
        "Research And Development": NaN,
        "Selling General And Administration": NaN,
        "Selling And Marketing Expense": NaN,
        "General And Administrative Expense": NaN,
        "Other Gand A": NaN,
        "Gross Profit": NaN,
        "Cost Of Revenue": NaN,
        "Total Revenue": NaN,
        "Operating Revenue": NaN
    },
    "2022-06-30": {
        "Tax Effect Of Unusual Items": -14400.0,
        "Tax Rate For Calcs": 0.4,
        "Normalized EBITDA": 112241000.0,
        "Total Unusual Items": -36000.0,
        "Total Unusual Items Excluding Goodwill": -36000.0,
        "Net Income From Continuing Operation Net Minority Interest": 57186000.0,
        "Reconciled Depreciation": 73015000.0,
        "Reconciled Cost Of Revenue": 71018000.0,
        "EBITDA": 112205000.0,
        "EBIT": 39190000.0,
        "Net Interest Income": 3542000.0,
        "Interest Income": 3542000.0,
        "Normalized Income": 57207600.0,
        "Net Income From Continuing And Discontinued Operation": 57186000.0,
        "Total Expenses": 199730000.0,
        "Total Operating Income As Reported": 39154000.0,
        "Diluted Average Shares": 50406000.0,
        "Basic Average Shares": 50179000.0,
        "Diluted EPS": 1.13,
        "Basic EPS": 1.14,
        "Diluted NI Availto Com Stockholders": 57186000.0,
        "Net Income Common Stockholders": 57186000.0,
        "Net Income": 57186000.0,
        "Net Income Including Noncontrolling Interests": 57186000.0,
        "Net Income Continuous Operations": 57186000.0,
        "Tax Provision": -10076000.0,
        "Pretax Income": 47110000.0,
        "Other Income Expense": 4378000.0,
        "Other Non Operating Income Expenses": 4414000.0,
        "Special Income Charges": -36000.0,
        "Restructuring And Mergern Acquisition": 36000.0,
        "Net Non Operating Interest Income Expense": 3542000.0,
        "Total Other Finance Cost": NaN,
        "Interest Income Non Operating": 3542000.0,
        "Operating Income": 39190000.0,
        "Operating Expense": 128712000.0,
        "Research And Development": 33440000.0,
        "Selling General And Administration": 95272000.0,
        "Selling And Marketing Expense": 71569000.0,
        "General And Administrative Expense": 23703000.0,
        "Other Gand A": 23703000.0,
        "Gross Profit": 167902000.0,
        "Cost Of Revenue": 71018000.0,
        "Total Revenue": 238920000.0,
        "Operating Revenue": 238920000.0
    },
    "2023-06-30": {
        "Tax Effect Of Unusual Items": NaN,
        "Tax Rate For Calcs": NaN,
        "Normalized EBITDA": NaN,
        "Total Unusual Items": 0.0,
        "Total Unusual Items Excluding Goodwill": 0.0,
        "Net Income From Continuing Operation Net Minority Interest": NaN,
        "Reconciled Depreciation": NaN,
        "Reconciled Cost Of Revenue": NaN,
        "EBITDA": NaN,
        "EBIT": NaN,
        "Net Interest Income": NaN,
        "Interest Income": NaN,
        "Normalized Income": NaN,
        "Net Income From Continuing And Discontinued Operation": NaN,
        "Total Expenses": NaN,
        "Total Operating Income As Reported": NaN,
        "Diluted Average Shares": 64943000.0,
        "Basic Average Shares": 64614000.0,
        "Diluted EPS": 0.42,
        "Basic EPS": 0.42,
        "Diluted NI Availto Com Stockholders": NaN,
        "Net Income Common Stockholders": NaN,
        "Net Income": NaN,
        "Net Income Including Noncontrolling Interests": NaN,
        "Net Income Continuous Operations": NaN,
        "Tax Provision": NaN,
        "Pretax Income": NaN,
        "Other Income Expense": NaN,
        "Other Non Operating Income Expenses": NaN,
        "Special Income Charges": 0.0,
        "Restructuring And Mergern Acquisition": 0.0,
        "Net Non Operating Interest Income Expense": NaN,
        "Interest Income Non Operating": NaN,
        "Operating Income": NaN,
        "Operating Expense": NaN,
        "Research And Development": NaN,
        "Selling General And Administration": NaN,
        "Selling And Marketing Expense": NaN,
        "General And Administrative Expense": NaN,
        "Other Gand A": NaN,
        "Gross Profit": NaN,
        "Cost Of Revenue": NaN,
        "Total Revenue": NaN,
        "Operating Revenue": NaN
    },
    "2022-03-31": {
        "Diluted EPS": -0.09,
        "Total Revenue": 85,
        "Gross Profit": 41,
        "Operating Income": -3,
        "EBIT": 22,
        "Net Income": -3
    },
    "2021-12-31": {
        "Diluted EPS": -0.02,
        "Total Revenue": 82,
        "Gross Profit": 40,
        "Operating Income": 0,
        "EBIT": 25,
        "Net Income": -1
    },
    "2021-09-30": {
        "Diluted EPS": -3.85,
        "Total Revenue": 77,
        "Gross Profit": 33,
        "Operating Income": -313,
        "EBIT": NaN,
        "Net Income": -245
    },
    "2021-06-30": {
        "Diluted EPS": 1.39,
        "Total Revenue": 198,
        "Gross Profit": 184,
        "Operating Income": 106,
        "EBIT": 222,
        "Net Income": 95
    },
    "2021-03-31": {
        "Diluted EPS": 0.91,
        "Total Revenue": 163,
        "Gross Profit": 147,
        "Operating Income": 69,
        "EBIT": 74,
        "Net Income": 62
    },
    "2020-12-31": {
        "Diluted EPS": 1.89,
        "Total Revenue": 234,
        "Gross Profit": 219,
        "Operating Income": 149,
        "EBIT": 154,
        "Net Income": 129
    },
    "2020-09-30": {
        "Diluted EPS": -2.52,
        "Total Revenue": -266,
        "Gross Profit": -271,
        "Operating Income": -159,
        "EBIT": 39,
        "Net Income": -155
    },
    "2020-06-30": {
        "Diluted EPS": 1.38,
        "Total Revenue": 202,
        "Gross Profit": 187,
        "Operating Income": 116,
        "EBIT": 135,
        "Net Income": 95
    },
    "2020-03-31": {
        "Diluted EPS": 0.61,
        "Total Revenue": 131,
        "Gross Profit": 115,
        "Operating Income": 45,
        "EBIT": 51,
        "Net Income": 42
    },
    "2019-12-31": {
        "Diluted EPS": 0.58,
        "Total Revenue": 126,
        "Gross Profit": 110,
        "Operating Income": 43,
        "EBIT": 47,
        "Net Income": 40
    },
    "2019-09-30": {
        "Diluted EPS": 0.77,
        "Total Revenue": 140,
        "Gross Profit": 125,
        "Operating Income": 53,
        "EBIT": 57,
        "Net Income": 54
    },
    "2019-06-30": {
        "Diluted EPS": 1.45,
        "Total Revenue": 194,
        "Gross Profit": 179,
        "Operating Income": 110,
        "EBIT": 112,
        "Net Income": 102
    },
    "2019-03-31": {
        "Diluted EPS": 0.88,
        "Total Revenue": 148,
        "Gross Profit": 134,
        "Operating Income": 71,
        "EBIT": 73,
        "Net Income": 62
    },
    "2018-12-31": {
        "Diluted EPS": 0.83,
        "Total Revenue": 140,
        "Gross Profit": 126,
        "Operating Income": 64,
        "EBIT": 66,
        "Net Income": 59
    },
    "2018-09-30": {
        "Diluted EPS": 0.53,
        "Total Revenue": 114,
        "Gross Profit": 101,
        "Operating Income": 37,
        "EBIT": 39,
        "Net Income": 38
    },
    "2018-06-30": {
        "Diluted EPS": 0.88,
        "Total Revenue": 148,
        "Gross Profit": 135,
        "Operating Income": 68,
        "EBIT": 70,
        "Net Income": 64
    },
    "2018-03-31": {
        "Diluted EPS": 0.61,
        "Total Revenue": 128,
        "Gross Profit": 115,
        "Operating Income": 54,
        "EBIT": 55,
        "Net Income": 45
    },
    "2017-12-31": {
        "Diluted EPS": 1.81,
        "Total Revenue": 106,
        "Gross Profit": 93,
        "Operating Income": 30,
        "EBIT": 32,
        "Net Income": 132
    },
    "2017-09-30": {
        "Diluted EPS": 0.55,
        "Total Revenue": 126,
        "Gross Profit": 114,
        "Operating Income": 56,
        "EBIT": 57,
        "Net Income": 41
    },
    "2017-06-30": {
        "Diluted EPS": 0.94,
        "Total Revenue": 135,
        "Gross Profit": 123,
        "Operating Income": 54,
        "EBIT": 55,
        "Net Income": 72
    },
    "2017-03-31": {
        "Diluted EPS": 0.47,
        "Total Revenue": 119,
        "Gross Profit": 107,
        "Operating Income": 52,
        "EBIT": 54,
        "Net Income": 36
    },
    "2016-12-31": {
        "Diluted EPS": 0.48,
        "Total Revenue": 120,
        "Gross Profit": 108,
        "Operating Income": 56,
        "EBIT": 58,
        "Net Income": 37
    },
    "2016-09-30": {
        "Diluted EPS": 0.44,
        "Total Revenue": 120,
        "Gross Profit": 109,
        "Operating Income": 55,
        "EBIT": 57,
        "Net Income": 35
    },
    "2016-06-30": {
        "Diluted EPS": 0.4,
        "Total Revenue": 114,
        "Gross Profit": 102,
        "Operating Income": 49,
        "EBIT": 51,
        "Net Income": 33
    },
    "2016-03-31": {
        "Diluted EPS": 0.4,
        "Total Revenue": 119,
        "Gross Profit": 107,
        "Operating Income": 51,
        "EBIT": 52,
        "Net Income": 33
    },
    "2015-12-31": {
        "Diluted EPS": 0.44,
        "Total Revenue": 119,
        "Gross Profit": 107,
        "Operating Income": 56,
        "EBIT": 58,
        "Net Income": 37
    },
    "2015-09-30": {
        "Diluted EPS": 0.44,
        "Total Revenue": 120,
        "Gross Profit": 107,
        "Operating Income": 55,
        "EBIT": 57,
        "Net Income": 37
    },
    "2015-06-30": {
        "Diluted EPS": 0.35,
        "Total Revenue": 114,
        "Gross Profit": 102,
        "Operating Income": 47,
        "EBIT": 49,
        "Net Income": 31
    },
    "2015-03-31": {
        "Diluted EPS": 0.32,
        "Total Revenue": 111,
        "Gross Profit": 99,
        "Operating Income": 42,
        "EBIT": 43,
        "Net Income": 28
    },
    "2014-12-31": {
        "Diluted EPS": 0.34,
        "Total Revenue": 108,
        "Gross Profit": 96,
        "Operating Income": 47,
        "EBIT": 48,
        "Net Income": 30
    },
    "2014-09-30": {
        "Diluted EPS": 0.32,
        "Total Revenue": 107,
        "Gross Profit": 95,
        "Operating Income": 45,
        "EBIT": 46,
        "Net Income": 29
    },
    "2014-06-30": {
        "Diluted EPS": 0.29,
        "Total Revenue": 102,
        "Gross Profit": 89,
        "Operating Income": 37,
        "EBIT": 39,
        "Net Income": 27
    },
    "2014-03-31": {
        "Diluted EPS": 0.22,
        "Total Revenue": 104,
        "Gross Profit": 88,
        "Operating Income": 31,
        "EBIT": 33,
        "Net Income": 21
    },
    "2013-12-31": {
        "Diluted EPS": 0.25,
        "Total Revenue": 99,
        "Gross Profit": 86,
        "Operating Income": 36,
        "EBIT": 37,
        "Net Income": 23
    },
    "2013-09-30": {
        "Diluted EPS": 0.16,
        "Total Revenue": 88,
        "Gross Profit": 75,
        "Operating Income": 25,
        "EBIT": 26,
        "Net Income": 15
    },
    "2013-06-30": {
        "Diluted EPS": 0.21,
        "Total Revenue": 83,
        "Gross Profit": 70,
        "Operating Income": 15,
        "EBIT": 16,
        "Net Income": 20
    },
    "2013-03-31": {
        "Diluted EPS": 0.11,
        "Total Revenue": 79,
        "Gross Profit": 67,
        "Operating Income": 16,
        "EBIT": 18,
        "Net Income": 11
    },
    "2012-12-31": {
        "Diluted EPS": 0.1,
        "Total Revenue": 77,
        "Gross Profit": 65,
        "Operating Income": 15,
        "EBIT": 16,
        "Net Income": 10
    },
    "2012-09-30": {
        "Diluted EPS": 0.05,
        "Total Revenue": 71,
        "Gross Profit": 59,
        "Operating Income": 9,
        "EBIT": 10,
        "Net Income": 4
    },
    "2012-06-30": {
        "Diluted EPS": -0.06,
        "Total Revenue": 64,
        "Gross Profit": 51,
        "Operating Income": -4,
        "EBIT": -2,
        "Net Income": -5
    },
    "2012-03-31": {
        "Diluted EPS": -0.01,
        "Total Revenue": 61,
        "Gross Profit": 49,
        "Operating Income": -3,
        "EBIT": -2,
        "Net Income": -1
    },
    "2011-12-31": {
        "Diluted EPS": 0.04,
        "Total Revenue": 67,
        "Gross Profit": 54,
        "Operating Income": 7,
        "EBIT": 8,
        "Net Income": 4
    },
    "2011-09-30": {
        "Diluted EPS": -0.12,
        "Total Revenue": 51,
        "Gross Profit": 37,
        "Operating Income": -16,
        "EBIT": -14,
        "Net Income": -12
    },
    "2011-06-30": {
        "Diluted EPS": 0.45,
        "Total Revenue": 53,
        "Gross Profit": 37,
        "Operating Income": -18,
        "EBIT": -17,
        "Net Income": 42
    },
    "2011-03-31": {
        "Diluted EPS": -0.06,
        "Total Revenue": 53,
        "Gross Profit": 42,
        "Operating Income": -7,
        "EBIT": -6,
        "Net Income": -6
    },
    "2010-12-31": {
        "Diluted EPS": -0.11,
        "Total Revenue": 50,
        "Gross Profit": 36,
        "Operating Income": -9,
        "EBIT": -8,
        "Net Income": -10
    },
    "2010-09-30": {
        "Diluted EPS": -0.17,
        "Total Revenue": 43,
        "Gross Profit": 30,
        "Operating Income": -20,
        "EBIT": -18,
        "Net Income": -15
    },
    "2010-06-30": {
        "Diluted EPS": -0.37,
        "Total Revenue": 38,
        "Gross Profit": 21,
        "Operating Income": -36,
        "EBIT": -34,
        "Net Income": -34
    },
    "2010-03-31": {
        "Diluted EPS": -0.24,
        "Total Revenue": 46,
        "Gross Profit": 31,
        "Operating Income": -20,
        "EBIT": -18,
        "Net Income": -22
    },
    "2009-12-31": {
        "Diluted EPS": -0.34,
        "Total Revenue": 43,
        "Gross Profit": 26,
        "Operating Income": -29,
        "EBIT": -28,
        "Net Income": -31
    },
    "2009-09-30": {
        "Diluted EPS": -0.23,
        "Total Revenue": 40,
        "Gross Profit": 22,
        "Operating Income": -25,
        "EBIT": -23,
        "Net Income": -21
    },
    "2009-06-30": {
        "Diluted EPS": 0.11,
        "Total Revenue": 71,
        "Gross Profit": 51,
        "Operating Income": 2,
        "EBIT": 4,
        "Net Income": 10
    },
    "2009-03-31": {
        "Diluted EPS": 0.09,
        "Total Revenue": 71,
        "Gross Profit": 53,
        "Operating Income": 4,
        "EBIT": 6,
        "Net Income": 8
    },
    "2023-09-30": {
        "Tax Effect Of Unusual Items": 0.0,
        "Tax Rate For Calcs": 0.336,
        "Normalized EBITDA": 63008000.0,
        "Total Unusual Items": 0.0,
        "Total Unusual Items Excluding Goodwill": 0.0,
        "Net Income From Continuing Operation Net Minority Interest": -34525000.0,
        "Reconciled Depreciation": 123219000.0,
        "Reconciled Cost Of Revenue": 98060000.0,
        "EBITDA": 63008000.0,
        "EBIT": -60211000.0,
        "Net Interest Income": 14049000.0,
        "Interest Income": 14049000.0,
        "Normalized Income": -34525000.0,
        "Net Income From Continuing And Discontinued Operation": -34525000.0,
        "Total Expenses": 309519000.0,
        "Total Operating Income As Reported": -60211000.0,
        "Diluted Average Shares": 64319000.0,
        "Basic Average Shares": 64319000.0,
        "Diluted EPS": -0.54,
        "Basic EPS": -0.54,
        "Diluted NI Availto Com Stockholders": -34525000.0,
        "Net Income Common Stockholders": -34525000.0,
        "Net Income": -34525000.0,
        "Net Income Including Noncontrolling Interests": -34525000.0,
        "Net Income Continuous Operations": -34525000.0,
        "Tax Provision": -17467000.0,
        "Pretax Income": -51992000.0,
        "Other Income Expense": -5830000.0,
        "Other Non Operating Income Expenses": -5830000.0,
        "Special Income Charges": 0.0,
        "Restructuring And Mergern Acquisition": 0.0,
        "Net Non Operating Interest Income Expense": 14049000.0,
        "Interest Income Non Operating": 14049000.0,
        "Operating Income": -60211000.0,
        "Operating Expense": 211459000.0,
        "Research And Development": 53676000.0,
        "Selling General And Administration": 157783000.0,
        "Selling And Marketing Expense": 122378000.0,
        "General And Administrative Expense": 35405000.0,
        "Other Gand A": 35405000.0,
        "Gross Profit": 151248000.0,
        "Cost Of Revenue": 98060000.0,
        "Total Revenue": 249308000.0,
        "Operating Revenue": 249308000.0
    },
    "2023-12-31": {
        "Tax Effect Of Unusual Items": 0.0,
        "Tax Rate For Calcs": 0.21,
        "Normalized EBITDA": 73924000.0,
        "Total Unusual Items": NaN,
        "Total Unusual Items Excluding Goodwill": NaN,
        "Net Income From Continuing Operation Net Minority Interest": -21500000.0,
        "Reconciled Depreciation": 123167000.0,
        "Reconciled Cost Of Revenue": 94933000.0,
        "EBITDA": 73924000.0,
        "EBIT": -49243000.0,
        "Net Interest Income": 12283000.0,
        "Interest Income": 12283000.0,
        "Normalized Income": -21500000.0,
        "Net Income From Continuing And Discontinued Operation": -21500000.0,
        "Total Expenses": 306406000.0,
        "Total Operating Income As Reported": -49243000.0,
        "Diluted Average Shares": 63699000.0,
        "Basic Average Shares": 63699000.0,
        "Diluted EPS": -0.34,
        "Basic EPS": -0.34,
        "Diluted NI Availto Com Stockholders": -21500000.0,
        "Net Income Common Stockholders": -21500000.0,
        "Net Income": -21500000.0,
        "Net Income Including Noncontrolling Interests": -21500000.0,
        "Net Income Continuous Operations": -21500000.0,
        "Tax Provision": -15659000.0,
        "Pretax Income": -37159000.0,
        "Other Income Expense": -199000.0,
        "Other Non Operating Income Expenses": -199000.0,
        "Special Income Charges": NaN,
        "Restructuring And Mergern Acquisition": NaN,
        "Net Non Operating Interest Income Expense": 12283000.0,
        "Interest Income Non Operating": 12283000.0,
        "Operating Income": -49243000.0,
        "Operating Expense": 211473000.0,
        "Research And Development": 53145000.0,
        "Selling General And Administration": 158328000.0,
        "Selling And Marketing Expense": 122240000.0,
        "General And Administrative Expense": 36088000.0,
        "Other Gand A": 36088000.0,
        "Gross Profit": 162230000.0,
        "Cost Of Revenue": 94933000.0,
        "Total Revenue": 257163000.0,
        "Operating Revenue": 257163000.0
    },
    "2024-03-31": {
        "Tax Effect Of Unusual Items": 0.0,
        "Tax Rate For Calcs": 0.21,
        "Normalized EBITDA": 104114000.0,
        "Total Unusual Items": NaN,
        "Total Unusual Items Excluding Goodwill": NaN,
        "Net Income From Continuing Operation Net Minority Interest": 1556000.0,
        "Reconciled Depreciation": 123408000.0,
        "Reconciled Cost Of Revenue": 92942000.0,
        "EBITDA": 104114000.0,
        "EBIT": -19294000.0,
        "Net Interest Income": 13723000.0,
        "Interest Income": 13723000.0,
        "Normalized Income": 1556000.0,
        "Net Income From Continuing And Discontinued Operation": 1556000.0,
        "Total Expenses": 297400000.0,
        "Total Operating Income As Reported": -19294000.0,
        "Diluted Average Shares": 63802000.0,
        "Basic Average Shares": 63508000.0,
        "Diluted EPS": 0.02,
        "Basic EPS": 0.02,
        "Diluted NI Availto Com Stockholders": 1556000.0,
        "Net Income Common Stockholders": 1556000.0,
        "Net Income": 1556000.0,
        "Net Income Including Noncontrolling Interests": 1556000.0,
        "Net Income Continuous Operations": 1556000.0,
        "Tax Provision": -9115000.0,
        "Pretax Income": -7559000.0,
        "Other Income Expense": -1988000.0,
        "Other Non Operating Income Expenses": -1988000.0,
        "Special Income Charges": NaN,
        "Restructuring And Mergern Acquisition": NaN,
        "Net Non Operating Interest Income Expense": 13723000.0,
        "Interest Income Non Operating": 13723000.0,
        "Operating Income": -19294000.0,
        "Operating Expense": 204458000.0,
        "Research And Development": 49334000.0,
        "Selling General And Administration": 155124000.0,
        "Selling And Marketing Expense": 121303000.0,
        "General And Administrative Expense": 33821000.0,
        "Other Gand A": 33821000.0,
        "Gross Profit": 185164000.0,
        "Cost Of Revenue": 92942000.0,
        "Total Revenue": 278106000.0,
        "Operating Revenue": 278106000.0
    },
    "2024-06-30": {
        "Tax Effect Of Unusual Items": 0.0,
        "Tax Rate For Calcs": 0.154648,
        "Normalized EBITDA": 162424000.0,
        "Total Unusual Items": NaN,
        "Total Unusual Items Excluding Goodwill": NaN,
        "Net Income From Continuing Operation Net Minority Interest": 44698000.0,
        "Reconciled Depreciation": 123215000.0,
        "Reconciled Cost Of Revenue": 96641000.0,
        "EBITDA": 162424000.0,
        "EBIT": 39209000.0,
        "Net Interest Income": 14127000.0,
        "Interest Income": 14127000.0,
        "Normalized Income": 44698000.0,
        "Net Income From Continuing And Discontinued Operation": 44698000.0,
        "Total Expenses": 303696000.0,
        "Total Operating Income As Reported": 39209000.0,
        "Diluted Average Shares": NaN,
        "Basic Average Shares": NaN,
        "Diluted EPS": NaN,
        "Basic EPS": NaN,
        "Diluted NI Availto Com Stockholders": 44698000.0,
        "Net Income Common Stockholders": 44698000.0,
        "Net Income": 44698000.0,
        "Net Income Including Noncontrolling Interests": 44698000.0,
        "Net Income Continuous Operations": 44698000.0,
        "Tax Provision": 8177000.0,
        "Pretax Income": 52875000.0,
        "Other Income Expense": -461000.0,
        "Other Non Operating Income Expenses": -461000.0,
        "Special Income Charges": NaN,
        "Restructuring And Mergern Acquisition": NaN,
        "Net Non Operating Interest Income Expense": 14127000.0,
        "Interest Income Non Operating": 14127000.0,
        "Operating Income": 39209000.0,
        "Operating Expense": 207055000.0,
        "Research And Development": 49959000.0,
        "Selling General And Administration": 157096000.0,
        "Selling And Marketing Expense": 124846000.0,
        "General And Administrative Expense": 32250000.0,
        "Other Gand A": 32250000.0,
        "Gross Profit": 246264000.0,
        "Cost Of Revenue": 96641000.0,
        "Total Revenue": 342905000.0,
        "Operating Revenue": 342905000.0
    },
    "2024-09-30": {
        "Tax Effect Of Unusual Items": -1637912.0,
        "Tax Rate For Calcs": 0.212,
        "Normalized EBITDA": 42343000.0,
        "Total Unusual Items": -7726000.0,
        "Total Unusual Items Excluding Goodwill": -7726000.0,
        "Net Income From Continuing Operation Net Minority Interest": -60464000.0,
        "Reconciled Depreciation": 122856000.0,
        "Reconciled Cost Of Revenue": 95447000.0,
        "EBITDA": 34617000.0,
        "EBIT": -88239000.0,
        "Net Interest Income": 17176000.0,
        "Interest Income": 17176000.0,
        "Normalized Income": -54375912.0,
        "Net Income From Continuing And Discontinued Operation": -60464000.0,
        "Total Expenses": 304116000.0,
        "Total Operating Income As Reported": -95965000.0,
        "Diluted Average Shares": 63244000.0,
        "Basic Average Shares": 63244000.0,
        "Diluted EPS": -0.96,
        "Basic EPS": -0.96,
        "Diluted NI Availto Com Stockholders": -60464000.0,
        "Net Income Common Stockholders": -60464000.0,
        "Net Income": -60464000.0,
        "Net Income Including Noncontrolling Interests": -60464000.0,
        "Net Income Continuous Operations": -60464000.0,
        "Tax Provision": -16284000.0,
        "Pretax Income": -76748000.0,
        "Other Income Expense": -5685000.0,
        "Other Non Operating Income Expenses": 2041000.0,
        "Special Income Charges": -7726000.0,
        "Restructuring And Mergern Acquisition": 7726000.0,
        "Net Non Operating Interest Income Expense": 17176000.0,
        "Interest Income Non Operating": 17176000.0,
        "Operating Income": -88239000.0,
        "Operating Expense": 208669000.0,
        "Research And Development": 50000000.0,
        "Selling General And Administration": 158669000.0,
        "Selling And Marketing Expense": 125661000.0,
        "General And Administrative Expense": 33008000.0,
        "Other Gand A": 33008000.0,
        "Gross Profit": 120430000.0,
        "Cost Of Revenue": 95447000.0,
        "Total Revenue": 215877000.0,
        "Operating Revenue": 215877000.0
    }
}