{
    "2023-03-31": {
        "Tax Effect Of Unusual Items": NaN,
        "Tax Rate For Calcs": NaN,
        "Normalized EBITDA": NaN,
        "Total Unusual Items": NaN,
        "Total Unusual Items Excluding Goodwill": NaN,
        "Net Income From Continuing Operation Net Minority Interest": NaN,
        "Reconciled Depreciation": NaN,
        "Reconciled Cost Of Revenue": NaN,
        "EBITDA": NaN,
        "EBIT": NaN,
        "Net Interest Income": NaN,
        "Interest Expense": 0.0,
        "Interest Income": NaN,
        "Normalized Income": NaN,
        "Net Income From Continuing And Discontinued Operation": NaN,
        "Total Expenses": NaN,
        "Total Operating Income As Reported": NaN,
        "Diluted Average Shares": NaN,
        "Basic Average Shares": NaN,
        "Diluted EPS": NaN,
        "Basic EPS": NaN,
        "Diluted NI Availto Com Stockholders": NaN,
        "Net Income Common Stockholders": NaN,
        "Net Income": NaN,
        "Net Income Including Noncontrolling Interests": NaN,
        "Net Income Discontinuous Operations": NaN,
        "Net Income Continuous Operations": NaN,
        "Tax Provision": NaN,
        "Pretax Income": NaN,
        "Other Income Expense": NaN,
        "Other Non Operating Income Expenses": NaN,
        "Special Income Charges": NaN,
        "Impairment Of Capital Assets": 0.0,
        "Restructuring And Mergern Acquisition": NaN,
        "Net Non Operating Interest Income Expense": NaN,
        "Total Other Finance Cost": NaN,
        "Interest Expense Non Operating": 0.0,
        "Interest Income Non Operating": NaN,
        "Operating Income": NaN,
        "Operating Expense": NaN,
        "Research And Development": NaN,
        "Selling General And Administration": NaN,
        "Gross Profit": NaN,
        "Cost Of Revenue": NaN,
        "Total Revenue": NaN,
        "Operating Revenue": NaN
    },
    "2022-12-31": {
        "Tax Effect Of Unusual Items": NaN,
        "Tax Rate For Calcs": NaN,
        "Normalized EBITDA": NaN,
        "Total Unusual Items": NaN,
        "Total Unusual Items Excluding Goodwill": NaN,
        "Net Income From Continuing Operation Net Minority Interest": NaN,
        "Reconciled Depreciation": NaN,
        "Reconciled Cost Of Revenue": NaN,
        "EBITDA": NaN,
        "EBIT": NaN,
        "Net Interest Income": NaN,
        "Interest Expense": 43000.0,
        "Interest Income": NaN,
        "Normalized Income": NaN,
        "Net Income From Continuing And Discontinued Operation": NaN,
        "Total Expenses": NaN,
        "Total Operating Income As Reported": NaN,
        "Diluted Average Shares": NaN,
        "Basic Average Shares": NaN,
        "Diluted EPS": NaN,
        "Basic EPS": NaN,
        "Diluted NI Availto Com Stockholders": NaN,
        "Net Income Common Stockholders": NaN,
        "Net Income": NaN,
        "Net Income Including Noncontrolling Interests": NaN,
        "Net Income Discontinuous Operations": NaN,
        "Net Income Continuous Operations": NaN,
        "Tax Provision": NaN,
        "Pretax Income": NaN,
        "Other Income Expense": NaN,
        "Other Non Operating Income Expenses": NaN,
        "Special Income Charges": NaN,
        "Impairment Of Capital Assets": NaN,
        "Restructuring And Mergern Acquisition": NaN,
        "Net Non Operating Interest Income Expense": NaN,
        "Total Other Finance Cost": -10665000.0,
        "Interest Expense Non Operating": 43000.0,
        "Interest Income Non Operating": NaN,
        "Operating Income": NaN,
        "Operating Expense": NaN,
        "Research And Development": NaN,
        "Selling General And Administration": NaN,
        "Gross Profit": NaN,
        "Cost Of Revenue": NaN,
        "Total Revenue": NaN,
        "Operating Revenue": NaN
    },
    "2022-09-30": {
        "Tax Effect Of Unusual Items": NaN,
        "Tax Rate For Calcs": NaN,
        "Normalized EBITDA": NaN,
        "Total Unusual Items": NaN,
        "Total Unusual Items Excluding Goodwill": NaN,
        "Net Income From Continuing Operation Net Minority Interest": NaN,
        "Reconciled Depreciation": NaN,
        "Reconciled Cost Of Revenue": NaN,
        "EBITDA": NaN,
        "EBIT": NaN,
        "Net Interest Income": NaN,
        "Interest Expense": 478000.0,
        "Interest Income": NaN,
        "Normalized Income": NaN,
        "Net Income From Continuing And Discontinued Operation": NaN,
        "Total Expenses": NaN,
        "Total Operating Income As Reported": NaN,
        "Diluted Average Shares": NaN,
        "Basic Average Shares": NaN,
        "Diluted EPS": NaN,
        "Basic EPS": NaN,
        "Diluted NI Availto Com Stockholders": NaN,
        "Net Income Common Stockholders": NaN,
        "Net Income": NaN,
        "Net Income Including Noncontrolling Interests": NaN,
        "Net Income Discontinuous Operations": NaN,
        "Net Income Continuous Operations": NaN,
        "Tax Provision": NaN,
        "Pretax Income": NaN,
        "Other Income Expense": NaN,
        "Other Non Operating Income Expenses": NaN,
        "Special Income Charges": NaN,
        "Other Special Charges": 0.0,
        "Impairment Of Capital Assets": NaN,
        "Restructuring And Mergern Acquisition": NaN,
        "Net Non Operating Interest Income Expense": NaN,
        "Total Other Finance Cost": NaN,
        "Interest Expense Non Operating": 478000.0,
        "Interest Income Non Operating": NaN,
        "Operating Income": NaN,
        "Operating Expense": NaN,
        "Research And Development": NaN,
        "Selling General And Administration": NaN,
        "Gross Profit": NaN,
        "Cost Of Revenue": NaN,
        "Total Revenue": NaN,
        "Operating Revenue": NaN
    },
    "2022-06-30": {
        "Tax Effect Of Unusual Items": -10000.0,
        "Tax Rate For Calcs": 0.4,
        "Normalized EBITDA": 15212000.0,
        "Total Unusual Items": -25000.0,
        "Total Unusual Items Excluding Goodwill": -25000.0,
        "Net Income From Continuing Operation Net Minority Interest": -7015000.0,
        "Reconciled Depreciation": 12808000.0,
        "Reconciled Cost Of Revenue": 73135000.0,
        "EBITDA": 15187000.0,
        "EBIT": 2379000.0,
        "Net Interest Income": 4721000.0,
        "Interest Expense": 2101000.0,
        "Interest Income": 6822000.0,
        "Normalized Income": -7000000.0,
        "Net Income From Continuing And Discontinued Operation": -9570000.0,
        "Total Expenses": 137783000.0,
        "Total Operating Income As Reported": -5073000.0,
        "Diluted Average Shares": 74989000.0,
        "Basic Average Shares": 74989000.0,
        "Diluted EPS": -0.13,
        "Basic EPS": -0.13,
        "Diluted NI Availto Com Stockholders": -9570000.0,
        "Net Income Common Stockholders": -9570000.0,
        "Net Income": -9570000.0,
        "Net Income Including Noncontrolling Interests": -9570000.0,
        "Net Income Discontinuous Operations": -2555000.0,
        "Net Income Continuous Operations": -7015000.0,
        "Tax Provision": 7293000.0,
        "Pretax Income": 278000.0,
        "Other Income Expense": 605000.0,
        "Other Non Operating Income Expenses": 630000.0,
        "Special Income Charges": -25000.0,
        "Other Special Charges": NaN,
        "Restructuring And Mergern Acquisition": 25000.0,
        "Net Non Operating Interest Income Expense": 4721000.0,
        "Interest Expense Non Operating": 2101000.0,
        "Interest Income Non Operating": 6822000.0,
        "Operating Income": -5048000.0,
        "Operating Expense": 64648000.0,
        "Research And Development": 6515000.0,
        "Selling General And Administration": 58133000.0,
        "Gross Profit": 59600000.0,
        "Cost Of Revenue": 73135000.0,
        "Total Revenue": 132735000.0,
        "Operating Revenue": 132735000.0
    },
    "2022-03-31": {
        "Diluted EPS": 28.28,
        "Total Revenue": 146,
        "Gross Profit": 71,
        "Operating Income": -5,
        "EBIT": 8,
        "Net Income": NaN
    },
    "2021-12-31": {
        "Diluted EPS": 0.58,
        "Total Revenue": 140,
        "Gross Profit": 67,
        "Operating Income": 0,
        "EBIT": 13,
        "Net Income": 43
    },
    "2021-09-30": {
        "Diluted EPS": 0.29,
        "Total Revenue": 137,
        "Gross Profit": 66,
        "Operating Income": -21,
        "EBIT": -5,
        "Net Income": 22
    },
    "2021-06-30": {
        "Diluted EPS": 0.53,
        "Total Revenue": 129,
        "Gross Profit": 62,
        "Operating Income": -1,
        "EBIT": 16,
        "Net Income": 39
    },
    "2021-03-31": {
        "Diluted EPS": 0.32,
        "Total Revenue": 130,
        "Gross Profit": 58,
        "Operating Income": -9,
        "EBIT": 7,
        "Net Income": 24
    },
    "2020-12-31": {
        "Diluted EPS": 0.35,
        "Total Revenue": 118,
        "Gross Profit": 57,
        "Operating Income": 0,
        "EBIT": 16,
        "Net Income": 26
    },
    "2020-09-30": {
        "Diluted EPS": 0.39,
        "Total Revenue": -263,
        "Gross Profit": -96,
        "Operating Income": -81,
        "EBIT": -65,
        "Net Income": 29
    },
    "2020-06-30": {
        "Diluted EPS": 0.19,
        "Total Revenue": 220,
        "Gross Profit": 93,
        "Operating Income": 19,
        "EBIT": 36,
        "Net Income": 14
    },
    "2020-03-31": {
        "Diluted EPS": 0.12,
        "Total Revenue": 220,
        "Gross Profit": 90,
        "Operating Income": 15,
        "EBIT": 31,
        "Net Income": 9
    },
    "2019-12-31": {
        "Diluted EPS": 0.18,
        "Total Revenue": 211,
        "Gross Profit": 85,
        "Operating Income": 11,
        "EBIT": 27,
        "Net Income": 13
    },
    "2019-09-30": {
        "Diluted EPS": 5.69,
        "Total Revenue": -247,
        "Gross Profit": -102,
        "Operating Income": -83,
        "EBIT": -68,
        "Net Income": 412
    },
    "2019-06-30": {
        "Diluted EPS": 0.1,
        "Total Revenue": 204,
        "Gross Profit": 84,
        "Operating Income": 16,
        "EBIT": 31,
        "Net Income": 7
    },
    "2019-03-31": {
        "Diluted EPS": 0.05,
        "Total Revenue": 198,
        "Gross Profit": 81,
        "Operating Income": 14,
        "EBIT": 28,
        "Net Income": 3
    },
    "2018-12-31": {
        "Diluted EPS": 0.2,
        "Total Revenue": 179,
        "Gross Profit": 72,
        "Operating Income": 5,
        "EBIT": 17,
        "Net Income": 14
    },
    "2018-09-30": {
        "Diluted EPS": 0.14,
        "Total Revenue": 160,
        "Gross Profit": 63,
        "Operating Income": 4,
        "EBIT": 14,
        "Net Income": 10
    },
    "2018-06-30": {
        "Diluted EPS": 0.32,
        "Total Revenue": 172,
        "Gross Profit": 67,
        "Operating Income": 13,
        "EBIT": 23,
        "Net Income": 23
    },
    "2018-03-31": {
        "Diluted EPS": 0.95,
        "Total Revenue": 157,
        "Gross Profit": 62,
        "Operating Income": 10,
        "EBIT": 20,
        "Net Income": 67
    },
    "2017-12-31": {
        "Diluted EPS": 0.23,
        "Total Revenue": 143,
        "Gross Profit": 54,
        "Operating Income": 5,
        "EBIT": 14,
        "Net Income": 16
    },
    "2017-09-30": {
        "Diluted EPS": 0.24,
        "Total Revenue": 16,
        "Gross Profit": 6,
        "Operating Income": -32,
        "EBIT": -25,
        "Net Income": 17
    },
    "2017-06-30": {
        "Diluted EPS": 0.25,
        "Total Revenue": 182,
        "Gross Profit": 72,
        "Operating Income": 19,
        "EBIT": 26,
        "Net Income": 17
    },
    "2017-03-31": {
        "Diluted EPS": 0.2,
        "Total Revenue": 169,
        "Gross Profit": 65,
        "Operating Income": 15,
        "EBIT": 22,
        "Net Income": 14
    },
    "2016-12-31": {
        "Diluted EPS": 0.2,
        "Total Revenue": 160,
        "Gross Profit": 57,
        "Operating Income": 13,
        "EBIT": 20,
        "Net Income": 14
    },
    "2016-09-30": {
        "Diluted EPS": 0.16,
        "Total Revenue": 31,
        "Gross Profit": 15,
        "Operating Income": -11,
        "EBIT": -4,
        "Net Income": 11
    },
    "2016-06-30": {
        "Diluted EPS": 0.12,
        "Total Revenue": 148,
        "Gross Profit": 54,
        "Operating Income": 8,
        "EBIT": 16,
        "Net Income": 9
    },
    "2016-03-31": {
        "Diluted EPS": -1.22,
        "Total Revenue": 135,
        "Gross Profit": 47,
        "Operating Income": -6,
        "EBIT": 1,
        "Net Income": -84
    },
    "2015-12-31": {
        "Diluted EPS": -0.07,
        "Total Revenue": 120,
        "Gross Profit": 41,
        "Operating Income": -8,
        "EBIT": -2,
        "Net Income": -5
    },
    "2015-09-30": {
        "Diluted EPS": 0.1,
        "Total Revenue": 146,
        "Gross Profit": 53,
        "Operating Income": 10,
        "EBIT": 17,
        "Net Income": 7
    },
    "2015-06-30": {
        "Diluted EPS": 0.11,
        "Total Revenue": 145,
        "Gross Profit": 51,
        "Operating Income": 10,
        "EBIT": 17,
        "Net Income": 8
    },
    "2015-03-31": {
        "Diluted EPS": 0.04,
        "Total Revenue": 139,
        "Gross Profit": 46,
        "Operating Income": 3,
        "EBIT": 10,
        "Net Income": 3
    },
    "2014-12-31": {
        "Diluted EPS": -0.04,
        "Total Revenue": 123,
        "Gross Profit": 39,
        "Operating Income": -6,
        "EBIT": 0,
        "Net Income": -3
    },
    "2014-09-30": {
        "Diluted EPS": 0.0,
        "Total Revenue": 123,
        "Gross Profit": 41,
        "Operating Income": -1,
        "EBIT": 6,
        "Net Income": 0
    },
    "2014-06-30": {
        "Diluted EPS": 0.36,
        "Total Revenue": 117,
        "Gross Profit": 41,
        "Operating Income": -6,
        "EBIT": 0,
        "Net Income": 24
    },
    "2014-03-31": {
        "Diluted EPS": 0.05,
        "Total Revenue": 126,
        "Gross Profit": 44,
        "Operating Income": 2,
        "EBIT": 8,
        "Net Income": 3
    },
    "2013-12-31": {
        "Diluted EPS": 0.05,
        "Total Revenue": 117,
        "Gross Profit": 41,
        "Operating Income": 1,
        "EBIT": 7,
        "Net Income": 3
    },
    "2013-09-30": {
        "Diluted EPS": 0.1,
        "Total Revenue": 104,
        "Gross Profit": 34,
        "Operating Income": -3,
        "EBIT": 4,
        "Net Income": 6
    },
    "2013-06-30": {
        "Diluted EPS": 0.02,
        "Total Revenue": 111,
        "Gross Profit": 36,
        "Operating Income": 2,
        "EBIT": 8,
        "Net Income": 2
    },
    "2013-03-31": {
        "Diluted EPS": -0.01,
        "Total Revenue": 109,
        "Gross Profit": 33,
        "Operating Income": -3,
        "EBIT": 3,
        "Net Income": -1
    },
    "2012-12-31": {
        "Diluted EPS": -0.14,
        "Total Revenue": 98,
        "Gross Profit": 29,
        "Operating Income": -13,
        "EBIT": -6,
        "Net Income": -9
    },
    "2012-09-30": {
        "Diluted EPS": 1.77,
        "Total Revenue": 89,
        "Gross Profit": 25,
        "Operating Income": -17,
        "EBIT": -11,
        "Net Income": 116
    },
    "2012-06-30": {
        "Diluted EPS": 0.12,
        "Total Revenue": 140,
        "Gross Profit": 46,
        "Operating Income": 8,
        "EBIT": 14,
        "Net Income": 8
    },
    "2012-03-31": {
        "Diluted EPS": 0.15,
        "Total Revenue": 139,
        "Gross Profit": 48,
        "Operating Income": 8,
        "EBIT": 14,
        "Net Income": 10
    },
    "2011-12-31": {
        "Diluted EPS": 0.04,
        "Total Revenue": 120,
        "Gross Profit": 40,
        "Operating Income": 1,
        "EBIT": 7,
        "Net Income": 3
    },
    "2011-09-30": {
        "Diluted EPS": 0.21,
        "Total Revenue": 131,
        "Gross Profit": 47,
        "Operating Income": 7,
        "EBIT": 13,
        "Net Income": 13
    },
    "2011-06-30": {
        "Diluted EPS": 1.03,
        "Total Revenue": 186,
        "Gross Profit": 57,
        "Operating Income": 22,
        "EBIT": 27,
        "Net Income": 67
    },
    "2011-03-31": {
        "Diluted EPS": 0.41,
        "Total Revenue": 193,
        "Gross Profit": 62,
        "Operating Income": 27,
        "EBIT": 31,
        "Net Income": 27
    },
    "2010-12-31": {
        "Diluted EPS": 0.36,
        "Total Revenue": 178,
        "Gross Profit": 57,
        "Operating Income": 24,
        "EBIT": 28,
        "Net Income": 23
    },
    "2010-09-30": {
        "Diluted EPS": 0.38,
        "Total Revenue": 182,
        "Gross Profit": 55,
        "Operating Income": 22,
        "EBIT": 28,
        "Net Income": 25
    },
    "2010-06-30": {
        "Diluted EPS": 0.26,
        "Total Revenue": 157,
        "Gross Profit": 46,
        "Operating Income": 17,
        "EBIT": 21,
        "Net Income": 17
    },
    "2010-03-31": {
        "Diluted EPS": 0.33,
        "Total Revenue": 148,
        "Gross Profit": 39,
        "Operating Income": 10,
        "EBIT": 15,
        "Net Income": 21
    },
    "2009-12-31": {
        "Diluted EPS": -0.04,
        "Total Revenue": 106,
        "Gross Profit": 26,
        "Operating Income": -2,
        "EBIT": 3,
        "Net Income": -3
    },
    "2009-09-30": {
        "Diluted EPS": -0.22,
        "Total Revenue": 64,
        "Gross Profit": 12,
        "Operating Income": -15,
        "EBIT": -81,
        "Net Income": -14
    },
    "2009-06-30": {
        "Diluted EPS": -0.41,
        "Total Revenue": 44,
        "Gross Profit": 4,
        "Operating Income": -26,
        "EBIT": -21,
        "Net Income": -26
    },
    "2009-03-31": {
        "Diluted EPS": -2.43,
        "Total Revenue": 37,
        "Gross Profit": -28,
        "Operating Income": -153,
        "EBIT": -73,
        "Net Income": -153
    },
    "2023-06-30": {
        "Tax Effect Of Unusual Items": NaN,
        "Tax Rate For Calcs": NaN,
        "Normalized EBITDA": NaN,
        "Total Unusual Items": NaN,
        "Total Unusual Items Excluding Goodwill": NaN,
        "Net Income From Continuing Operation Net Minority Interest": NaN,
        "Reconciled Depreciation": NaN,
        "Reconciled Cost Of Revenue": NaN,
        "EBITDA": NaN,
        "EBIT": NaN,
        "Net Interest Income": NaN,
        "Interest Expense": 0.0,
        "Interest Income": NaN,
        "Normalized Income": NaN,
        "Net Income From Continuing And Discontinued Operation": NaN,
        "Total Expenses": NaN,
        "Total Operating Income As Reported": NaN,
        "Diluted Average Shares": NaN,
        "Basic Average Shares": NaN,
        "Diluted EPS": NaN,
        "Basic EPS": NaN,
        "Diluted NI Availto Com Stockholders": NaN,
        "Net Income Common Stockholders": NaN,
        "Net Income": NaN,
        "Net Income Including Noncontrolling Interests": NaN,
        "Net Income Discontinuous Operations": NaN,
        "Net Income Continuous Operations": NaN,
        "Tax Provision": NaN,
        "Pretax Income": NaN,
        "Other Income Expense": NaN,
        "Other Non Operating Income Expenses": NaN,
        "Special Income Charges": NaN,
        "Impairment Of Capital Assets": 0.0,
        "Restructuring And Mergern Acquisition": NaN,
        "Net Non Operating Interest Income Expense": NaN,
        "Total Other Finance Cost": NaN,
        "Interest Expense Non Operating": 0.0,
        "Interest Income Non Operating": NaN,
        "Operating Income": NaN,
        "Operating Expense": NaN,
        "Research And Development": NaN,
        "Selling General And Administration": NaN,
        "Gross Profit": NaN,
        "Cost Of Revenue": NaN,
        "Total Revenue": NaN,
        "Operating Revenue": NaN
    },
    "2023-09-30": {
        "Tax Effect Of Unusual Items": NaN,
        "Tax Rate For Calcs": NaN,
        "Normalized EBITDA": NaN,
        "Total Unusual Items": NaN,
        "Total Unusual Items Excluding Goodwill": NaN,
        "Net Income From Continuing Operation Net Minority Interest": NaN,
        "Reconciled Depreciation": NaN,
        "Reconciled Cost Of Revenue": NaN,
        "EBITDA": NaN,
        "EBIT": NaN,
        "Net Interest Income": NaN,
        "Interest Expense": 0.0,
        "Interest Income": NaN,
        "Normalized Income": NaN,
        "Net Income From Continuing And Discontinued Operation": NaN,
        "Total Expenses": NaN,
        "Total Operating Income As Reported": NaN,
        "Diluted Average Shares": NaN,
        "Basic Average Shares": NaN,
        "Diluted EPS": NaN,
        "Basic EPS": NaN,
        "Diluted NI Availto Com Stockholders": NaN,
        "Net Income Common Stockholders": NaN,
        "Net Income": NaN,
        "Net Income Including Noncontrolling Interests": NaN,
        "Net Income Discontinuous Operations": NaN,
        "Net Income Continuous Operations": NaN,
        "Tax Provision": NaN,
        "Pretax Income": NaN,
        "Other Income Expense": NaN,
        "Other Non Operating Income Expenses": NaN,
        "Special Income Charges": NaN,
        "Impairment Of Capital Assets": NaN,
        "Restructuring And Mergern Acquisition": NaN,
        "Net Non Operating Interest Income Expense": NaN,
        "Total Other Finance Cost": NaN,
        "Interest Expense Non Operating": 0.0,
        "Interest Income Non Operating": NaN,
        "Operating Income": NaN,
        "Operating Expense": NaN,
        "Research And Development": NaN,
        "Selling General And Administration": NaN,
        "Gross Profit": NaN,
        "Cost Of Revenue": NaN,
        "Total Revenue": NaN,
        "Operating Revenue": NaN
    },
    "2023-12-31": {
        "Tax Effect Of Unusual Items": NaN,
        "Tax Rate For Calcs": NaN,
        "Normalized EBITDA": NaN,
        "Total Unusual Items": NaN,
        "Total Unusual Items Excluding Goodwill": NaN,
        "Net Income From Continuing Operation Net Minority Interest": NaN,
        "Reconciled Depreciation": NaN,
        "Reconciled Cost Of Revenue": NaN,
        "EBITDA": NaN,
        "EBIT": NaN,
        "Net Interest Income": NaN,
        "Interest Income": NaN,
        "Normalized Income": NaN,
        "Net Income From Continuing And Discontinued Operation": NaN,
        "Total Expenses": NaN,
        "Total Operating Income As Reported": NaN,
        "Diluted Average Shares": NaN,
        "Basic Average Shares": NaN,
        "Diluted EPS": NaN,
        "Basic EPS": NaN,
        "Diluted NI Availto Com Stockholders": NaN,
        "Net Income Common Stockholders": NaN,
        "Net Income": NaN,
        "Net Income Including Noncontrolling Interests": NaN,
        "Net Income Discontinuous Operations": NaN,
        "Net Income Continuous Operations": NaN,
        "Tax Provision": NaN,
        "Pretax Income": NaN,
        "Other Income Expense": NaN,
        "Other Non Operating Income Expenses": NaN,
        "Special Income Charges": NaN,
        "Impairment Of Capital Assets": NaN,
        "Restructuring And Mergern Acquisition": NaN,
        "Net Non Operating Interest Income Expense": NaN,
        "Total Other Finance Cost": -10081000.0,
        "Interest Income Non Operating": NaN,
        "Operating Income": NaN,
        "Operating Expense": NaN,
        "Research And Development": NaN,
        "Selling General And Administration": NaN,
        "Gross Profit": NaN,
        "Cost Of Revenue": NaN,
        "Total Revenue": NaN,
        "Operating Revenue": NaN
    },
    "2024-03-31": {
        "Tax Effect Of Unusual Items": NaN,
        "Tax Rate For Calcs": NaN,
        "Normalized EBITDA": NaN,
        "Total Unusual Items": NaN,
        "Total Unusual Items Excluding Goodwill": NaN,
        "Net Income From Continuing Operation Net Minority Interest": NaN,
        "Reconciled Depreciation": NaN,
        "Reconciled Cost Of Revenue": NaN,
        "EBITDA": NaN,
        "EBIT": NaN,
        "Net Interest Income": NaN,
        "Interest Income": 9479000.0,
        "Normalized Income": NaN,
        "Net Income From Continuing And Discontinued Operation": NaN,
        "Total Expenses": NaN,
        "Total Operating Income As Reported": NaN,
        "Diluted Average Shares": NaN,
        "Basic Average Shares": NaN,
        "Diluted EPS": NaN,
        "Basic EPS": NaN,
        "Diluted NI Availto Com Stockholders": NaN,
        "Net Income Common Stockholders": NaN,
        "Net Income": NaN,
        "Net Income Including Noncontrolling Interests": NaN,
        "Net Income Discontinuous Operations": NaN,
        "Net Income Continuous Operations": NaN,
        "Tax Provision": NaN,
        "Pretax Income": NaN,
        "Other Income Expense": NaN,
        "Other Non Operating Income Expenses": NaN,
        "Special Income Charges": NaN,
        "Impairment Of Capital Assets": NaN,
        "Restructuring And Mergern Acquisition": NaN,
        "Net Non Operating Interest Income Expense": NaN,
        "Total Other Finance Cost": NaN,
        "Interest Income Non Operating": 9479000.0,
        "Operating Income": NaN,
        "Operating Expense": NaN,
        "Research And Development": NaN,
        "Selling General And Administration": NaN,
        "Gross Profit": NaN,
        "Cost Of Revenue": NaN,
        "Total Revenue": NaN,
        "Operating Revenue": NaN
    },
    "2024-06-30": {
        "Tax Effect Of Unusual Items": NaN,
        "Tax Rate For Calcs": NaN,
        "Normalized EBITDA": NaN,
        "Total Unusual Items": NaN,
        "Total Unusual Items Excluding Goodwill": NaN,
        "Net Income From Continuing Operation Net Minority Interest": NaN,
        "Reconciled Depreciation": NaN,
        "Reconciled Cost Of Revenue": NaN,
        "EBITDA": NaN,
        "EBIT": NaN,
        "Net Interest Income": NaN,
        "Interest Income": 8004000.0,
        "Normalized Income": NaN,
        "Net Income From Continuing And Discontinued Operation": NaN,
        "Total Expenses": NaN,
        "Total Operating Income As Reported": NaN,
        "Diluted Average Shares": NaN,
        "Basic Average Shares": NaN,
        "Diluted EPS": NaN,
        "Basic EPS": NaN,
        "Diluted NI Availto Com Stockholders": NaN,
        "Net Income Common Stockholders": NaN,
        "Net Income": NaN,
        "Net Income Including Noncontrolling Interests": NaN,
        "Net Income Discontinuous Operations": NaN,
        "Net Income Continuous Operations": NaN,
        "Tax Provision": NaN,
        "Pretax Income": NaN,
        "Other Income Expense": NaN,
        "Other Non Operating Income Expenses": NaN,
        "Special Income Charges": NaN,
        "Impairment Of Capital Assets": 0.0,
        "Restructuring And Mergern Acquisition": NaN,
        "Net Non Operating Interest Income Expense": NaN,
        "Total Other Finance Cost": -7925000.0,
        "Interest Income Non Operating": 8004000.0,
        "Operating Income": NaN,
        "Operating Expense": NaN,
        "Research And Development": NaN,
        "Selling General And Administration": NaN,
        "Gross Profit": NaN,
        "Cost Of Revenue": NaN,
        "Total Revenue": NaN,
        "Operating Revenue": NaN
    },
    "2024-09-30": {
        "Tax Effect Of Unusual Items": -398485.560315,
        "Tax Rate For Calcs": 0.311317,
        "Normalized EBITDA": 14113000.0,
        "Total Unusual Items": -1280000.0,
        "Total Unusual Items Excluding Goodwill": -1280000.0,
        "Net Income From Continuing Operation Net Minority Interest": -4984000.0,
        "Reconciled Depreciation": 23845000.0,
        "Reconciled Cost Of Revenue": 100649000.0,
        "EBITDA": 12833000.0,
        "EBIT": -11012000.0,
        "Net Interest Income": 5527000.0,
        "Interest Income": 5527000.0,
        "Normalized Income": -4102485.560315,
        "Net Income From Continuing And Discontinued Operation": -4984000.0,
        "Total Expenses": 181075000.0,
        "Total Operating Income As Reported": -12292000.0,
        "Diluted Average Shares": NaN,
        "Basic Average Shares": NaN,
        "Diluted EPS": NaN,
        "Basic EPS": NaN,
        "Diluted NI Availto Com Stockholders": -4984000.0,
        "Net Income Common Stockholders": -4984000.0,
        "Net Income": -4984000.0,
        "Net Income Including Noncontrolling Interests": -4984000.0,
        "Net Income Discontinuous Operations": 0.0,
        "Net Income Continuous Operations": -4984000.0,
        "Tax Provision": -2253000.0,
        "Pretax Income": -7237000.0,
        "Other Income Expense": -1752000.0,
        "Other Non Operating Income Expenses": -472000.0,
        "Special Income Charges": -1280000.0,
        "Impairment Of Capital Assets": 0.0,
        "Restructuring And Mergern Acquisition": 1280000.0,
        "Net Non Operating Interest Income Expense": 5527000.0,
        "Total Other Finance Cost": NaN,
        "Interest Income Non Operating": 5527000.0,
        "Operating Income": -11012000.0,
        "Operating Expense": 80426000.0,
        "Research And Development": 8412000.0,
        "Selling General And Administration": 72014000.0,
        "Gross Profit": 69414000.0,
        "Cost Of Revenue": 100649000.0,
        "Total Revenue": 170063000.0,
        "Operating Revenue": 170063000.0
    },
    "2024-12-31": {
        "Tax Effect Of Unusual Items": -90510.0,
        "Tax Rate For Calcs": 0.21,
        "Normalized EBITDA": 7609000.0,
        "Total Unusual Items": -431000.0,
        "Total Unusual Items Excluding Goodwill": -431000.0,
        "Net Income From Continuing Operation Net Minority Interest": -9421000.0,
        "Reconciled Depreciation": 18100000.0,
        "Reconciled Cost Of Revenue": 78839000.0,
        "EBITDA": 7178000.0,
        "EBIT": -10922000.0,
        "Net Interest Income": 4298000.0,
        "Interest Income": 4298000.0,
        "Normalized Income": -9080510.0,
        "Net Income From Continuing And Discontinued Operation": -13340000.0,
        "Total Expenses": 158432000.0,
        "Total Operating Income As Reported": -11353000.0,
        "Diluted Average Shares": 45626000.0,
        "Basic Average Shares": 45626000.0,
        "Diluted EPS": -0.29,
        "Basic EPS": -0.29,
        "Diluted NI Availto Com Stockholders": -13340000.0,
        "Net Income Common Stockholders": -13340000.0,
        "Net Income": -13340000.0,
        "Net Income Including Noncontrolling Interests": -13340000.0,
        "Net Income Discontinuous Operations": -3919000.0,
        "Net Income Continuous Operations": -9421000.0,
        "Tax Provision": 3569000.0,
        "Pretax Income": -5852000.0,
        "Other Income Expense": 772000.0,
        "Other Non Operating Income Expenses": 1203000.0,
        "Special Income Charges": -431000.0,
        "Impairment Of Capital Assets": NaN,
        "Restructuring And Mergern Acquisition": 431000.0,
        "Net Non Operating Interest Income Expense": 4298000.0,
        "Total Other Finance Cost": NaN,
        "Interest Income Non Operating": 4298000.0,
        "Operating Income": -10922000.0,
        "Operating Expense": 79593000.0,
        "Research And Development": 6380000.0,
        "Selling General And Administration": 73213000.0,
        "Gross Profit": 68671000.0,
        "Cost Of Revenue": 78839000.0,
        "Total Revenue": 147510000.0,
        "Operating Revenue": 147510000.0
    },
    "2025-03-31": {
        "Tax Effect Of Unusual Items": -751800.0,
        "Tax Rate For Calcs": 0.21,
        "Normalized EBITDA": 4962000.0,
        "Total Unusual Items": -3580000.0,
        "Total Unusual Items Excluding Goodwill": -3580000.0,
        "Net Income From Continuing Operation Net Minority Interest": -18185000.0,
        "Reconciled Depreciation": 13953000.0,
        "Reconciled Cost Of Revenue": 77532000.0,
        "EBITDA": 1382000.0,
        "EBIT": -12571000.0,
        "Net Interest Income": 4489000.0,
        "Interest Income": 4489000.0,
        "Normalized Income": -15356800.0,
        "Net Income From Continuing And Discontinued Operation": -40456000.0,
        "Total Expenses": 155989000.0,
        "Total Operating Income As Reported": -16151000.0,
        "Diluted Average Shares": 45732000.0,
        "Basic Average Shares": 45732000.0,
        "Diluted EPS": -0.88,
        "Basic EPS": -0.88,
        "Diluted NI Availto Com Stockholders": -40456000.0,
        "Net Income Common Stockholders": -40456000.0,
        "Net Income": -40456000.0,
        "Net Income Including Noncontrolling Interests": -40456000.0,
        "Net Income Discontinuous Operations": -22271000.0,
        "Net Income Continuous Operations": -18185000.0,
        "Tax Provision": 7680000.0,
        "Pretax Income": -10505000.0,
        "Other Income Expense": -2423000.0,
        "Other Non Operating Income Expenses": 1157000.0,
        "Special Income Charges": -3580000.0,
        "Impairment Of Capital Assets": 0.0,
        "Restructuring And Mergern Acquisition": 3580000.0,
        "Net Non Operating Interest Income Expense": 4489000.0,
        "Total Other Finance Cost": NaN,
        "Interest Income Non Operating": 4489000.0,
        "Operating Income": -12571000.0,
        "Operating Expense": 78457000.0,
        "Research And Development": 6869000.0,
        "Selling General And Administration": 71588000.0,
        "Gross Profit": 65886000.0,
        "Cost Of Revenue": 77532000.0,
        "Total Revenue": 143418000.0,
        "Operating Revenue": 143418000.0
    },
    "2025-06-30": {
        "Tax Effect Of Unusual Items": -158340.0,
        "Tax Rate For Calcs": 0.21,
        "Normalized EBITDA": 15516000.0,
        "Total Unusual Items": -754000.0,
        "Total Unusual Items Excluding Goodwill": -754000.0,
        "Net Income From Continuing Operation Net Minority Interest": 680000.0,
        "Reconciled Depreciation": 14722000.0,
        "Reconciled Cost Of Revenue": 76182000.0,
        "EBITDA": 14762000.0,
        "EBIT": 40000.0,
        "Net Interest Income": 4973000.0,
        "Interest Income": NaN,
        "Normalized Income": 1275660.0,
        "Net Income From Continuing And Discontinued Operation": -52806000.0,
        "Total Expenses": 143902000.0,
        "Total Operating Income As Reported": -714000.0,
        "Diluted Average Shares": 45823000.0,
        "Basic Average Shares": 45780000.0,
        "Diluted EPS": -1.15,
        "Basic EPS": -1.15,
        "Diluted NI Availto Com Stockholders": -52806000.0,
        "Net Income Common Stockholders": -52806000.0,
        "Net Income": -52806000.0,
        "Net Income Including Noncontrolling Interests": -52806000.0,
        "Net Income Discontinuous Operations": -53486000.0,
        "Net Income Continuous Operations": 680000.0,
        "Tax Provision": 2758000.0,
        "Pretax Income": 3438000.0,
        "Other Income Expense": -1575000.0,
        "Other Non Operating Income Expenses": -821000.0,
        "Special Income Charges": -754000.0,
        "Impairment Of Capital Assets": 0.0,
        "Restructuring And Mergern Acquisition": 754000.0,
        "Net Non Operating Interest Income Expense": 4973000.0,
        "Total Other Finance Cost": -4973000.0,
        "Interest Income Non Operating": NaN,
        "Operating Income": 40000.0,
        "Operating Expense": 67720000.0,
        "Research And Development": 6685000.0,
        "Selling General And Administration": 61035000.0,
        "Gross Profit": 67760000.0,
        "Cost Of Revenue": 76182000.0,
        "Total Revenue": 143942000.0,
        "Operating Revenue": 143942000.0
    },
    "2025-09-30": {
        "Tax Effect Of Unusual Items": -85260.0,
        "Tax Rate For Calcs": 0.21,
        "Normalized EBITDA": 16620000.0,
        "Total Unusual Items": -406000.0,
        "Total Unusual Items Excluding Goodwill": -406000.0,
        "Net Income From Continuing Operation Net Minority Interest": 51384000.0,
        "Reconciled Depreciation": 14434000.0,
        "Reconciled Cost Of Revenue": 90988000.0,
        "EBITDA": 16214000.0,
        "EBIT": 1780000.0,
        "Net Interest Income": 5019000.0,
        "Interest Income": NaN,
        "Normalized Income": 51704740.0,
        "Net Income From Continuing And Discontinued Operation": 50839000.0,
        "Total Expenses": 157171000.0,
        "Total Operating Income As Reported": 1374000.0,
        "Diluted Average Shares": 45994000.0,
        "Basic Average Shares": 45833000.0,
        "Diluted EPS": 1.02,
        "Basic EPS": 1.03,
        "Diluted NI Availto Com Stockholders": 50839000.0,
        "Net Income Common Stockholders": 50839000.0,
        "Net Income": 50839000.0,
        "Net Income Including Noncontrolling Interests": 50839000.0,
        "Net Income Discontinuous Operations": -545000.0,
        "Net Income Continuous Operations": 51384000.0,
        "Tax Provision": -45608000.0,
        "Pretax Income": 5776000.0,
        "Other Income Expense": -1023000.0,
        "Other Non Operating Income Expenses": -617000.0,
        "Special Income Charges": -406000.0,
        "Impairment Of Capital Assets": 0.0,
        "Restructuring And Mergern Acquisition": 406000.0,
        "Net Non Operating Interest Income Expense": 5019000.0,
        "Total Other Finance Cost": NaN,
        "Interest Income Non Operating": NaN,
        "Operating Income": 1780000.0,
        "Operating Expense": 66183000.0,
        "Research And Development": 10456000.0,
        "Selling General And Administration": 55727000.0,
        "Gross Profit": 67963000.0,
        "Cost Of Revenue": 90988000.0,
        "Total Revenue": 158951000.0,
        "Operating Revenue": 158951000.0
    },
    "2025-12-31": {
        "Tax Effect Of Unusual Items": NaN,
        "Tax Rate For Calcs": NaN,
        "Normalized EBITDA": NaN,
        "Total Unusual Items": NaN,
        "Total Unusual Items Excluding Goodwill": NaN,
        "Net Income From Continuing Operation Net Minority Interest": NaN,
        "Reconciled Depreciation": NaN,
        "Reconciled Cost Of Revenue": NaN,
        "EBITDA": NaN,
        "EBIT": NaN,
        "Net Interest Income": NaN,
        "Interest Income": NaN,
        "Normalized Income": NaN,
        "Net Income From Continuing And Discontinued Operation": NaN,
        "Total Expenses": NaN,
        "Total Operating Income As Reported": NaN,
        "Diluted Average Shares": 45929000.0,
        "Basic Average Shares": 45929000.0,
        "Diluted EPS": -0.34,
        "Basic EPS": -0.34,
        "Diluted NI Availto Com Stockholders": NaN,
        "Net Income Common Stockholders": NaN,
        "Net Income": NaN,
        "Net Income Including Noncontrolling Interests": NaN,
        "Net Income Discontinuous Operations": NaN,
        "Net Income Continuous Operations": NaN,
        "Tax Provision": NaN,
        "Pretax Income": NaN,
        "Other Income Expense": NaN,
        "Other Non Operating Income Expenses": NaN,
        "Special Income Charges": NaN,
        "Impairment Of Capital Assets": NaN,
        "Restructuring And Mergern Acquisition": NaN,
        "Net Non Operating Interest Income Expense": NaN,
        "Total Other Finance Cost": NaN,
        "Interest Income Non Operating": NaN,
        "Operating Income": NaN,
        "Operating Expense": NaN,
        "Research And Development": NaN,
        "Selling General And Administration": NaN,
        "Gross Profit": NaN,
        "Cost Of Revenue": NaN,
        "Total Revenue": NaN,
        "Operating Revenue": NaN
    }
}