{
    "2023-03-31": {
        "Tax Effect Of Unusual Items": NaN,
        "Tax Rate For Calcs": NaN,
        "Normalized EBITDA": NaN,
        "Total Unusual Items": NaN,
        "Total Unusual Items Excluding Goodwill": NaN,
        "Net Income From Continuing Operation Net Minority Interest": NaN,
        "Reconciled Depreciation": NaN,
        "Reconciled Cost Of Revenue": NaN,
        "EBITDA": NaN,
        "EBIT": NaN,
        "Net Interest Income": NaN,
        "Interest Expense": NaN,
        "Interest Income": NaN,
        "Normalized Income": NaN,
        "Net Income From Continuing And Discontinued Operation": NaN,
        "Total Expenses": NaN,
        "Rent Expense Supplemental": NaN,
        "Total Operating Income As Reported": NaN,
        "Diluted Average Shares": NaN,
        "Basic Average Shares": NaN,
        "Diluted EPS": NaN,
        "Basic EPS": NaN,
        "Diluted NI Availto Com Stockholders": NaN,
        "Net Income Common Stockholders": NaN,
        "Net Income": NaN,
        "Net Income Including Noncontrolling Interests": NaN,
        "Net Income Continuous Operations": NaN,
        "Tax Provision": NaN,
        "Pretax Income": NaN,
        "Other Income Expense": NaN,
        "Special Income Charges": -19398000.0,
        "Other Special Charges": 19398000.0,
        "Write Off": NaN,
        "Earnings From Equity Interest": 0.0,
        "Gain On Sale Of Security": NaN,
        "Net Non Operating Interest Income Expense": NaN,
        "Total Other Finance Cost": 123583000.0,
        "Interest Expense Non Operating": NaN,
        "Interest Income Non Operating": NaN,
        "Operating Income": NaN,
        "Operating Expense": NaN,
        "Other Operating Expenses": NaN,
        "Depreciation Amortization Depletion Income Statement": 2275000.0,
        "Depreciation And Amortization In Income Statement": 2275000.0,
        "Selling General And Administration": NaN,
        "Selling And Marketing Expense": NaN,
        "General And Administrative Expense": 119913000.0,
        "Other Gand A": 79599000.0,
        "Insurance And Claims": 0.0,
        "Rent And Landing Fees": 15212000.0,
        "Salaries And Wages": 40314000.0,
        "Gross Profit": NaN,
        "Cost Of Revenue": NaN,
        "Total Revenue": NaN,
        "Excise Taxes": 46349000.0,
        "Operating Revenue": NaN
    },
    "2022-12-31": {
        "Tax Effect Of Unusual Items": 0.0,
        "Tax Rate For Calcs": 0.0,
        "Normalized EBITDA": 84536000.0,
        "Total Unusual Items": 2307171000.0,
        "Total Unusual Items Excluding Goodwill": 2307171000.0,
        "Net Income From Continuing Operation Net Minority Interest": 888433000.0,
        "Reconciled Depreciation": 572948000.0,
        "Reconciled Cost Of Revenue": 4176462000.0,
        "EBITDA": 2391707000.0,
        "EBIT": 1818759000.0,
        "Net Interest Income": -1216167000.0,
        "Interest Expense": 930326000.0,
        "Interest Income": 68020000.0,
        "Normalized Income": -1418738000.0,
        "Net Income From Continuing And Discontinued Operation": 888433000.0,
        "Total Expenses": 4655838000.0,
        "Rent Expense Supplemental": 1095844000.0,
        "Total Operating Income As Reported": 818555000.0,
        "Diluted Average Shares": 140600000.0,
        "Basic Average Shares": 115886536.0,
        "Diluted EPS": 1.65,
        "Basic EPS": 1.995055,
        "Diluted NI Availto Com Stockholders": 888433000.0,
        "Net Income Common Stockholders": 888433000.0,
        "Net Income": 888433000.0,
        "Net Income Including Noncontrolling Interests": 888433000.0,
        "Net Income Continuous Operations": 888433000.0,
        "Tax Provision": 0.0,
        "Pretax Income": 888433000.0,
        "Other Income Expense": 2307171000.0,
        "Special Income Charges": NaN,
        "Other Special Charges": NaN,
        "Gain On Sale Of Security": 1286045000.0,
        "Net Non Operating Interest Income Expense": -1216167000.0,
        "Total Other Finance Cost": NaN,
        "Interest Expense Non Operating": 930326000.0,
        "Interest Income Non Operating": 68020000.0,
        "Operating Income": -202371000.0,
        "Operating Expense": 479376000.0,
        "Other Operating Expenses": 757578000.0,
        "Depreciation Amortization Depletion Income Statement": NaN,
        "Depreciation And Amortization In Income Statement": NaN,
        "Selling General And Administration": -278202000.0,
        "Selling And Marketing Expense": NaN,
        "General And Administrative Expense": NaN,
        "Other Gand A": NaN,
        "Rent And Landing Fees": NaN,
        "Salaries And Wages": NaN,
        "Gross Profit": 277005000.0,
        "Cost Of Revenue": 4176462000.0,
        "Total Revenue": 4453467000.0,
        "Excise Taxes": NaN,
        "Operating Revenue": 3526157000.0
    },
    "2022-09-30": {
        "Tax Effect Of Unusual Items": NaN,
        "Tax Rate For Calcs": NaN,
        "Normalized EBITDA": NaN,
        "Total Unusual Items": NaN,
        "Total Unusual Items Excluding Goodwill": NaN,
        "Net Income From Continuing Operation Net Minority Interest": NaN,
        "Reconciled Depreciation": NaN,
        "Reconciled Cost Of Revenue": NaN,
        "EBITDA": NaN,
        "EBIT": NaN,
        "Net Interest Income": NaN,
        "Interest Expense": NaN,
        "Interest Income": NaN,
        "Normalized Income": NaN,
        "Net Income From Continuing And Discontinued Operation": NaN,
        "Total Expenses": NaN,
        "Rent Expense Supplemental": NaN,
        "Total Operating Income As Reported": NaN,
        "Diluted Average Shares": NaN,
        "Basic Average Shares": NaN,
        "Diluted EPS": NaN,
        "Basic EPS": NaN,
        "Diluted NI Availto Com Stockholders": NaN,
        "Net Income Common Stockholders": NaN,
        "Net Income": NaN,
        "Net Income Including Noncontrolling Interests": NaN,
        "Net Income Continuous Operations": NaN,
        "Tax Provision": NaN,
        "Pretax Income": NaN,
        "Other Income Expense": NaN,
        "Special Income Charges": 0.0,
        "Other Special Charges": NaN,
        "Earnings From Equity Interest": NaN,
        "Gain On Sale Of Security": NaN,
        "Net Non Operating Interest Income Expense": NaN,
        "Total Other Finance Cost": 92852000.0,
        "Interest Expense Non Operating": NaN,
        "Interest Income Non Operating": NaN,
        "Operating Income": NaN,
        "Operating Expense": NaN,
        "Other Operating Expenses": NaN,
        "Depreciation Amortization Depletion Income Statement": 2024000.0,
        "Depreciation And Amortization In Income Statement": 2024000.0,
        "Selling General And Administration": NaN,
        "Selling And Marketing Expense": NaN,
        "General And Administrative Expense": 122011000.0,
        "Other Gand A": 58148000.0,
        "Insurance And Claims": NaN,
        "Rent And Landing Fees": NaN,
        "Salaries And Wages": 63863000.0,
        "Gross Profit": NaN,
        "Cost Of Revenue": NaN,
        "Total Revenue": NaN,
        "Excise Taxes": 155473000.0,
        "Operating Revenue": NaN
    },
    "2022-06-30": {
        "Tax Effect Of Unusual Items": 0.0,
        "Tax Rate For Calcs": 0.0,
        "Normalized EBITDA": 656700000.0,
        "Total Unusual Items": -1733500000.0,
        "Total Unusual Items Excluding Goodwill": -1733500000.0,
        "Net Income From Continuing Operation Net Minority Interest": -2624600000.0,
        "Reconciled Depreciation": 478200000.0,
        "Reconciled Cost Of Revenue": 3170700000.0,
        "EBITDA": -1076800000.0,
        "EBIT": -1555000000.0,
        "Net Interest Income": -1027500000.0,
        "Interest Expense": 1069600000.0,
        "Interest Income": 42100000.0,
        "Normalized Income": -891100000.0,
        "Net Income From Continuing And Discontinued Operation": -2624600000.0,
        "Total Expenses": 3788400000.0,
        "Rent Expense Supplemental": 223700000.0,
        "Total Operating Income As Reported": 136500000.0,
        "Diluted Average Shares": 136000000.0,
        "Basic Average Shares": 115847142.0,
        "Diluted EPS": -22.655716,
        "Basic EPS": -22.655716,
        "Diluted NI Availto Com Stockholders": -2624600000.0,
        "Net Income Common Stockholders": -2624600000.0,
        "Net Income": -2624600000.0,
        "Net Income Including Noncontrolling Interests": -2624600000.0,
        "Net Income Continuous Operations": -2624600000.0,
        "Tax Provision": 0.0,
        "Pretax Income": -2624600000.0,
        "Other Income Expense": -1733500000.0,
        "Special Income Charges": NaN,
        "Other Special Charges": NaN,
        "Gain On Sale Of Security": -1733500000.0,
        "Net Non Operating Interest Income Expense": -1027500000.0,
        "Total Other Finance Cost": NaN,
        "Interest Expense Non Operating": 1069600000.0,
        "Interest Income Non Operating": 42100000.0,
        "Operating Income": 136300000.0,
        "Operating Expense": 617700000.0,
        "Other Operating Expenses": 459900000.0,
        "Selling General And Administration": 157800000.0,
        "Selling And Marketing Expense": 157800000.0,
        "General And Administrative Expense": NaN,
        "Rent And Landing Fees": NaN,
        "Gross Profit": 754000000.0,
        "Cost Of Revenue": 3170700000.0,
        "Total Revenue": 3924700000.0,
        "Operating Revenue": 3924700000.0
    },
    "2022-03-31": {
        "Diluted EPS": 3.75,
        "Total Revenue": 611,
        "Gross Profit": 272,
        "Operating Income": 14,
        "EBIT": 113,
        "Net Income": 509
    },
    "2021-12-31": {
        "Diluted EPS": -3.69,
        "Total Revenue": 673,
        "Gross Profit": 349,
        "Operating Income": 99,
        "EBIT": 99,
        "Net Income": -68
    },
    "2021-09-30": {
        "Diluted EPS": -3.17,
        "Total Revenue": 520,
        "Gross Profit": 239,
        "Operating Income": 26,
        "EBIT": 26,
        "Net Income": -429
    },
    "2021-06-30": {
        "Diluted EPS": 1.5,
        "Total Revenue": 321,
        "Gross Profit": 100,
        "Operating Income": -76,
        "EBIT": -76,
        "Net Income": 203
    },
    "2021-03-31": {
        "Diluted EPS": -1.41,
        "Total Revenue": 334,
        "Gross Profit": 132,
        "Operating Income": -39,
        "EBIT": 24,
        "Net Income": -485
    },
    "2020-12-31": {
        "Diluted EPS": -7.68,
        "Total Revenue": 256,
        "Gross Profit": 97,
        "Operating Income": -112,
        "EBIT": -26,
        "Net Income": 60
    },
    "2020-09-30": {
        "Diluted EPS": -2.0,
        "Total Revenue": 150,
        "Gross Profit": 29,
        "Operating Income": -46,
        "EBIT": 37,
        "Net Income": -228
    },
    "2020-06-30": {
        "Diluted EPS": -4.73,
        "Total Revenue": 75,
        "Gross Profit": 4,
        "Operating Income": -153,
        "EBIT": -153,
        "Net Income": -548
    },
    "2020-03-31": {
        "Diluted EPS": -4.02,
        "Total Revenue": 633,
        "Gross Profit": 324,
        "Operating Income": 39,
        "EBIT": 39,
        "Net Income": NaN
    },
    "2019-12-31": {
        "Diluted EPS": -6.13,
        "Total Revenue": 792,
        "Gross Profit": 433,
        "Operating Income": -620,
        "EBIT": -620,
        "Net Income": -623
    },
    "2019-09-30": {
        "Diluted EPS": -0.32,
        "Total Revenue": 765,
        "Gross Profit": 417,
        "Operating Income": 141,
        "EBIT": 141,
        "Net Income": -111
    },
    "2019-06-30": {
        "Diluted EPS": 0.78,
        "Total Revenue": 668,
        "Gross Profit": 350,
        "Operating Income": 87,
        "EBIT": 87,
        "Net Income": 88
    },
    "2019-03-31": {
        "Diluted EPS": 0.31,
        "Total Revenue": 675,
        "Gross Profit": 355,
        "Operating Income": 89,
        "EBIT": 89,
        "Net Income": 37
    },
    "2018-12-31": {
        "Diluted EPS": 0.49,
        "Total Revenue": 640,
        "Gross Profit": 332,
        "Operating Income": 72,
        "EBIT": 72,
        "Net Income": 33
    },
    "2018-09-30": {
        "Diluted EPS": 0.06,
        "Total Revenue": 620,
        "Gross Profit": 295,
        "Operating Income": 44,
        "EBIT": 44,
        "Net Income": 30
    },
    "2018-06-30": {
        "Diluted EPS": -0.11,
        "Total Revenue": 562,
        "Gross Profit": 265,
        "Operating Income": -58,
        "EBIT": -58,
        "Net Income": -13
    },
    "2018-03-31": {
        "Diluted EPS": 0.57,
        "Total Revenue": 682,
        "Gross Profit": 364,
        "Operating Income": 85,
        "EBIT": 85,
        "Net Income": 65
    },
    "2017-12-31": {
        "Diluted EPS": 1.1,
        "Total Revenue": 674,
        "Gross Profit": 359,
        "Operating Income": 94,
        "EBIT": 94,
        "Net Income": 94
    },
    "2017-09-30": {
        "Diluted EPS": 0.57,
        "Total Revenue": 632,
        "Gross Profit": 338,
        "Operating Income": 79,
        "EBIT": 79,
        "Net Income": 65
    },
    "2017-06-30": {
        "Diluted EPS": -0.09,
        "Total Revenue": 537,
        "Gross Profit": 270,
        "Operating Income": 33,
        "EBIT": 33,
        "Net Income": -11
    },
    "2017-03-31": {
        "Diluted EPS": 0.07,
        "Total Revenue": 596,
        "Gross Profit": 309,
        "Operating Income": 65,
        "EBIT": 65,
        "Net Income": 18
    },
    "2016-12-31": {
        "Diluted EPS": 0.0,
        "Total Revenue": NaN,
        "Gross Profit": NaN,
        "Operating Income": NaN,
        "EBIT": NaN,
        "Net Income": NaN
    },
    "2016-06-30": {
        "Diluted EPS": -0.5,
        "Total Revenue": 411,
        "Gross Profit": 411,
        "Operating Income": 411,
        "EBIT": 411,
        "Net Income": -34
    },
    "2023-06-30": {
        "Tax Effect Of Unusual Items": NaN,
        "Tax Rate For Calcs": NaN,
        "Normalized EBITDA": NaN,
        "Total Unusual Items": NaN,
        "Total Unusual Items Excluding Goodwill": NaN,
        "Net Income From Continuing Operation Net Minority Interest": NaN,
        "Reconciled Depreciation": NaN,
        "Reconciled Cost Of Revenue": NaN,
        "EBITDA": NaN,
        "EBIT": NaN,
        "Net Interest Income": NaN,
        "Interest Expense": NaN,
        "Interest Income": NaN,
        "Normalized Income": NaN,
        "Net Income From Continuing And Discontinued Operation": NaN,
        "Total Expenses": NaN,
        "Rent Expense Supplemental": 59337000.0,
        "Total Operating Income As Reported": NaN,
        "Diluted Average Shares": NaN,
        "Basic Average Shares": NaN,
        "Diluted EPS": NaN,
        "Basic EPS": NaN,
        "Diluted NI Availto Com Stockholders": NaN,
        "Net Income Common Stockholders": NaN,
        "Net Income": NaN,
        "Net Income Including Noncontrolling Interests": NaN,
        "Net Income Continuous Operations": NaN,
        "Tax Provision": NaN,
        "Pretax Income": NaN,
        "Other Income Expense": NaN,
        "Special Income Charges": NaN,
        "Other Special Charges": NaN,
        "Write Off": NaN,
        "Earnings From Equity Interest": NaN,
        "Gain On Sale Of Security": NaN,
        "Net Non Operating Interest Income Expense": NaN,
        "Total Other Finance Cost": 77846000.0,
        "Interest Expense Non Operating": NaN,
        "Interest Income Non Operating": NaN,
        "Operating Income": NaN,
        "Operating Expense": NaN,
        "Other Operating Expenses": NaN,
        "Depreciation Amortization Depletion Income Statement": 2488000.0,
        "Depreciation And Amortization In Income Statement": 2488000.0,
        "Selling General And Administration": NaN,
        "Selling And Marketing Expense": NaN,
        "General And Administrative Expense": 82160000.0,
        "Other Gand A": 38086000.0,
        "Insurance And Claims": 0.0,
        "Salaries And Wages": 44074000.0,
        "Gross Profit": NaN,
        "Cost Of Revenue": NaN,
        "Total Revenue": NaN,
        "Excise Taxes": 49073000.0,
        "Operating Revenue": NaN
    },
    "2023-09-30": {
        "Tax Effect Of Unusual Items": NaN,
        "Tax Rate For Calcs": NaN,
        "Normalized EBITDA": NaN,
        "Total Unusual Items": NaN,
        "Total Unusual Items Excluding Goodwill": NaN,
        "Net Income From Continuing Operation Net Minority Interest": NaN,
        "Reconciled Depreciation": NaN,
        "Reconciled Cost Of Revenue": NaN,
        "EBITDA": NaN,
        "EBIT": NaN,
        "Net Interest Income": NaN,
        "Interest Expense": NaN,
        "Interest Income": NaN,
        "Normalized Income": NaN,
        "Net Income From Continuing And Discontinued Operation": NaN,
        "Total Expenses": NaN,
        "Rent Expense Supplemental": 87107000.0,
        "Total Operating Income As Reported": NaN,
        "Diluted Average Shares": 116039150.0,
        "Basic Average Shares": 116039150.0,
        "Diluted EPS": -0.18,
        "Basic EPS": -0.18,
        "Diluted NI Availto Com Stockholders": NaN,
        "Net Income Common Stockholders": NaN,
        "Net Income": NaN,
        "Net Income Including Noncontrolling Interests": NaN,
        "Net Income Continuous Operations": NaN,
        "Tax Provision": NaN,
        "Pretax Income": NaN,
        "Other Income Expense": NaN,
        "Special Income Charges": -553951000.0,
        "Other Special Charges": 553951000.0,
        "Write Off": NaN,
        "Earnings From Equity Interest": NaN,
        "Gain On Sale Of Security": NaN,
        "Net Non Operating Interest Income Expense": NaN,
        "Total Other Finance Cost": 43281000.0,
        "Interest Expense Non Operating": NaN,
        "Interest Income Non Operating": NaN,
        "Operating Income": NaN,
        "Operating Expense": NaN,
        "Other Operating Expenses": NaN,
        "Depreciation Amortization Depletion Income Statement": 2843000.0,
        "Depreciation And Amortization In Income Statement": 2843000.0,
        "Selling General And Administration": NaN,
        "Selling And Marketing Expense": NaN,
        "General And Administrative Expense": 188562000.0,
        "Other Gand A": 160473000.0,
        "Insurance And Claims": 0.0,
        "Salaries And Wages": 28089000.0,
        "Gross Profit": NaN,
        "Cost Of Revenue": NaN,
        "Total Revenue": NaN,
        "Excise Taxes": 26638000.0,
        "Operating Revenue": NaN
    },
    "2023-12-31": {
        "Tax Effect Of Unusual Items": 0.0,
        "Tax Rate For Calcs": 0.0,
        "Normalized EBITDA": -196788000.0,
        "Total Unusual Items": 399590000.0,
        "Total Unusual Items Excluding Goodwill": 399590000.0,
        "Net Income From Continuing Operation Net Minority Interest": -52837000.0,
        "Reconciled Depreciation": 583900000.0,
        "Reconciled Cost Of Revenue": 3495156000.0,
        "EBITDA": 202802000.0,
        "EBIT": 202802000.0,
        "Net Interest Income": -640898000.0,
        "Interest Expense": 216113000.0,
        "Interest Income": -39216000.0,
        "Normalized Income": -452427000.0,
        "Net Income From Continuing And Discontinued Operation": -52837000.0,
        "Total Expenses": 4677465000.0,
        "Rent Expense Supplemental": 273400000.0,
        "Total Operating Income As Reported": 520008000.0,
        "Diluted Average Shares": 115900000.0,
        "Basic Average Shares": 115900000.0,
        "Diluted EPS": 3.48,
        "Basic EPS": 3.48,
        "Diluted NI Availto Com Stockholders": -52837000.0,
        "Net Income Common Stockholders": -52837000.0,
        "Net Income": -52837000.0,
        "Net Income Including Noncontrolling Interests": -52837000.0,
        "Net Income Continuous Operations": -52837000.0,
        "Tax Provision": 39500000.0,
        "Pretax Income": -13311000.0,
        "Other Income Expense": 399590000.0,
        "Special Income Charges": -260054000.0,
        "Other Special Charges": 505690000.0,
        "Write Off": -245636000.0,
        "Earnings From Equity Interest": NaN,
        "Gain On Sale Of Security": 659644000.0,
        "Net Non Operating Interest Income Expense": -640898000.0,
        "Total Other Finance Cost": NaN,
        "Interest Expense Non Operating": 216113000.0,
        "Interest Income Non Operating": -39216000.0,
        "Operating Income": 227997000.0,
        "Operating Expense": 1182309000.0,
        "Other Operating Expenses": 872674000.0,
        "Depreciation Amortization Depletion Income Statement": NaN,
        "Depreciation And Amortization In Income Statement": NaN,
        "Selling General And Administration": 309635000.0,
        "Selling And Marketing Expense": 220143000.0,
        "General And Administrative Expense": NaN,
        "Other Gand A": NaN,
        "Insurance And Claims": NaN,
        "Salaries And Wages": NaN,
        "Gross Profit": 1410306000.0,
        "Cost Of Revenue": 3495156000.0,
        "Total Revenue": 4905462000.0,
        "Excise Taxes": NaN,
        "Operating Revenue": 4542369000.0
    },
    "2024-03-31": {
        "Tax Effect Of Unusual Items": -4353842.991273,
        "Tax Rate For Calcs": 0.006414,
        "Normalized EBITDA": 1347256000.0,
        "Total Unusual Items": -678811000.0,
        "Total Unusual Items Excluding Goodwill": -678811000.0,
        "Net Income From Continuing Operation Net Minority Interest": -1050295000.0,
        "Reconciled Depreciation": 614497000.0,
        "Reconciled Cost Of Revenue": 2823566000.0,
        "EBITDA": 668445000.0,
        "EBIT": 53948000.0,
        "Net Interest Income": -1178999000.0,
        "Interest Expense": 1111023000.0,
        "Interest Income": 31485000.0,
        "Normalized Income": -375837842.991273,
        "Net Income From Continuing And Discontinued Operation": -1050295000.0,
        "Total Expenses": 3877677000.0,
        "Rent Expense Supplemental": 55472000.0,
        "Total Operating Income As Reported": 800735000.0,
        "Diluted Average Shares": 115816093.0,
        "Basic Average Shares": 115816093.0,
        "Diluted EPS": -9.06,
        "Basic EPS": -9.06,
        "Diluted NI Availto Com Stockholders": -1050295000.0,
        "Net Income Common Stockholders": -1050295000.0,
        "Net Income": -1050295000.0,
        "Net Income Including Noncontrolling Interests": -1050295000.0,
        "Net Income Continuous Operations": -1050295000.0,
        "Tax Provision": -6780000.0,
        "Pretax Income": -1057075000.0,
        "Other Income Expense": -678811000.0,
        "Special Income Charges": NaN,
        "Other Special Charges": NaN,
        "Write Off": NaN,
        "Earnings From Equity Interest": 0.0,
        "Gain On Sale Of Security": -678811000.0,
        "Net Non Operating Interest Income Expense": -1178999000.0,
        "Total Other Finance Cost": 99461000.0,
        "Interest Expense Non Operating": 1111023000.0,
        "Interest Income Non Operating": 31485000.0,
        "Operating Income": 800735000.0,
        "Operating Expense": 442580000.0,
        "Other Operating Expenses": 101140000.0,
        "Depreciation Amortization Depletion Income Statement": 2966000.0,
        "Depreciation And Amortization In Income Statement": 2966000.0,
        "Selling General And Administration": 338474000.0,
        "Selling And Marketing Expense": 201951000.0,
        "General And Administrative Expense": 136523000.0,
        "Other Gand A": 90786000.0,
        "Insurance And Claims": 2031000.0,
        "Salaries And Wages": 43706000.0,
        "Gross Profit": 1243315000.0,
        "Cost Of Revenue": 3435097000.0,
        "Total Revenue": 4678412000.0,
        "Excise Taxes": 35213000.0,
        "Operating Revenue": 4357646000.0
    },
    "2024-06-30": {
        "Tax Effect Of Unusual Items": -25343442.634454,
        "Tax Rate For Calcs": 0.008448,
        "Normalized EBITDA": 962118000.0,
        "Total Unusual Items": -2999917000.0,
        "Total Unusual Items Excluding Goodwill": -2999917000.0,
        "Net Income From Continuing Operation Net Minority Interest": -3809613000.0,
        "Reconciled Depreciation": 611417000.0,
        "Reconciled Cost Of Revenue": 2804777000.0,
        "EBITDA": -2037799000.0,
        "EBIT": -2649216000.0,
        "Net Interest Income": -1283335000.0,
        "Interest Expense": 1192855000.0,
        "Interest Income": 34556000.0,
        "Normalized Income": -835039442.634454,
        "Net Income From Continuing And Discontinued Operation": -3809613000.0,
        "Total Expenses": 3731564000.0,
        "Rent Expense Supplemental": 64505000.0,
        "Total Operating Income As Reported": 441181000.0,
        "Diluted Average Shares": 115837062.0,
        "Basic Average Shares": 115837062.0,
        "Diluted EPS": -0.45,
        "Basic EPS": -0.45,
        "Diluted NI Availto Com Stockholders": -3809613000.0,
        "Net Income Common Stockholders": -3809613000.0,
        "Net Income": -3809613000.0,
        "Net Income Including Noncontrolling Interests": -3809613000.0,
        "Net Income Continuous Operations": -3809613000.0,
        "Tax Provision": -32458000.0,
        "Pretax Income": -3842071000.0,
        "Other Income Expense": -2999917000.0,
        "Special Income Charges": NaN,
        "Other Special Charges": NaN,
        "Write Off": NaN,
        "Earnings From Equity Interest": NaN,
        "Gain On Sale Of Security": -2999917000.0,
        "Net Non Operating Interest Income Expense": -1283335000.0,
        "Total Other Finance Cost": 125036000.0,
        "Interest Expense Non Operating": 1192855000.0,
        "Interest Income Non Operating": 34556000.0,
        "Operating Income": 441181000.0,
        "Operating Expense": 318432000.0,
        "Other Operating Expenses": -29537000.0,
        "Depreciation Amortization Depletion Income Statement": 3062000.0,
        "Depreciation And Amortization In Income Statement": 3062000.0,
        "Selling General And Administration": 344907000.0,
        "Selling And Marketing Expense": 191480000.0,
        "General And Administrative Expense": 153427000.0,
        "Other Gand A": 86740000.0,
        "Insurance And Claims": 611000.0,
        "Salaries And Wages": 66076000.0,
        "Gross Profit": 759613000.0,
        "Cost Of Revenue": 3413132000.0,
        "Total Revenue": 4172745000.0,
        "Excise Taxes": 31894000.0,
        "Operating Revenue": 3859945000.0
    },
    "2024-09-30": {
        "Tax Effect Of Unusual Items": 2017116.500234,
        "Tax Rate For Calcs": 0.005621,
        "Normalized EBITDA": 1636223000.0,
        "Total Unusual Items": 358873000.0,
        "Total Unusual Items Excluding Goodwill": 358873000.0,
        "Net Income From Continuing Operation Net Minority Interest": 121186000.0,
        "Reconciled Depreciation": 626123000.0,
        "Reconciled Cost Of Revenue": 2916449000.0,
        "EBITDA": 1995096000.0,
        "EBIT": 1368973000.0,
        "Net Interest Income": -1264181000.0,
        "Interest Expense": 1247102000.0,
        "Interest Income": 40582000.0,
        "Normalized Income": -235669883.499766,
        "Net Income From Continuing And Discontinued Operation": 121186000.0,
        "Total Expenses": 4102418000.0,
        "Rent Expense Supplemental": 76543000.0,
        "Total Operating Income As Reported": 1027179000.0,
        "Diluted Average Shares": 115904301.0,
        "Basic Average Shares": 115904301.0,
        "Diluted EPS": 0.0,
        "Basic EPS": 0.0,
        "Diluted NI Availto Com Stockholders": 121186000.0,
        "Net Income Common Stockholders": 121186000.0,
        "Net Income": 121186000.0,
        "Net Income Including Noncontrolling Interests": 121186000.0,
        "Net Income Continuous Operations": 121186000.0,
        "Tax Provision": 685000.0,
        "Pretax Income": 121871000.0,
        "Other Income Expense": 358873000.0,
        "Special Income Charges": 0.0,
        "Other Special Charges": NaN,
        "Write Off": NaN,
        "Earnings From Equity Interest": NaN,
        "Gain On Sale Of Security": 358873000.0,
        "Net Non Operating Interest Income Expense": -1264181000.0,
        "Total Other Finance Cost": 57661000.0,
        "Interest Expense Non Operating": 1247102000.0,
        "Interest Income Non Operating": 40582000.0,
        "Operating Income": 1027179000.0,
        "Operating Expense": 562758000.0,
        "Other Operating Expenses": 150250000.0,
        "Depreciation Amortization Depletion Income Statement": 2912000.0,
        "Depreciation And Amortization In Income Statement": 2912000.0,
        "Selling General And Administration": 409596000.0,
        "Selling And Marketing Expense": 240212000.0,
        "General And Administrative Expense": 169384000.0,
        "Other Gand A": 118216000.0,
        "Insurance And Claims": 1899000.0,
        "Salaries And Wages": 49269000.0,
        "Gross Profit": 1589937000.0,
        "Cost Of Revenue": 3539660000.0,
        "Total Revenue": 5129597000.0,
        "Excise Taxes": 20440000.0,
        "Operating Revenue": 5150037000.0
    },
    "2024-12-31": {
        "Tax Effect Of Unusual Items": -232772.541485,
        "Tax Rate For Calcs": 5.7e-05,
        "Normalized EBITDA": 1714694000.0,
        "Total Unusual Items": -4108805000.0,
        "Total Unusual Items Excluding Goodwill": -4108805000.0,
        "Net Income From Continuing Operation Net Minority Interest": -4412647000.0,
        "Reconciled Depreciation": 711945000.0,
        "Reconciled Cost Of Revenue": 3218990000.0,
        "EBITDA": -2394111000.0,
        "EBIT": -3106056000.0,
        "Net Interest Income": -1281841000.0,
        "Interest Expense": 1306841000.0,
        "Interest Income": 42460000.0,
        "Normalized Income": -304074772.541485,
        "Net Income From Continuing And Discontinued Operation": -4412647000.0,
        "Total Expenses": 4567705000.0,
        "Rent Expense Supplemental": NaN,
        "Total Operating Income As Reported": 1121539000.0,
        "Diluted Average Shares": NaN,
        "Basic Average Shares": NaN,
        "Diluted EPS": NaN,
        "Basic EPS": NaN,
        "Diluted NI Availto Com Stockholders": -4412647000.0,
        "Net Income Common Stockholders": -4412647000.0,
        "Net Income": -4412647000.0,
        "Net Income Including Noncontrolling Interests": -4412647000.0,
        "Net Income Continuous Operations": -4412647000.0,
        "Tax Provision": -250000.0,
        "Pretax Income": -4412897000.0,
        "Other Income Expense": -4108805000.0,
        "Special Income Charges": 143790000.0,
        "Other Special Charges": NaN,
        "Write Off": NaN,
        "Earnings From Equity Interest": NaN,
        "Gain On Sale Of Security": -4252595000.0,
        "Net Non Operating Interest Income Expense": -1281841000.0,
        "Total Other Finance Cost": 17460000.0,
        "Interest Expense Non Operating": 1306841000.0,
        "Interest Income Non Operating": 42460000.0,
        "Operating Income": 977749000.0,
        "Operating Expense": 1348715000.0,
        "Other Operating Expenses": 1481819000.0,
        "Depreciation Amortization Depletion Income Statement": NaN,
        "Depreciation And Amortization In Income Statement": NaN,
        "Selling General And Administration": -124164000.0,
        "Selling And Marketing Expense": 255581000.0,
        "General And Administrative Expense": -379745000.0,
        "Other Gand A": NaN,
        "Insurance And Claims": 75047000.0,
        "Salaries And Wages": NaN,
        "Gross Profit": 2326464000.0,
        "Cost Of Revenue": 3218990000.0,
        "Total Revenue": 5545454000.0,
        "Excise Taxes": 18233000.0,
        "Operating Revenue": 4057384000.0
    }
}