{
    "2023-03-31": {
        "Tax Effect Of Unusual Items": -764400.0,
        "Tax Rate For Calcs": 0.4,
        "Normalized EBITDA": -4507000.0,
        "Total Unusual Items": -1911000.0,
        "Total Unusual Items Excluding Goodwill": -1911000.0,
        "Net Income From Continuing Operation Net Minority Interest": -7974000.0,
        "Reconciled Depreciation": 947000.0,
        "Reconciled Cost Of Revenue": 6719000.0,
        "EBIT": -6418000.0,
        "Net Interest Income": -1544000.0,
        "Interest Expense": 1544000.0,
        "Normalized Income": -6827400.0,
        "Net Income From Continuing And Discontinued Operation": -7974000.0,
        "Total Expenses": 17557000.0,
        "Total Operating Income As Reported": -6418000.0,
        "Diluted Average Shares": 16149567.0,
        "Basic Average Shares": 16149567.0,
        "Diluted EPS": -0.49,
        "Basic EPS": -0.49,
        "Diluted NI Availto Com Stockholders": -7974000.0,
        "Net Income Common Stockholders": -7974000.0,
        "Otherunder Preferred Stock Dividend": NaN,
        "Net Income": -7974000.0,
        "Net Income Including Noncontrolling Interests": -7974000.0,
        "Net Income Continuous Operations": -7974000.0,
        "Tax Provision": 12000.0,
        "Pretax Income": -7962000.0,
        "Other Income Expense": -1911000.0,
        "Other Non Operating Income Expenses": NaN,
        "Special Income Charges": -1911000.0,
        "Other Special Charges": 1911000.0,
        "Net Non Operating Interest Income Expense": -1544000.0,
        "Interest Expense Non Operating": 1544000.0,
        "Operating Income": -4507000.0,
        "Operating Expense": 10838000.0,
        "Research And Development": 1803000.0,
        "Selling General And Administration": 9035000.0,
        "Selling And Marketing Expense": 5356000.0,
        "General And Administrative Expense": 3679000.0,
        "Other Gand A": 3679000.0,
        "Gross Profit": 6331000.0,
        "Cost Of Revenue": 6719000.0,
        "Total Revenue": 13050000.0,
        "Operating Revenue": 13050000.0
    },
    "2022-12-31": {
        "Tax Effect Of Unusual Items": -1209.84932,
        "Tax Rate For Calcs": 0.000368,
        "Normalized EBITDA": -589000.0,
        "Total Unusual Items": -3292000.0,
        "Total Unusual Items Excluding Goodwill": -3292000.0,
        "Net Income From Continuing Operation Net Minority Interest": -5440000.0,
        "Reconciled Depreciation": 937000.0,
        "Reconciled Cost Of Revenue": 7671000.0,
        "EBIT": -3881000.0,
        "Net Interest Income": -1561000.0,
        "Interest Expense": 1561000.0,
        "Normalized Income": -2149209.84932,
        "Net Income From Continuing And Discontinued Operation": -5440000.0,
        "Total Expenses": 18216000.0,
        "Total Operating Income As Reported": -8843000.0,
        "Diluted Average Shares": 14475808.0,
        "Basic Average Shares": 14475808.0,
        "Diluted EPS": -0.38,
        "Basic EPS": -0.38,
        "Diluted NI Availto Com Stockholders": -5440000.0,
        "Net Income Common Stockholders": -5440000.0,
        "Otherunder Preferred Stock Dividend": NaN,
        "Net Income": -5440000.0,
        "Net Income Including Noncontrolling Interests": -5440000.0,
        "Net Income Continuous Operations": -5440000.0,
        "Tax Provision": -2000.0,
        "Pretax Income": -5442000.0,
        "Other Income Expense": 1670000.0,
        "Other Non Operating Income Expenses": 4962000.0,
        "Special Income Charges": -3292000.0,
        "Other Special Charges": 3292000.0,
        "Net Non Operating Interest Income Expense": -1561000.0,
        "Interest Expense Non Operating": 1561000.0,
        "Operating Income": -5551000.0,
        "Operating Expense": 10545000.0,
        "Research And Development": 2085000.0,
        "Selling General And Administration": 8460000.0,
        "Selling And Marketing Expense": 5056000.0,
        "General And Administrative Expense": 3404000.0,
        "Other Gand A": 3404000.0,
        "Gross Profit": 4994000.0,
        "Cost Of Revenue": 7671000.0,
        "Total Revenue": 12665000.0,
        "Operating Revenue": 12665000.0
    },
    "2022-09-30": {
        "Tax Effect Of Unusual Items": -589600.0,
        "Tax Rate For Calcs": 0.4,
        "Normalized EBITDA": -7122000.0,
        "Total Unusual Items": -1474000.0,
        "Total Unusual Items Excluding Goodwill": -1474000.0,
        "Net Income From Continuing Operation Net Minority Interest": -9910000.0,
        "Reconciled Depreciation": 933000.0,
        "Reconciled Cost Of Revenue": 7340000.0,
        "EBIT": -8596000.0,
        "Net Interest Income": -1302000.0,
        "Interest Expense": 1302000.0,
        "Normalized Income": -9025600.0,
        "Net Income From Continuing And Discontinued Operation": -9910000.0,
        "Total Expenses": 18708000.0,
        "Total Operating Income As Reported": -7793000.0,
        "Diluted Average Shares": 13660555.0,
        "Basic Average Shares": 13660555.0,
        "Diluted EPS": -0.73,
        "Basic EPS": -0.73,
        "Diluted NI Availto Com Stockholders": -9910000.0,
        "Net Income Common Stockholders": -9910000.0,
        "Otherunder Preferred Stock Dividend": 0.0,
        "Net Income": -9910000.0,
        "Net Income Including Noncontrolling Interests": -9910000.0,
        "Net Income Continuous Operations": -9910000.0,
        "Tax Provision": 12000.0,
        "Pretax Income": -9898000.0,
        "Other Income Expense": -2277000.0,
        "Other Non Operating Income Expenses": -803000.0,
        "Special Income Charges": -1474000.0,
        "Other Special Charges": 1474000.0,
        "Net Non Operating Interest Income Expense": -1302000.0,
        "Interest Expense Non Operating": 1302000.0,
        "Operating Income": -6319000.0,
        "Operating Expense": 11368000.0,
        "Research And Development": 1966000.0,
        "Selling General And Administration": 9402000.0,
        "Selling And Marketing Expense": 4915000.0,
        "General And Administrative Expense": 4487000.0,
        "Other Gand A": 4487000.0,
        "Gross Profit": 5049000.0,
        "Cost Of Revenue": 7340000.0,
        "Total Revenue": 12389000.0,
        "Operating Revenue": 12389000.0
    },
    "2022-06-30": {
        "Tax Effect Of Unusual Items": 0.0,
        "Tax Rate For Calcs": 0.4,
        "Normalized EBITDA": -8182000.0,
        "Total Unusual Items": NaN,
        "Total Unusual Items Excluding Goodwill": NaN,
        "Net Income From Continuing Operation Net Minority Interest": -9398000.0,
        "Reconciled Depreciation": 934000.0,
        "Reconciled Cost Of Revenue": 7740000.0,
        "EBIT": -8182000.0,
        "Net Interest Income": -1204000.0,
        "Interest Expense": 1204000.0,
        "Normalized Income": -9398000.0,
        "Net Income From Continuing And Discontinued Operation": -9398000.0,
        "Total Expenses": 20820000.0,
        "Total Operating Income As Reported": -8182000.0,
        "Diluted Average Shares": 13620196.0,
        "Basic Average Shares": 13620196.0,
        "Diluted EPS": -0.69,
        "Basic EPS": -0.69,
        "Diluted NI Availto Com Stockholders": -9398000.0,
        "Net Income Common Stockholders": -9398000.0,
        "Otherunder Preferred Stock Dividend": NaN,
        "Net Income": -9398000.0,
        "Net Income Including Noncontrolling Interests": -9398000.0,
        "Net Income Continuous Operations": -9398000.0,
        "Tax Provision": 12000.0,
        "Pretax Income": -9386000.0,
        "Other Income Expense": NaN,
        "Other Non Operating Income Expenses": NaN,
        "Special Income Charges": NaN,
        "Other Special Charges": NaN,
        "Net Non Operating Interest Income Expense": -1204000.0,
        "Interest Expense Non Operating": 1204000.0,
        "Operating Income": -8182000.0,
        "Operating Expense": 13080000.0,
        "Research And Development": 2617000.0,
        "Selling General And Administration": 10463000.0,
        "Selling And Marketing Expense": 5406000.0,
        "General And Administrative Expense": 5057000.0,
        "Other Gand A": 5057000.0,
        "Gross Profit": 4898000.0,
        "Cost Of Revenue": 7740000.0,
        "Total Revenue": 12638000.0,
        "Operating Revenue": 12638000.0
    },
    "2022-03-31": {
        "Diluted EPS": -0.6,
        "Total Revenue": 11,
        "Gross Profit": 4,
        "Operating Income": -7,
        "EBIT": -6,
        "Net Income": -8
    },
    "2021-12-31": {
        "Diluted EPS": -0.84,
        "Total Revenue": 11,
        "Gross Profit": 3,
        "Operating Income": -8,
        "EBIT": -7,
        "Net Income": -9
    },
    "2021-09-30": {
        "Diluted EPS": -0.81,
        "Total Revenue": 11,
        "Gross Profit": 4,
        "Operating Income": -7,
        "EBIT": -6,
        "Net Income": -8
    },
    "2021-06-30": {
        "Diluted EPS": -0.23,
        "Total Revenue": 12,
        "Gross Profit": 6,
        "Operating Income": -5,
        "EBIT": -4,
        "Net Income": -2
    },
    "2021-03-31": {
        "Diluted EPS": -0.5,
        "Total Revenue": 13,
        "Gross Profit": 6,
        "Operating Income": -4,
        "EBIT": -3,
        "Net Income": -5
    },
    "2020-12-31": {
        "Diluted EPS": -0.57,
        "Total Revenue": 12,
        "Gross Profit": 6,
        "Operating Income": -2,
        "EBIT": -1,
        "Net Income": -5
    },
    "2020-09-30": {
        "Diluted EPS": -15.79,
        "Total Revenue": 12,
        "Gross Profit": 6,
        "Operating Income": -3,
        "EBIT": -2,
        "Net Income": -10
    },
    "2020-06-30": {
        "Diluted EPS": -7.99,
        "Total Revenue": 9,
        "Gross Profit": 4,
        "Operating Income": -4,
        "EBIT": -3,
        "Net Income": -5
    },
    "2020-03-31": {
        "Diluted EPS": -7.03,
        "Total Revenue": 10,
        "Gross Profit": 5,
        "Operating Income": -3,
        "EBIT": -2,
        "Net Income": -5
    },
    "2019-12-31": {
        "Diluted EPS": 0.0,
        "Total Revenue": NaN,
        "Gross Profit": NaN,
        "Operating Income": NaN,
        "EBIT": NaN,
        "Net Income": NaN
    },
    "2018-12-31": {
        "Diluted EPS": 0.0,
        "Total Revenue": NaN,
        "Gross Profit": NaN,
        "Operating Income": NaN,
        "EBIT": NaN,
        "Net Income": NaN
    },
    "2023-06-30": {
        "Tax Effect Of Unusual Items": -508400.0,
        "Tax Rate For Calcs": 0.4,
        "Normalized EBITDA": -6860000.0,
        "Total Unusual Items": -1271000.0,
        "Total Unusual Items Excluding Goodwill": -1271000.0,
        "Net Income From Continuing Operation Net Minority Interest": -10621000.0,
        "Reconciled Depreciation": 954000.0,
        "Reconciled Cost Of Revenue": 9316000.0,
        "EBIT": -9085000.0,
        "Net Interest Income": -1524000.0,
        "Interest Expense": 1524000.0,
        "Normalized Income": -9858400.0,
        "Net Income From Continuing And Discontinued Operation": -10621000.0,
        "Total Expenses": 18110000.0,
        "Total Operating Income As Reported": -9085000.0,
        "Diluted Average Shares": 16223919.0,
        "Basic Average Shares": 16223919.0,
        "Diluted EPS": -0.65,
        "Basic EPS": -0.65,
        "Diluted NI Availto Com Stockholders": -10621000.0,
        "Net Income Common Stockholders": -10621000.0,
        "Otherunder Preferred Stock Dividend": NaN,
        "Net Income": -10621000.0,
        "Net Income Including Noncontrolling Interests": -10621000.0,
        "Net Income Continuous Operations": -10621000.0,
        "Tax Provision": 12000.0,
        "Pretax Income": -10609000.0,
        "Other Income Expense": -1271000.0,
        "Other Non Operating Income Expenses": NaN,
        "Special Income Charges": -1271000.0,
        "Other Special Charges": 1271000.0,
        "Net Non Operating Interest Income Expense": -1524000.0,
        "Interest Expense Non Operating": 1524000.0,
        "Operating Income": -7814000.0,
        "Operating Expense": 8794000.0,
        "Research And Development": 1171000.0,
        "Selling General And Administration": 7623000.0,
        "Selling And Marketing Expense": 3618000.0,
        "General And Administrative Expense": 4005000.0,
        "Other Gand A": 4005000.0,
        "Gross Profit": 980000.0,
        "Cost Of Revenue": 9316000.0,
        "Total Revenue": 10296000.0,
        "Operating Revenue": 10296000.0
    }
}