{
    "2023-05-31": {
        "Tax Effect Of Unusual Items": NaN,
        "Tax Rate For Calcs": NaN,
        "Normalized EBITDA": NaN,
        "Net Income From Continuing Operation Net Minority Interest": NaN,
        "Reconciled Depreciation": NaN,
        "Reconciled Cost Of Revenue": NaN,
        "EBITDA": NaN,
        "EBIT": NaN,
        "Net Interest Income": NaN,
        "Interest Expense": NaN,
        "Normalized Income": NaN,
        "Net Income From Continuing And Discontinued Operation": NaN,
        "Total Expenses": NaN,
        "Total Operating Income As Reported": NaN,
        "Diluted Average Shares": NaN,
        "Basic Average Shares": NaN,
        "Diluted EPS": NaN,
        "Basic EPS": NaN,
        "Diluted NI Availto Com Stockholders": NaN,
        "Average Dilution Earnings": NaN,
        "Net Income Common Stockholders": NaN,
        "Otherunder Preferred Stock Dividend": NaN,
        "Preferred Stock Dividends": 3600000.0,
        "Net Income": NaN,
        "Net Income Including Noncontrolling Interests": NaN,
        "Net Income Discontinuous Operations": 0.0,
        "Net Income Continuous Operations": NaN,
        "Tax Provision": NaN,
        "Pretax Income": NaN,
        "Other Income Expense": NaN,
        "Other Non Operating Income Expenses": NaN,
        "Earnings From Equity Interest": NaN,
        "Net Non Operating Interest Income Expense": NaN,
        "Interest Expense Non Operating": NaN,
        "Operating Income": NaN,
        "Operating Expense": NaN,
        "Selling General And Administration": NaN,
        "Gross Profit": NaN,
        "Cost Of Revenue": NaN,
        "Total Revenue": NaN,
        "Operating Revenue": NaN
    },
    "2023-02-28": {
        "Tax Effect Of Unusual Items": NaN,
        "Tax Rate For Calcs": NaN,
        "Normalized EBITDA": NaN,
        "Net Income From Continuing Operation Net Minority Interest": NaN,
        "Reconciled Depreciation": NaN,
        "Reconciled Cost Of Revenue": NaN,
        "EBITDA": NaN,
        "EBIT": NaN,
        "Net Interest Income": NaN,
        "Interest Expense": NaN,
        "Normalized Income": NaN,
        "Net Income From Continuing And Discontinued Operation": NaN,
        "Total Expenses": NaN,
        "Total Operating Income As Reported": NaN,
        "Diluted Average Shares": NaN,
        "Basic Average Shares": NaN,
        "Diluted EPS": NaN,
        "Basic EPS": NaN,
        "Diluted NI Availto Com Stockholders": NaN,
        "Average Dilution Earnings": NaN,
        "Net Income Common Stockholders": NaN,
        "Otherunder Preferred Stock Dividend": NaN,
        "Preferred Stock Dividends": NaN,
        "Net Income": NaN,
        "Net Income Including Noncontrolling Interests": NaN,
        "Net Income Discontinuous Operations": -6366000.0,
        "Net Income Continuous Operations": NaN,
        "Tax Provision": NaN,
        "Pretax Income": NaN,
        "Other Income Expense": NaN,
        "Other Non Operating Income Expenses": NaN,
        "Earnings From Equity Interest": NaN,
        "Net Non Operating Interest Income Expense": NaN,
        "Interest Expense Non Operating": NaN,
        "Operating Income": NaN,
        "Operating Expense": NaN,
        "Selling General And Administration": NaN,
        "Gross Profit": NaN,
        "Cost Of Revenue": NaN,
        "Total Revenue": NaN,
        "Operating Revenue": NaN
    },
    "2022-11-30": {
        "Tax Effect Of Unusual Items": NaN,
        "Tax Rate For Calcs": NaN,
        "Normalized EBITDA": NaN,
        "Net Income From Continuing Operation Net Minority Interest": NaN,
        "Reconciled Depreciation": NaN,
        "Reconciled Cost Of Revenue": NaN,
        "EBITDA": NaN,
        "EBIT": NaN,
        "Net Interest Income": NaN,
        "Interest Expense": NaN,
        "Normalized Income": NaN,
        "Net Income From Continuing And Discontinued Operation": NaN,
        "Total Expenses": NaN,
        "Total Operating Income As Reported": NaN,
        "Diluted Average Shares": 24995000.0,
        "Basic Average Shares": 24867000.0,
        "Diluted EPS": -0.97,
        "Basic EPS": -0.97,
        "Diluted NI Availto Com Stockholders": NaN,
        "Average Dilution Earnings": NaN,
        "Net Income Common Stockholders": NaN,
        "Preferred Stock Dividends": NaN,
        "Net Income": NaN,
        "Net Income Including Noncontrolling Interests": NaN,
        "Net Income Discontinuous Operations": NaN,
        "Net Income Continuous Operations": NaN,
        "Tax Provision": NaN,
        "Pretax Income": NaN,
        "Other Income Expense": NaN,
        "Other Non Operating Income Expenses": NaN,
        "Earnings From Equity Interest": NaN,
        "Net Non Operating Interest Income Expense": NaN,
        "Interest Expense Non Operating": NaN,
        "Operating Income": NaN,
        "Operating Expense": NaN,
        "Selling General And Administration": NaN,
        "Gross Profit": NaN,
        "Cost Of Revenue": NaN,
        "Total Revenue": NaN,
        "Operating Revenue": NaN
    },
    "2022-08-31": {
        "Tax Effect Of Unusual Items": 0.0,
        "Tax Rate For Calcs": 0.301,
        "Normalized EBITDA": 82842000.0,
        "Net Income From Continuing Operation Net Minority Interest": 25120000.0,
        "Reconciled Depreciation": 18756000.0,
        "Reconciled Cost Of Revenue": 305155000.0,
        "EBITDA": 82842000.0,
        "EBIT": 64086000.0,
        "Net Interest Income": -28144000.0,
        "Interest Expense": 28144000.0,
        "Normalized Income": 25120000.0,
        "Net Income From Continuing And Discontinued Operation": -57570000.0,
        "Total Expenses": 342569000.0,
        "Total Operating Income As Reported": 64141000.0,
        "Diluted Average Shares": 29059000.0,
        "Basic Average Shares": 24836000.0,
        "Diluted EPS": -2.36,
        "Basic EPS": -2.36,
        "Diluted NI Availto Com Stockholders": -58610000.0,
        "Average Dilution Earnings": NaN,
        "Net Income Common Stockholders": -58610000.0,
        "Preferred Stock Dividends": 1040000.0,
        "Net Income": -57570000.0,
        "Net Income Including Noncontrolling Interests": -57570000.0,
        "Net Income Discontinuous Operations": -82690000.0,
        "Net Income Continuous Operations": 25120000.0,
        "Tax Provision": 10822000.0,
        "Pretax Income": 35942000.0,
        "Other Income Expense": -55000.0,
        "Other Non Operating Income Expenses": -55000.0,
        "Earnings From Equity Interest": NaN,
        "Net Non Operating Interest Income Expense": -28144000.0,
        "Interest Expense Non Operating": 28144000.0,
        "Operating Income": 64141000.0,
        "Operating Expense": 37414000.0,
        "Selling General And Administration": 37414000.0,
        "Gross Profit": 101555000.0,
        "Cost Of Revenue": 305155000.0,
        "Total Revenue": 406710000.0,
        "Operating Revenue": 406710000.0
    },
    "2022-05-31": {
        "Tax Effect Of Unusual Items": 0.0,
        "Tax Rate For Calcs": 0.239,
        "Normalized EBITDA": 54231000.0,
        "Net Income From Continuing Operation Net Minority Interest": 24077000.0,
        "Reconciled Depreciation": 15119000.0,
        "Reconciled Cost Of Revenue": 229942000.0,
        "EBIT": 39112000.0,
        "Net Interest Income": -7473000.0,
        "Interest Expense": 7473000.0,
        "Normalized Income": 24077000.0,
        "Net Income From Continuing And Discontinued Operation": 24077000.0,
        "Total Expenses": 274488000.0,
        "Total Operating Income As Reported": 39910000.0,
        "Diluted Average Shares": 25675000.0,
        "Basic Average Shares": 24709000.0,
        "Diluted EPS": 0.96,
        "Basic EPS": 0.97,
        "Diluted NI Availto Com Stockholders": 24077000.0,
        "Average Dilution Earnings": NaN,
        "Net Income Common Stockholders": 24077000.0,
        "Preferred Stock Dividends": NaN,
        "Net Income": 24077000.0,
        "Net Income Including Noncontrolling Interests": 24077000.0,
        "Net Income Discontinuous Operations": NaN,
        "Net Income Continuous Operations": 24077000.0,
        "Tax Provision": 7562000.0,
        "Pretax Income": 31639000.0,
        "Other Income Expense": -798000.0,
        "Other Non Operating Income Expenses": -798000.0,
        "Earnings From Equity Interest": NaN,
        "Net Non Operating Interest Income Expense": -7473000.0,
        "Interest Expense Non Operating": 7473000.0,
        "Operating Income": 39910000.0,
        "Operating Expense": 44546000.0,
        "Selling General And Administration": 44546000.0,
        "Gross Profit": 84456000.0,
        "Cost Of Revenue": 229942000.0,
        "Total Revenue": 314398000.0,
        "Operating Revenue": 314398000.0
    },
    "2022-02-28": {
        "Diluted EPS": 0.86,
        "Total Revenue": 29,
        "Gross Profit": 14,
        "Operating Income": 7,
        "EBIT": 11,
        "Net Income": 22
    },
    "2021-11-30": {
        "Diluted EPS": 0.85,
        "Total Revenue": 135,
        "Gross Profit": 38,
        "Operating Income": 21,
        "EBIT": 34,
        "Net Income": 21
    },
    "2021-08-31": {
        "Diluted EPS": 0.76,
        "Total Revenue": 131,
        "Gross Profit": 36,
        "Operating Income": 20,
        "EBIT": 25,
        "Net Income": 19
    },
    "2021-05-31": {
        "Diluted EPS": 0.88,
        "Total Revenue": 230,
        "Gross Profit": 58,
        "Operating Income": 31,
        "EBIT": 42,
        "Net Income": 22
    },
    "2021-02-28": {
        "Diluted EPS": 0.62,
        "Total Revenue": -163,
        "Gross Profit": -20,
        "Operating Income": 5,
        "EBIT": 3,
        "Net Income": 16
    },
    "2020-11-30": {
        "Diluted EPS": 0.76,
        "Total Revenue": 227,
        "Gross Profit": 55,
        "Operating Income": 28,
        "EBIT": 39,
        "Net Income": 20
    },
    "2020-08-31": {
        "Diluted EPS": -0.07,
        "Total Revenue": 203,
        "Gross Profit": 46,
        "Operating Income": 1,
        "EBIT": 12,
        "Net Income": -2
    },
    "2020-05-31": {
        "Diluted EPS": 0.21,
        "Total Revenue": 213,
        "Gross Profit": 42,
        "Operating Income": 14,
        "EBIT": 26,
        "Net Income": 6
    },
    "2020-02-29": {
        "Diluted EPS": -0.4,
        "Total Revenue": 245,
        "Gross Profit": 51,
        "Operating Income": -7,
        "EBIT": 6,
        "Net Income": -11
    },
    "2019-11-30": {
        "Diluted EPS": 0.84,
        "Total Revenue": 291,
        "Gross Profit": 67,
        "Operating Income": 33,
        "EBIT": 46,
        "Net Income": 22
    },
    "2019-08-31": {
        "Diluted EPS": 0.59,
        "Total Revenue": 236,
        "Gross Profit": 53,
        "Operating Income": 22,
        "EBIT": 35,
        "Net Income": 16
    },
    "2019-05-31": {
        "Diluted EPS": 0.81,
        "Total Revenue": 289,
        "Gross Profit": 66,
        "Operating Income": 31,
        "EBIT": 43,
        "Net Income": 21
    },
    "2019-02-28": {
        "Diluted EPS": 0.34,
        "Total Revenue": 203,
        "Gross Profit": 43,
        "Operating Income": 13,
        "EBIT": 26,
        "Net Income": 9
    },
    "2018-11-30": {
        "Diluted EPS": 0.59,
        "Total Revenue": 240,
        "Gross Profit": 50,
        "Operating Income": 23,
        "EBIT": 35,
        "Net Income": 15
    },
    "2018-08-31": {
        "Diluted EPS": 0.43,
        "Total Revenue": 223,
        "Gross Profit": 47,
        "Operating Income": 17,
        "EBIT": 30,
        "Net Income": 11
    },
    "2018-05-31": {
        "Diluted EPS": 0.6,
        "Total Revenue": 262,
        "Gross Profit": 59,
        "Operating Income": 24,
        "EBIT": 37,
        "Net Income": 16
    },
    "2018-02-28": {
        "Diluted EPS": 0.9,
        "Total Revenue": 201,
        "Gross Profit": 38,
        "Operating Income": 9,
        "EBIT": 22,
        "Net Income": 23
    },
    "2017-11-30": {
        "Diluted EPS": -0.01,
        "Total Revenue": 208,
        "Gross Profit": 31,
        "Operating Income": 2,
        "EBIT": 15,
        "Net Income": 0
    },
    "2017-08-31": {
        "Diluted EPS": 0.38,
        "Total Revenue": 196,
        "Gross Profit": 44,
        "Operating Income": 17,
        "EBIT": 30,
        "Net Income": 10
    },
    "2017-05-31": {
        "Diluted EPS": 0.46,
        "Total Revenue": 205,
        "Gross Profit": 47,
        "Operating Income": 20,
        "EBIT": 33,
        "Net Income": 12
    },
    "2017-02-28": {
        "Diluted EPS": 0.47,
        "Total Revenue": 184,
        "Gross Profit": 47,
        "Operating Income": 21,
        "EBIT": 34,
        "Net Income": 12
    },
    "2016-11-30": {
        "Diluted EPS": 0.64,
        "Total Revenue": 228,
        "Gross Profit": 51,
        "Operating Income": 26,
        "EBIT": 39,
        "Net Income": 17
    },
    "2016-08-31": {
        "Diluted EPS": 0.39,
        "Total Revenue": 201,
        "Gross Profit": 42,
        "Operating Income": 15,
        "EBIT": 28,
        "Net Income": 10
    },
    "2016-05-31": {
        "Diluted EPS": 0.85,
        "Total Revenue": 250,
        "Gross Profit": 65,
        "Operating Income": 36,
        "EBIT": 49,
        "Net Income": 22
    },
    "2016-02-29": {
        "Diluted EPS": 0.56,
        "Total Revenue": 204,
        "Gross Profit": 53,
        "Operating Income": 25,
        "EBIT": 37,
        "Net Income": 15
    },
    "2015-11-30": {
        "Diluted EPS": 0.91,
        "Total Revenue": 242,
        "Gross Profit": 62,
        "Operating Income": 36,
        "EBIT": 49,
        "Net Income": 24
    },
    "2015-08-31": {
        "Diluted EPS": 0.67,
        "Total Revenue": 214,
        "Gross Profit": 54,
        "Operating Income": 26,
        "EBIT": 39,
        "Net Income": 17
    },
    "2015-05-31": {
        "Diluted EPS": 0.77,
        "Total Revenue": 229,
        "Gross Profit": 59,
        "Operating Income": 33,
        "EBIT": 44,
        "Net Income": 20
    },
    "2015-02-28": {
        "Diluted EPS": 0.67,
        "Total Revenue": 185,
        "Gross Profit": 49,
        "Operating Income": 24,
        "EBIT": 36,
        "Net Income": 17
    },
    "2014-11-30": {
        "Diluted EPS": 0.77,
        "Total Revenue": 225,
        "Gross Profit": 61,
        "Operating Income": 33,
        "EBIT": 45,
        "Net Income": 20
    },
    "2014-08-31": {
        "Diluted EPS": 0.53,
        "Total Revenue": 193,
        "Gross Profit": 42,
        "Operating Income": 23,
        "EBIT": 35,
        "Net Income": 14
    },
    "2014-05-31": {
        "Diluted EPS": 0.58,
        "Total Revenue": 216,
        "Gross Profit": 55,
        "Operating Income": 28,
        "EBIT": 40,
        "Net Income": 15
    },
    "2014-02-28": {
        "Diluted EPS": 0.39,
        "Total Revenue": 181,
        "Gross Profit": 46,
        "Operating Income": 21,
        "EBIT": 33,
        "Net Income": 10
    },
    "2013-11-30": {
        "Diluted EPS": 0.72,
        "Total Revenue": 198,
        "Gross Profit": 53,
        "Operating Income": 25,
        "EBIT": 37,
        "Net Income": 18
    },
    "2013-08-31": {
        "Diluted EPS": 0.64,
        "Total Revenue": 190,
        "Gross Profit": 56,
        "Operating Income": 30,
        "EBIT": 41,
        "Net Income": 16
    },
    "2013-05-31": {
        "Diluted EPS": 0.57,
        "Total Revenue": 183,
        "Gross Profit": 51,
        "Operating Income": 24,
        "EBIT": 34,
        "Net Income": 15
    },
    "2013-02-28": {
        "Diluted EPS": 0.52,
        "Total Revenue": 140,
        "Gross Profit": 38,
        "Operating Income": 21,
        "EBIT": 29,
        "Net Income": 13
    },
    "2012-11-30": {
        "Diluted EPS": 0.6,
        "Total Revenue": 150,
        "Gross Profit": 45,
        "Operating Income": 27,
        "EBIT": 35,
        "Net Income": 15
    },
    "2012-08-31": {
        "Diluted EPS": 0.62,
        "Total Revenue": 153,
        "Gross Profit": 43,
        "Operating Income": 28,
        "EBIT": 35,
        "Net Income": 16
    },
    "2012-05-31": {
        "Diluted EPS": 0.63,
        "Total Revenue": 127,
        "Gross Profit": 38,
        "Operating Income": 23,
        "EBIT": 28,
        "Net Income": 16
    },
    "2012-02-29": {
        "Diluted EPS": 0.66,
        "Total Revenue": 124,
        "Gross Profit": 32,
        "Operating Income": 20,
        "EBIT": 25,
        "Net Income": 12
    },
    "2011-11-30": {
        "Diluted EPS": 0.39,
        "Total Revenue": 116,
        "Gross Profit": 31,
        "Operating Income": 19,
        "EBIT": 25,
        "Net Income": 10
    },
    "2011-08-31": {
        "Diluted EPS": 0.38,
        "Total Revenue": 115,
        "Gross Profit": 30,
        "Operating Income": 19,
        "EBIT": 24,
        "Net Income": 10
    },
    "2011-05-31": {
        "Diluted EPS": 0.19,
        "Total Revenue": 114,
        "Gross Profit": 31,
        "Operating Income": 18,
        "EBIT": 24,
        "Net Income": 9
    },
    "2011-02-28": {
        "Diluted EPS": 0.37,
        "Total Revenue": 101,
        "Gross Profit": 27,
        "Operating Income": 16,
        "EBIT": 22,
        "Net Income": 9
    },
    "2010-11-30": {
        "Diluted EPS": 0.39,
        "Total Revenue": 103,
        "Gross Profit": 28,
        "Operating Income": 17,
        "EBIT": 23,
        "Net Income": 10
    },
    "2010-08-31": {
        "Diluted EPS": 0.39,
        "Total Revenue": 100,
        "Gross Profit": 29,
        "Operating Income": 17,
        "EBIT": 23,
        "Net Income": 10
    },
    "2010-05-31": {
        "Diluted EPS": 0.26,
        "Total Revenue": 77,
        "Gross Profit": 24,
        "Operating Income": 11,
        "EBIT": 16,
        "Net Income": 6
    },
    "2010-02-28": {
        "Diluted EPS": 0.32,
        "Total Revenue": 85,
        "Gross Profit": 24,
        "Operating Income": 14,
        "EBIT": 18,
        "Net Income": 8
    },
    "2009-11-30": {
        "Diluted EPS": 0.35,
        "Total Revenue": 82,
        "Gross Profit": 26,
        "Operating Income": 15,
        "EBIT": 20,
        "Net Income": 9
    },
    "2009-08-31": {
        "Diluted EPS": 0.45,
        "Total Revenue": 95,
        "Gross Profit": 31,
        "Operating Income": 19,
        "EBIT": 24,
        "Net Income": 11
    },
    "2009-05-31": {
        "Diluted EPS": 0.4,
        "Total Revenue": 95,
        "Gross Profit": 30,
        "Operating Income": 18,
        "EBIT": 22,
        "Net Income": 10
    },
    "2009-02-28": {
        "Diluted EPS": 0.41,
        "Total Revenue": 100,
        "Gross Profit": 28,
        "Operating Income": 17,
        "EBIT": 21,
        "Net Income": 10
    },
    "2023-08-31": {
        "Tax Effect Of Unusual Items": NaN,
        "Tax Rate For Calcs": NaN,
        "Normalized EBITDA": NaN,
        "Net Income From Continuing Operation Net Minority Interest": NaN,
        "Reconciled Depreciation": NaN,
        "Reconciled Cost Of Revenue": NaN,
        "EBITDA": NaN,
        "EBIT": NaN,
        "Net Interest Income": NaN,
        "Interest Expense": NaN,
        "Normalized Income": NaN,
        "Net Income From Continuing And Discontinued Operation": NaN,
        "Total Expenses": NaN,
        "Total Operating Income As Reported": NaN,
        "Diluted Average Shares": 29210000.0,
        "Basic Average Shares": 25054000.0,
        "Diluted EPS": 0.97,
        "Basic EPS": 0.99,
        "Diluted NI Availto Com Stockholders": NaN,
        "Average Dilution Earnings": 3600000.0,
        "Net Income Common Stockholders": NaN,
        "Otherunder Preferred Stock Dividend": NaN,
        "Preferred Stock Dividends": 3600000.0,
        "Net Income": NaN,
        "Net Income Including Noncontrolling Interests": NaN,
        "Net Income Discontinuous Operations": 0.0,
        "Net Income Continuous Operations": NaN,
        "Tax Provision": NaN,
        "Pretax Income": NaN,
        "Other Income Expense": NaN,
        "Other Non Operating Income Expenses": NaN,
        "Earnings From Equity Interest": NaN,
        "Net Non Operating Interest Income Expense": NaN,
        "Interest Expense Non Operating": NaN,
        "Operating Income": NaN,
        "Operating Expense": NaN,
        "Selling General And Administration": NaN,
        "Gross Profit": NaN,
        "Cost Of Revenue": NaN,
        "Total Revenue": NaN,
        "Operating Revenue": NaN
    },
    "2023-11-30": {
        "Tax Effect Of Unusual Items": NaN,
        "Tax Rate For Calcs": NaN,
        "Normalized EBITDA": NaN,
        "Net Income From Continuing Operation Net Minority Interest": NaN,
        "Reconciled Depreciation": NaN,
        "Reconciled Cost Of Revenue": NaN,
        "EBITDA": NaN,
        "EBIT": NaN,
        "Net Interest Income": NaN,
        "Interest Expense": NaN,
        "Normalized Income": NaN,
        "Net Income From Continuing And Discontinued Operation": NaN,
        "Total Expenses": NaN,
        "Total Operating Income As Reported": NaN,
        "Diluted Average Shares": 29330000.0,
        "Basic Average Shares": 25077000.0,
        "Diluted EPS": 0.92,
        "Basic EPS": 0.93,
        "Diluted NI Availto Com Stockholders": NaN,
        "Average Dilution Earnings": 3600000.0,
        "Net Income Common Stockholders": NaN,
        "Otherunder Preferred Stock Dividend": NaN,
        "Preferred Stock Dividends": 3600000.0,
        "Net Income": NaN,
        "Net Income Including Noncontrolling Interests": NaN,
        "Net Income Discontinuous Operations": 0.0,
        "Net Income Continuous Operations": NaN,
        "Tax Provision": NaN,
        "Pretax Income": NaN,
        "Other Income Expense": NaN,
        "Other Non Operating Income Expenses": NaN,
        "Earnings From Equity Interest": NaN,
        "Net Non Operating Interest Income Expense": NaN,
        "Interest Expense Non Operating": NaN,
        "Operating Income": NaN,
        "Operating Expense": NaN,
        "Selling General And Administration": NaN,
        "Gross Profit": NaN,
        "Cost Of Revenue": NaN,
        "Total Revenue": NaN,
        "Operating Revenue": NaN
    },
    "2024-02-29": {
        "Tax Effect Of Unusual Items": NaN,
        "Tax Rate For Calcs": NaN,
        "Normalized EBITDA": NaN,
        "Net Income From Continuing Operation Net Minority Interest": NaN,
        "Reconciled Depreciation": NaN,
        "Reconciled Cost Of Revenue": NaN,
        "EBITDA": NaN,
        "EBIT": NaN,
        "Net Interest Income": NaN,
        "Interest Expense": NaN,
        "Normalized Income": NaN,
        "Net Income From Continuing And Discontinued Operation": NaN,
        "Total Expenses": NaN,
        "Total Operating Income As Reported": NaN,
        "Diluted Average Shares": NaN,
        "Basic Average Shares": NaN,
        "Diluted EPS": NaN,
        "Basic EPS": NaN,
        "Diluted NI Availto Com Stockholders": NaN,
        "Average Dilution Earnings": NaN,
        "Net Income Common Stockholders": NaN,
        "Otherunder Preferred Stock Dividend": NaN,
        "Preferred Stock Dividends": 3600000.0,
        "Net Income": NaN,
        "Net Income Including Noncontrolling Interests": NaN,
        "Net Income Discontinuous Operations": 0.0,
        "Net Income Continuous Operations": NaN,
        "Tax Provision": NaN,
        "Pretax Income": NaN,
        "Other Income Expense": NaN,
        "Other Non Operating Income Expenses": NaN,
        "Earnings From Equity Interest": NaN,
        "Net Non Operating Interest Income Expense": NaN,
        "Interest Expense Non Operating": NaN,
        "Operating Income": NaN,
        "Operating Expense": NaN,
        "Selling General And Administration": NaN,
        "Gross Profit": NaN,
        "Cost Of Revenue": NaN,
        "Total Revenue": NaN,
        "Operating Revenue": NaN
    },
    "2024-05-31": {
        "Tax Effect Of Unusual Items": NaN,
        "Tax Rate For Calcs": NaN,
        "Normalized EBITDA": NaN,
        "Net Income From Continuing Operation Net Minority Interest": NaN,
        "Reconciled Depreciation": NaN,
        "Reconciled Cost Of Revenue": NaN,
        "EBITDA": NaN,
        "EBIT": NaN,
        "Net Interest Income": NaN,
        "Interest Expense": NaN,
        "Normalized Income": NaN,
        "Net Income From Continuing And Discontinued Operation": NaN,
        "Total Expenses": NaN,
        "Total Operating Income As Reported": NaN,
        "Diluted Average Shares": NaN,
        "Basic Average Shares": NaN,
        "Diluted EPS": NaN,
        "Basic EPS": NaN,
        "Diluted NI Availto Com Stockholders": NaN,
        "Average Dilution Earnings": 0.0,
        "Net Income Common Stockholders": NaN,
        "Otherunder Preferred Stock Dividend": NaN,
        "Preferred Stock Dividends": 1200000.0,
        "Net Income": NaN,
        "Net Income Including Noncontrolling Interests": NaN,
        "Net Income Discontinuous Operations": NaN,
        "Net Income Continuous Operations": NaN,
        "Tax Provision": NaN,
        "Pretax Income": NaN,
        "Other Income Expense": NaN,
        "Other Non Operating Income Expenses": NaN,
        "Earnings From Equity Interest": NaN,
        "Net Non Operating Interest Income Expense": NaN,
        "Interest Expense Non Operating": NaN,
        "Operating Income": NaN,
        "Operating Expense": NaN,
        "Selling General And Administration": NaN,
        "Gross Profit": NaN,
        "Cost Of Revenue": NaN,
        "Total Revenue": NaN,
        "Operating Revenue": NaN
    },
    "2024-08-31": {
        "Tax Effect Of Unusual Items": 0.0,
        "Tax Rate For Calcs": 0.256,
        "Normalized EBITDA": 89968000.0,
        "Net Income From Continuing Operation Net Minority Interest": 35419000.0,
        "Reconciled Depreciation": 20427000.0,
        "Reconciled Cost Of Revenue": 305493000.0,
        "EBITDA": 89968000.0,
        "EBIT": 69541000.0,
        "Net Interest Income": -21909000.0,
        "Interest Expense": 21909000.0,
        "Normalized Income": 35419000.0,
        "Net Income From Continuing And Discontinued Operation": 35419000.0,
        "Total Expenses": 341361000.0,
        "Total Operating Income As Reported": 67646000.0,
        "Diluted Average Shares": 30057000.0,
        "Basic Average Shares": 29852000.0,
        "Diluted EPS": 1.18,
        "Basic EPS": 1.19,
        "Diluted NI Availto Com Stockholders": 35419000.0,
        "Average Dilution Earnings": 0.0,
        "Net Income Common Stockholders": 35419000.0,
        "Otherunder Preferred Stock Dividend": 0.0,
        "Preferred Stock Dividends": NaN,
        "Net Income": 35419000.0,
        "Net Income Including Noncontrolling Interests": 35419000.0,
        "Net Income Discontinuous Operations": NaN,
        "Net Income Continuous Operations": 35419000.0,
        "Tax Provision": 12213000.0,
        "Pretax Income": 47632000.0,
        "Other Income Expense": 1895000.0,
        "Other Non Operating Income Expenses": 417000.0,
        "Earnings From Equity Interest": 1478000.0,
        "Net Non Operating Interest Income Expense": -21909000.0,
        "Interest Expense Non Operating": 21909000.0,
        "Operating Income": 67646000.0,
        "Operating Expense": 35868000.0,
        "Selling General And Administration": 35868000.0,
        "Gross Profit": 103514000.0,
        "Cost Of Revenue": 305493000.0,
        "Total Revenue": 409007000.0,
        "Operating Revenue": 409007000.0
    },
    "2024-11-30": {
        "Tax Effect Of Unusual Items": 0.0,
        "Tax Rate For Calcs": 0.265,
        "Normalized EBITDA": 85573000.0,
        "Net Income From Continuing Operation Net Minority Interest": 33603000.0,
        "Reconciled Depreciation": 20633000.0,
        "Reconciled Cost Of Revenue": 305876000.0,
        "EBITDA": 85573000.0,
        "EBIT": 64940000.0,
        "Net Interest Income": -19223000.0,
        "Interest Expense": 19223000.0,
        "Normalized Income": 33603000.0,
        "Net Income From Continuing And Discontinued Operation": 33603000.0,
        "Total Expenses": 345119000.0,
        "Total Operating Income As Reported": 58535000.0,
        "Diluted Average Shares": 30118000.0,
        "Basic Average Shares": 29879000.0,
        "Diluted EPS": 1.12,
        "Basic EPS": 1.12,
        "Diluted NI Availto Com Stockholders": 33603000.0,
        "Average Dilution Earnings": 0.0,
        "Net Income Common Stockholders": 33603000.0,
        "Otherunder Preferred Stock Dividend": 0.0,
        "Preferred Stock Dividends": NaN,
        "Net Income": 33603000.0,
        "Net Income Including Noncontrolling Interests": 33603000.0,
        "Net Income Discontinuous Operations": NaN,
        "Net Income Continuous Operations": 33603000.0,
        "Tax Provision": 12114000.0,
        "Pretax Income": 45717000.0,
        "Other Income Expense": 6405000.0,
        "Other Non Operating Income Expenses": -763000.0,
        "Earnings From Equity Interest": 7168000.0,
        "Net Non Operating Interest Income Expense": -19223000.0,
        "Interest Expense Non Operating": 19223000.0,
        "Operating Income": 58535000.0,
        "Operating Expense": 39243000.0,
        "Selling General And Administration": 39243000.0,
        "Gross Profit": 97778000.0,
        "Cost Of Revenue": 305876000.0,
        "Total Revenue": 403654000.0,
        "Operating Revenue": 403654000.0
    },
    "2025-02-28": {
        "Tax Effect Of Unusual Items": 0.0,
        "Tax Rate For Calcs": 0.232502,
        "Normalized EBITDA": 64529000.0,
        "Net Income From Continuing Operation Net Minority Interest": 20209000.0,
        "Reconciled Depreciation": 20822000.0,
        "Reconciled Cost Of Revenue": 273157000.0,
        "EBITDA": 64529000.0,
        "EBIT": 43707000.0,
        "Net Interest Income": -17376000.0,
        "Interest Expense": 17376000.0,
        "Normalized Income": 20209000.0,
        "Net Income From Continuing And Discontinued Operation": 20209000.0,
        "Total Expenses": 311441000.0,
        "Total Operating Income As Reported": 40434000.0,
        "Diluted Average Shares": 30169000.0,
        "Basic Average Shares": 29898000.0,
        "Diluted EPS": 0.67,
        "Basic EPS": 0.68,
        "Diluted NI Availto Com Stockholders": 20209000.0,
        "Average Dilution Earnings": NaN,
        "Net Income Common Stockholders": 20209000.0,
        "Otherunder Preferred Stock Dividend": 0.0,
        "Preferred Stock Dividends": 0.0,
        "Net Income": 20209000.0,
        "Net Income Including Noncontrolling Interests": 20209000.0,
        "Net Income Discontinuous Operations": NaN,
        "Net Income Continuous Operations": 20209000.0,
        "Tax Provision": 6122000.0,
        "Pretax Income": 26331000.0,
        "Other Income Expense": 3273000.0,
        "Other Non Operating Income Expenses": -420000.0,
        "Earnings From Equity Interest": 3693000.0,
        "Net Non Operating Interest Income Expense": -17376000.0,
        "Interest Expense Non Operating": 17376000.0,
        "Operating Income": 40434000.0,
        "Operating Expense": 38284000.0,
        "Selling General And Administration": 38284000.0,
        "Gross Profit": 78718000.0,
        "Cost Of Revenue": 273157000.0,
        "Total Revenue": 351875000.0,
        "Operating Revenue": 351875000.0
    },
    "2025-05-31": {
        "Tax Effect Of Unusual Items": 0.0,
        "Tax Rate For Calcs": 0.243,
        "Normalized EBITDA": 266226000.0,
        "Net Income From Continuing Operation Net Minority Interest": 170908000.0,
        "Reconciled Depreciation": 21827000.0,
        "Reconciled Cost Of Revenue": 317832000.0,
        "EBITDA": 266226000.0,
        "EBIT": 244399000.0,
        "Net Interest Income": -18563000.0,
        "Interest Expense": 18563000.0,
        "Normalized Income": 170908000.0,
        "Net Income From Continuing And Discontinued Operation": 170908000.0,
        "Total Expenses": 352413000.0,
        "Total Operating Income As Reported": 69549000.0,
        "Diluted Average Shares": 30217000.0,
        "Basic Average Shares": 29941000.0,
        "Diluted EPS": 5.66,
        "Basic EPS": 5.71,
        "Diluted NI Availto Com Stockholders": 170908000.0,
        "Average Dilution Earnings": NaN,
        "Net Income Common Stockholders": 170908000.0,
        "Otherunder Preferred Stock Dividend": 0.0,
        "Preferred Stock Dividends": NaN,
        "Net Income": 170908000.0,
        "Net Income Including Noncontrolling Interests": 170908000.0,
        "Net Income Discontinuous Operations": NaN,
        "Net Income Continuous Operations": 170908000.0,
        "Tax Provision": 54928000.0,
        "Pretax Income": 225836000.0,
        "Other Income Expense": 174850000.0,
        "Other Non Operating Income Expenses": 1327000.0,
        "Earnings From Equity Interest": 173523000.0,
        "Net Non Operating Interest Income Expense": -18563000.0,
        "Interest Expense Non Operating": 18563000.0,
        "Operating Income": 69549000.0,
        "Operating Expense": 34581000.0,
        "Selling General And Administration": 34581000.0,
        "Gross Profit": 104130000.0,
        "Cost Of Revenue": 317832000.0,
        "Total Revenue": 421962000.0,
        "Operating Revenue": 421962000.0
    },
    "2025-08-31": {
        "Tax Effect Of Unusual Items": 0.0,
        "Tax Rate For Calcs": 0.219,
        "Normalized EBITDA": 150366000.0,
        "Net Income From Continuing Operation Net Minority Interest": 89346000.0,
        "Reconciled Depreciation": 22372000.0,
        "Reconciled Cost Of Revenue": 315983000.0,
        "EBITDA": 150366000.0,
        "EBIT": 127994000.0,
        "Net Interest Income": -13665000.0,
        "Interest Expense": 13665000.0,
        "Normalized Income": 89346000.0,
        "Net Income From Continuing And Discontinued Operation": 89346000.0,
        "Total Expenses": 348814000.0,
        "Total Operating Income As Reported": 68461000.0,
        "Diluted Average Shares": 30244000.0,
        "Basic Average Shares": 30037000.0,
        "Diluted EPS": 2.95,
        "Basic EPS": 2.97,
        "Diluted NI Availto Com Stockholders": 89346000.0,
        "Average Dilution Earnings": NaN,
        "Net Income Common Stockholders": 89346000.0,
        "Otherunder Preferred Stock Dividend": 0.0,
        "Preferred Stock Dividends": NaN,
        "Net Income": 89346000.0,
        "Net Income Including Noncontrolling Interests": 89346000.0,
        "Net Income Discontinuous Operations": NaN,
        "Net Income Continuous Operations": 89346000.0,
        "Tax Provision": 24983000.0,
        "Pretax Income": 114329000.0,
        "Other Income Expense": 59533000.0,
        "Other Non Operating Income Expenses": 188000.0,
        "Earnings From Equity Interest": 59345000.0,
        "Net Non Operating Interest Income Expense": -13665000.0,
        "Interest Expense Non Operating": 13665000.0,
        "Operating Income": 68461000.0,
        "Operating Expense": 32831000.0,
        "Selling General And Administration": 32831000.0,
        "Gross Profit": 101292000.0,
        "Cost Of Revenue": 315983000.0,
        "Total Revenue": 417275000.0,
        "Operating Revenue": 417275000.0
    }
}