{
    "2023-06-30": {
        "Tax Effect Of Unusual Items": 0.0,
        "Tax Rate For Calcs": 0.078,
        "Total Unusual Items": NaN,
        "Total Unusual Items Excluding Goodwill": NaN,
        "Net Income From Continuing Operation Net Minority Interest": 7408000000.0,
        "Reconciled Depreciation": 510000000.0,
        "Net Interest Income": 14158000000.0,
        "Interest Expense": 18196000000.0,
        "Interest Income": 32354000000.0,
        "Normalized Income": 7408000000.0,
        "Net Income From Continuing And Discontinued Operation": 7408000000.0,
        "Diluted Average Shares": 8080700000.0,
        "Basic Average Shares": 8040900000.0,
        "Diluted EPS": 0.88,
        "Basic EPS": 0.88,
        "Diluted NI Availto Com Stockholders": 7102000000.0,
        "Average Dilution Earnings": NaN,
        "Net Income Common Stockholders": 7102000000.0,
        "Preferred Stock Dividends": 306000000.0,
        "Net Income": 7408000000.0,
        "Net Income Including Noncontrolling Interests": 7408000000.0,
        "Net Income Continuous Operations": 7408000000.0,
        "Tax Provision": 626000000.0,
        "Pretax Income": 8034000000.0,
        "Special Income Charges": NaN,
        "Other Special Charges": NaN,
        "Gain On Sale Of Security": 0.0,
        "Selling General And Administration": 12091000000.0,
        "Selling And Marketing Expense": 1469000000.0,
        "General And Administrative Expense": 10622000000.0,
        "Other Gand A": 1221000000.0,
        "Salaries And Wages": 9401000000.0,
        "Total Revenue": 25197000000.0,
        "Operating Revenue": 25197000000.0,
        "Occupancy And Equipment": 1776000000.0,
        "Professional Expense And Contract Services Expense": 527000000.0,
        "Other Non Interest Expense": 1644000000.0
    },
    "2023-03-31": {
        "Tax Effect Of Unusual Items": 0.0,
        "Tax Rate For Calcs": 0.102,
        "Total Unusual Items": NaN,
        "Total Unusual Items Excluding Goodwill": NaN,
        "Net Income From Continuing Operation Net Minority Interest": 8161000000.0,
        "Reconciled Depreciation": 503000000.0,
        "Net Interest Income": 14448000000.0,
        "Interest Expense": 14207000000.0,
        "Interest Income": 28655000000.0,
        "Normalized Income": 8161000000.0,
        "Net Income From Continuing And Discontinued Operation": 8161000000.0,
        "Diluted Average Shares": 8182300000.0,
        "Basic Average Shares": 8065900000.0,
        "Diluted EPS": 0.94,
        "Basic EPS": 0.95,
        "Diluted NI Availto Com Stockholders": 7656000000.0,
        "Average Dilution Earnings": NaN,
        "Net Income Common Stockholders": 7656000000.0,
        "Preferred Stock Dividends": 505000000.0,
        "Net Income": 8161000000.0,
        "Net Income Including Noncontrolling Interests": 8161000000.0,
        "Net Income Continuous Operations": 8161000000.0,
        "Tax Provision": 928000000.0,
        "Pretax Income": 9089000000.0,
        "Special Income Charges": NaN,
        "Other Special Charges": NaN,
        "Gain On Sale Of Security": 0.0,
        "Selling General And Administration": 12205000000.0,
        "Selling And Marketing Expense": 1348000000.0,
        "General And Administrative Expense": 10857000000.0,
        "Other Gand A": 939000000.0,
        "Salaries And Wages": 9918000000.0,
        "Total Revenue": 26258000000.0,
        "Operating Revenue": 26258000000.0,
        "Occupancy And Equipment": 1799000000.0,
        "Professional Expense And Contract Services Expense": 537000000.0,
        "Other Non Interest Expense": 1697000000.0
    },
    "2022-12-31": {
        "Tax Effect Of Unusual Items": 0.0,
        "Tax Rate For Calcs": 0.096872,
        "Net Income From Continuing Operation Net Minority Interest": 7132000000.0,
        "Reconciled Depreciation": 502000000.0,
        "Net Interest Income": 14681000000.0,
        "Interest Expense": 10394000000.0,
        "Interest Income": 25075000000.0,
        "Normalized Income": 7132000000.0,
        "Net Income From Continuing And Discontinued Operation": 7132000000.0,
        "Diluted Average Shares": 8155700000.0,
        "Basic Average Shares": 8088300000.0,
        "Diluted EPS": 0.85,
        "Basic EPS": 0.85,
        "Diluted NI Availto Com Stockholders": 6904000000.0,
        "Average Dilution Earnings": NaN,
        "Net Income Common Stockholders": 6904000000.0,
        "Preferred Stock Dividends": 228000000.0,
        "Net Income": 7132000000.0,
        "Net Income Including Noncontrolling Interests": 7132000000.0,
        "Net Income Continuous Operations": 7132000000.0,
        "Tax Provision": 765000000.0,
        "Pretax Income": 7897000000.0,
        "Gain On Sale Of Security": 0.0,
        "Selling General And Administration": 11450000000.0,
        "Selling And Marketing Expense": 1364000000.0,
        "General And Administrative Expense": 10086000000.0,
        "Other Gand A": 925000000.0,
        "Salaries And Wages": 9161000000.0,
        "Total Revenue": 24532000000.0,
        "Operating Revenue": 24532000000.0
    },
    "2022-09-30": {
        "Tax Effect Of Unusual Items": NaN,
        "Tax Rate For Calcs": NaN,
        "Total Unusual Items": NaN,
        "Total Unusual Items Excluding Goodwill": NaN,
        "Net Income From Continuing Operation Net Minority Interest": NaN,
        "Reconciled Depreciation": NaN,
        "Net Interest Income": NaN,
        "Interest Expense": NaN,
        "Interest Income": NaN,
        "Normalized Income": NaN,
        "Net Income From Continuing And Discontinued Operation": NaN,
        "Diluted Average Shares": NaN,
        "Basic Average Shares": NaN,
        "Diluted EPS": NaN,
        "Basic EPS": NaN,
        "Diluted NI Availto Com Stockholders": NaN,
        "Average Dilution Earnings": 0.0,
        "Net Income Common Stockholders": NaN,
        "Preferred Stock Dividends": NaN,
        "Net Income": NaN,
        "Net Income Including Noncontrolling Interests": NaN,
        "Net Income Continuous Operations": NaN,
        "Tax Provision": NaN,
        "Pretax Income": NaN,
        "Special Income Charges": NaN,
        "Other Special Charges": NaN,
        "Gain On Sale Of Security": NaN,
        "Selling General And Administration": NaN,
        "Selling And Marketing Expense": NaN,
        "General And Administrative Expense": NaN,
        "Other Gand A": NaN,
        "Salaries And Wages": NaN,
        "Total Revenue": NaN,
        "Operating Revenue": NaN
    },
    "2022-06-30": {
        "Tax Effect Of Unusual Items": 0.0,
        "Tax Rate For Calcs": 0.093587,
        "Net Income From Continuing Operation Net Minority Interest": 6247000000.0,
        "Reconciled Depreciation": 491000000.0,
        "Net Interest Income": 12444000000.0,
        "Interest Expense": 2531000000.0,
        "Interest Income": 14975000000.0,
        "Normalized Income": 6247000000.0,
        "Net Income From Continuing And Discontinued Operation": 6247000000.0,
        "Diluted Average Shares": 8163100000.0,
        "Basic Average Shares": 8121600000.0,
        "Diluted EPS": 0.73,
        "Basic EPS": 0.73,
        "Diluted NI Availto Com Stockholders": 5932000000.0,
        "Average Dilution Earnings": NaN,
        "Net Income Common Stockholders": 5932000000.0,
        "Preferred Stock Dividends": 315000000.0,
        "Net Income": 6247000000.0,
        "Net Income Including Noncontrolling Interests": 6247000000.0,
        "Net Income Continuous Operations": 6247000000.0,
        "Tax Provision": 645000000.0,
        "Pretax Income": 6892000000.0,
        "Gain On Sale Of Security": 0.0,
        "Selling General And Administration": 11472000000.0,
        "Selling And Marketing Expense": 1387000000.0,
        "General And Administrative Expense": 10085000000.0,
        "Other Gand A": 1168000000.0,
        "Salaries And Wages": 8917000000.0,
        "Total Revenue": 22688000000.0,
        "Operating Revenue": 22688000000.0
    },
    "2022-03-31": {
        "Diluted EPS": 0.8,
        "Total Revenue": NaN,
        "Gross Profit": NaN,
        "Operating Income": NaN,
        "EBIT": NaN,
        "Net Income": NaN
    },
    "2021-12-31": {
        "Diluted EPS": 0.83,
        "Total Revenue": NaN,
        "Gross Profit": NaN,
        "Operating Income": NaN,
        "EBIT": NaN,
        "Net Income": NaN
    },
    "2021-09-30": {
        "Diluted EPS": 0.85,
        "Total Revenue": NaN,
        "Gross Profit": NaN,
        "Operating Income": NaN,
        "EBIT": NaN,
        "Net Income": NaN
    },
    "2021-06-30": {
        "Diluted EPS": 1.03,
        "Total Revenue": NaN,
        "Gross Profit": NaN,
        "Operating Income": NaN,
        "EBIT": NaN,
        "Net Income": NaN
    },
    "2021-03-31": {
        "Diluted EPS": 0.86,
        "Total Revenue": NaN,
        "Gross Profit": NaN,
        "Operating Income": NaN,
        "EBIT": NaN,
        "Net Income": NaN
    },
    "2020-12-31": {
        "Diluted EPS": 0.59,
        "Total Revenue": NaN,
        "Gross Profit": NaN,
        "Operating Income": NaN,
        "EBIT": NaN,
        "Net Income": NaN
    },
    "2020-09-30": {
        "Diluted EPS": 0.51,
        "Total Revenue": NaN,
        "Gross Profit": NaN,
        "Operating Income": NaN,
        "EBIT": NaN,
        "Net Income": NaN
    },
    "2020-06-30": {
        "Diluted EPS": 0.37,
        "Total Revenue": NaN,
        "Gross Profit": NaN,
        "Operating Income": NaN,
        "EBIT": NaN,
        "Net Income": NaN
    },
    "2020-03-31": {
        "Diluted EPS": 0.4,
        "Total Revenue": NaN,
        "Gross Profit": NaN,
        "Operating Income": NaN,
        "EBIT": NaN,
        "Net Income": NaN
    },
    "2019-12-31": {
        "Diluted EPS": 0.75,
        "Total Revenue": NaN,
        "Gross Profit": NaN,
        "Operating Income": NaN,
        "EBIT": NaN,
        "Net Income": NaN
    },
    "2019-09-30": {
        "Diluted EPS": 0.56,
        "Total Revenue": NaN,
        "Gross Profit": NaN,
        "Operating Income": NaN,
        "EBIT": NaN,
        "Net Income": NaN
    },
    "2019-06-30": {
        "Diluted EPS": 0.74,
        "Total Revenue": NaN,
        "Gross Profit": NaN,
        "Operating Income": NaN,
        "EBIT": NaN,
        "Net Income": NaN
    },
    "2019-03-31": {
        "Diluted EPS": 0.7,
        "Total Revenue": NaN,
        "Gross Profit": NaN,
        "Operating Income": NaN,
        "EBIT": NaN,
        "Net Income": NaN
    },
    "2018-12-31": {
        "Diluted EPS": 0.7,
        "Total Revenue": NaN,
        "Gross Profit": NaN,
        "Operating Income": NaN,
        "EBIT": NaN,
        "Net Income": NaN
    },
    "2018-09-30": {
        "Diluted EPS": 0.66,
        "Total Revenue": NaN,
        "Gross Profit": NaN,
        "Operating Income": NaN,
        "EBIT": NaN,
        "Net Income": NaN
    },
    "2018-06-30": {
        "Diluted EPS": 0.63,
        "Total Revenue": NaN,
        "Gross Profit": NaN,
        "Operating Income": NaN,
        "EBIT": NaN,
        "Net Income": NaN
    },
    "2018-03-31": {
        "Diluted EPS": 0.62,
        "Total Revenue": NaN,
        "Gross Profit": NaN,
        "Operating Income": NaN,
        "EBIT": NaN,
        "Net Income": NaN
    },
    "2017-12-31": {
        "Diluted EPS": 0.21,
        "Total Revenue": NaN,
        "Gross Profit": NaN,
        "Operating Income": NaN,
        "EBIT": NaN,
        "Net Income": NaN
    },
    "2017-09-30": {
        "Diluted EPS": 0.46,
        "Total Revenue": NaN,
        "Gross Profit": NaN,
        "Operating Income": NaN,
        "EBIT": NaN,
        "Net Income": NaN
    },
    "2017-06-30": {
        "Diluted EPS": 0.44,
        "Total Revenue": NaN,
        "Gross Profit": NaN,
        "Operating Income": NaN,
        "EBIT": NaN,
        "Net Income": NaN
    },
    "2017-03-31": {
        "Diluted EPS": 0.45,
        "Total Revenue": NaN,
        "Gross Profit": NaN,
        "Operating Income": NaN,
        "EBIT": NaN,
        "Net Income": NaN
    },
    "2016-12-31": {
        "Diluted EPS": 0.39,
        "Total Revenue": NaN,
        "Gross Profit": NaN,
        "Operating Income": NaN,
        "EBIT": NaN,
        "Net Income": NaN
    },
    "2016-09-30": {
        "Diluted EPS": 0.41,
        "Total Revenue": NaN,
        "Gross Profit": NaN,
        "Operating Income": NaN,
        "EBIT": NaN,
        "Net Income": NaN
    },
    "2016-06-30": {
        "Diluted EPS": 0.41,
        "Total Revenue": NaN,
        "Gross Profit": NaN,
        "Operating Income": NaN,
        "EBIT": NaN,
        "Net Income": NaN
    },
    "2016-03-31": {
        "Diluted EPS": 0.28,
        "Total Revenue": NaN,
        "Gross Profit": NaN,
        "Operating Income": NaN,
        "EBIT": NaN,
        "Net Income": NaN
    },
    "2015-12-31": {
        "Diluted EPS": 0.25,
        "Total Revenue": NaN,
        "Gross Profit": NaN,
        "Operating Income": NaN,
        "EBIT": NaN,
        "Net Income": NaN
    },
    "2015-09-30": {
        "Diluted EPS": 0.38,
        "Total Revenue": NaN,
        "Gross Profit": NaN,
        "Operating Income": NaN,
        "EBIT": NaN,
        "Net Income": NaN
    },
    "2015-06-30": {
        "Diluted EPS": 0.43,
        "Total Revenue": NaN,
        "Gross Profit": NaN,
        "Operating Income": NaN,
        "EBIT": NaN,
        "Net Income": NaN
    },
    "2015-03-31": {
        "Diluted EPS": 0.25,
        "Total Revenue": NaN,
        "Gross Profit": NaN,
        "Operating Income": NaN,
        "EBIT": NaN,
        "Net Income": NaN
    },
    "2014-12-31": {
        "Diluted EPS": 0.32,
        "Total Revenue": NaN,
        "Gross Profit": NaN,
        "Operating Income": NaN,
        "EBIT": NaN,
        "Net Income": NaN
    },
    "2014-09-30": {
        "Diluted EPS": -0.04,
        "Total Revenue": NaN,
        "Gross Profit": NaN,
        "Operating Income": 431,
        "EBIT": NaN,
        "Net Income": -470
    },
    "2014-06-30": {
        "Diluted EPS": 0.19,
        "Total Revenue": NaN,
        "Gross Profit": NaN,
        "Operating Income": NaN,
        "EBIT": NaN,
        "Net Income": NaN
    },
    "2014-03-31": {
        "Diluted EPS": -0.05,
        "Total Revenue": NaN,
        "Gross Profit": NaN,
        "Operating Income": -681,
        "EBIT": NaN,
        "Net Income": -514
    },
    "2013-12-31": {
        "Diluted EPS": 0.28,
        "Total Revenue": NaN,
        "Gross Profit": NaN,
        "Operating Income": NaN,
        "EBIT": NaN,
        "Net Income": NaN
    },
    "2013-09-30": {
        "Diluted EPS": 0.2,
        "Total Revenue": NaN,
        "Gross Profit": NaN,
        "Operating Income": NaN,
        "EBIT": NaN,
        "Net Income": NaN
    },
    "2013-06-30": {
        "Diluted EPS": 0.32,
        "Total Revenue": NaN,
        "Gross Profit": NaN,
        "Operating Income": NaN,
        "EBIT": NaN,
        "Net Income": NaN
    },
    "2013-03-31": {
        "Diluted EPS": 0.1,
        "Total Revenue": NaN,
        "Gross Profit": NaN,
        "Operating Income": NaN,
        "EBIT": NaN,
        "Net Income": NaN
    },
    "2012-12-31": {
        "Diluted EPS": 0.03,
        "Total Revenue": NaN,
        "Gross Profit": NaN,
        "Operating Income": NaN,
        "EBIT": NaN,
        "Net Income": 368
    },
    "2012-09-30": {
        "Diluted EPS": 0.0,
        "Total Revenue": NaN,
        "Gross Profit": NaN,
        "Operating Income": NaN,
        "EBIT": NaN,
        "Net Income": -33
    },
    "2012-06-30": {
        "Diluted EPS": 0.19,
        "Total Revenue": NaN,
        "Gross Profit": NaN,
        "Operating Income": NaN,
        "EBIT": NaN,
        "Net Income": NaN
    },
    "2012-03-31": {
        "Diluted EPS": 0.03,
        "Total Revenue": NaN,
        "Gross Profit": NaN,
        "Operating Income": 719,
        "EBIT": NaN,
        "Net Income": 327
    },
    "2011-12-31": {
        "Diluted EPS": 0.18,
        "Total Revenue": NaN,
        "Gross Profit": NaN,
        "Operating Income": NaN,
        "EBIT": NaN,
        "Net Income": NaN
    },
    "2011-09-30": {
        "Diluted EPS": 0.56,
        "Total Revenue": NaN,
        "Gross Profit": NaN,
        "Operating Income": NaN,
        "EBIT": NaN,
        "Net Income": NaN
    },
    "2011-06-30": {
        "Diluted EPS": -0.9,
        "Total Revenue": NaN,
        "Gross Profit": NaN,
        "Operating Income": NaN,
        "EBIT": NaN,
        "Net Income": NaN
    },
    "2011-03-31": {
        "Diluted EPS": 0.17,
        "Total Revenue": NaN,
        "Gross Profit": NaN,
        "Operating Income": NaN,
        "EBIT": NaN,
        "Net Income": NaN
    },
    "2010-12-31": {
        "Diluted EPS": -0.15,
        "Total Revenue": NaN,
        "Gross Profit": NaN,
        "Operating Income": NaN,
        "EBIT": NaN,
        "Net Income": NaN
    },
    "2010-09-30": {
        "Diluted EPS": -0.77,
        "Total Revenue": NaN,
        "Gross Profit": NaN,
        "Operating Income": NaN,
        "EBIT": NaN,
        "Net Income": NaN
    },
    "2010-06-30": {
        "Diluted EPS": 0.27,
        "Total Revenue": NaN,
        "Gross Profit": NaN,
        "Operating Income": NaN,
        "EBIT": NaN,
        "Net Income": NaN
    },
    "2010-03-31": {
        "Diluted EPS": 0.28,
        "Total Revenue": NaN,
        "Gross Profit": NaN,
        "Operating Income": NaN,
        "EBIT": NaN,
        "Net Income": NaN
    },
    "2009-12-31": {
        "Diluted EPS": -0.8,
        "Total Revenue": NaN,
        "Gross Profit": NaN,
        "Operating Income": -886,
        "EBIT": NaN,
        "Net Income": NaN
    },
    "2009-09-30": {
        "Diluted EPS": -0.26,
        "Total Revenue": NaN,
        "Gross Profit": NaN,
        "Operating Income": NaN,
        "EBIT": NaN,
        "Net Income": NaN
    },
    "2009-06-30": {
        "Diluted EPS": 0.33,
        "Total Revenue": NaN,
        "Gross Profit": NaN,
        "Operating Income": NaN,
        "EBIT": NaN,
        "Net Income": NaN
    },
    "2009-03-31": {
        "Diluted EPS": 0.44,
        "Total Revenue": NaN,
        "Gross Profit": NaN,
        "Operating Income": NaN,
        "EBIT": NaN,
        "Net Income": NaN
    },
    "2023-09-30": {
        "Tax Effect Of Unusual Items": NaN,
        "Tax Rate For Calcs": NaN,
        "Total Unusual Items": NaN,
        "Total Unusual Items Excluding Goodwill": NaN,
        "Net Income From Continuing Operation Net Minority Interest": NaN,
        "Reconciled Depreciation": NaN,
        "Net Interest Income": NaN,
        "Interest Expense": NaN,
        "Interest Income": NaN,
        "Normalized Income": NaN,
        "Net Income From Continuing And Discontinued Operation": NaN,
        "Diluted Average Shares": NaN,
        "Basic Average Shares": NaN,
        "Diluted EPS": NaN,
        "Basic EPS": NaN,
        "Diluted NI Availto Com Stockholders": NaN,
        "Average Dilution Earnings": 0.0,
        "Net Income Common Stockholders": NaN,
        "Preferred Stock Dividends": NaN,
        "Net Income": NaN,
        "Net Income Including Noncontrolling Interests": NaN,
        "Net Income Continuous Operations": NaN,
        "Tax Provision": NaN,
        "Pretax Income": NaN,
        "Special Income Charges": NaN,
        "Other Special Charges": NaN,
        "Gain On Sale Of Security": NaN,
        "Selling General And Administration": NaN,
        "Selling And Marketing Expense": NaN,
        "General And Administrative Expense": NaN,
        "Other Gand A": NaN,
        "Salaries And Wages": NaN,
        "Total Revenue": NaN,
        "Operating Revenue": NaN,
        "Occupancy And Equipment": NaN,
        "Professional Expense And Contract Services Expense": NaN,
        "Other Non Interest Expense": NaN
    },
    "2023-12-31": {
        "Tax Effect Of Unusual Items": 0.0,
        "Tax Rate For Calcs": 0.21,
        "Total Unusual Items": NaN,
        "Total Unusual Items Excluding Goodwill": NaN,
        "Net Income From Continuing Operation Net Minority Interest": 3144000000.0,
        "Reconciled Depreciation": 527000000.0,
        "Net Interest Income": 13946000000.0,
        "Interest Expense": 21683000000.0,
        "Interest Income": 35629000000.0,
        "Normalized Income": 3144000000.0,
        "Net Income From Continuing And Discontinued Operation": 3144000000.0,
        "Diluted Average Shares": 8062500000.0,
        "Basic Average Shares": 7990900000.0,
        "Diluted EPS": 0.35,
        "Basic EPS": 0.36,
        "Diluted NI Availto Com Stockholders": 2671000000.0,
        "Average Dilution Earnings": NaN,
        "Net Income Common Stockholders": 2838000000.0,
        "Preferred Stock Dividends": 306000000.0,
        "Net Income": 3144000000.0,
        "Net Income Including Noncontrolling Interests": 3144000000.0,
        "Net Income Continuous Operations": 3144000000.0,
        "Tax Provision": -20000000.0,
        "Pretax Income": 3124000000.0,
        "Special Income Charges": NaN,
        "Other Special Charges": NaN,
        "Gain On Sale Of Security": 0.0,
        "Selling General And Administration": 11597000000.0,
        "Selling And Marketing Expense": 1337000000.0,
        "General And Administrative Expense": 10260000000.0,
        "Other Gand A": 800000000.0,
        "Salaries And Wages": 9460000000.0,
        "Total Revenue": 21959000000.0,
        "Operating Revenue": 21959000000.0,
        "Occupancy And Equipment": 1794000000.0,
        "Professional Expense And Contract Services Expense": 550000000.0,
        "Other Non Interest Expense": 1690000000.0
    },
    "2024-03-31": {
        "Tax Effect Of Unusual Items": NaN,
        "Tax Rate For Calcs": NaN,
        "Total Unusual Items": 700000000.0,
        "Total Unusual Items Excluding Goodwill": 700000000.0,
        "Net Income From Continuing Operation Net Minority Interest": NaN,
        "Reconciled Depreciation": NaN,
        "Net Interest Income": NaN,
        "Interest Expense": NaN,
        "Interest Income": NaN,
        "Normalized Income": NaN,
        "Net Income From Continuing And Discontinued Operation": NaN,
        "Diluted Average Shares": NaN,
        "Basic Average Shares": NaN,
        "Diluted EPS": NaN,
        "Basic EPS": NaN,
        "Diluted NI Availto Com Stockholders": NaN,
        "Average Dilution Earnings": NaN,
        "Net Income Common Stockholders": NaN,
        "Preferred Stock Dividends": NaN,
        "Net Income": NaN,
        "Net Income Including Noncontrolling Interests": NaN,
        "Net Income Continuous Operations": NaN,
        "Tax Provision": NaN,
        "Pretax Income": NaN,
        "Special Income Charges": 700000000.0,
        "Other Special Charges": -700000000.0,
        "Gain On Sale Of Security": NaN,
        "Selling General And Administration": NaN,
        "Selling And Marketing Expense": NaN,
        "General And Administrative Expense": NaN,
        "Other Gand A": NaN,
        "Salaries And Wages": NaN,
        "Total Revenue": NaN,
        "Operating Revenue": NaN,
        "Occupancy And Equipment": NaN,
        "Professional Expense And Contract Services Expense": NaN,
        "Other Non Interest Expense": NaN
    },
    "2024-06-30": {
        "Tax Effect Of Unusual Items": 0.0,
        "Tax Rate For Calcs": 0.088,
        "Total Unusual Items": NaN,
        "Total Unusual Items Excluding Goodwill": NaN,
        "Net Income From Continuing Operation Net Minority Interest": 6897000000.0,
        "Reconciled Depreciation": 543000000.0,
        "Net Interest Income": 13702000000.0,
        "Interest Expense": 23152000000.0,
        "Interest Income": 36854000000.0,
        "Normalized Income": 6897000000.0,
        "Net Income From Continuing And Discontinued Operation": 6897000000.0,
        "Diluted Average Shares": 7960900000.0,
        "Basic Average Shares": 7897900000.0,
        "Diluted EPS": 0.83,
        "Basic EPS": 0.83,
        "Diluted NI Availto Com Stockholders": 6582000000.0,
        "Average Dilution Earnings": NaN,
        "Net Income Common Stockholders": 6582000000.0,
        "Preferred Stock Dividends": 315000000.0,
        "Net Income": 6897000000.0,
        "Net Income Including Noncontrolling Interests": 6897000000.0,
        "Net Income Continuous Operations": 6897000000.0,
        "Tax Provision": 663000000.0,
        "Pretax Income": 7560000000.0,
        "Special Income Charges": NaN,
        "Other Special Charges": NaN,
        "Gain On Sale Of Security": 0.0,
        "Selling General And Administration": 12074000000.0,
        "Selling And Marketing Expense": 1378000000.0,
        "General And Administrative Expense": 10696000000.0,
        "Other Gand A": 870000000.0,
        "Salaries And Wages": 9826000000.0,
        "Total Revenue": 25377000000.0,
        "Operating Revenue": 25377000000.0,
        "Occupancy And Equipment": 1818000000.0,
        "Professional Expense And Contract Services Expense": 654000000.0,
        "Other Non Interest Expense": 1763000000.0
    },
    "2024-09-30": {
        "Tax Effect Of Unusual Items": 0.0,
        "Tax Rate For Calcs": 0.058,
        "Net Income From Continuing Operation Net Minority Interest": 6896000000.0,
        "Reconciled Depreciation": 549000000.0,
        "Net Interest Income": 13967000000.0,
        "Interest Expense": 23524000000.0,
        "Interest Income": 37491000000.0,
        "Normalized Income": 6896000000.0,
        "Net Income From Continuing And Discontinued Operation": 6896000000.0,
        "Diluted Average Shares": NaN,
        "Basic Average Shares": NaN,
        "Diluted EPS": NaN,
        "Basic EPS": NaN,
        "Diluted NI Availto Com Stockholders": 6380000000.0,
        "Average Dilution Earnings": 0.0,
        "Net Income Common Stockholders": 6380000000.0,
        "Preferred Stock Dividends": 516000000.0,
        "Net Income": 6896000000.0,
        "Net Income Including Noncontrolling Interests": 6896000000.0,
        "Net Income Continuous Operations": 6896000000.0,
        "Tax Provision": 428000000.0,
        "Pretax Income": 7324000000.0,
        "Gain On Sale Of Security": 0.0,
        "Selling General And Administration": 12136000000.0,
        "Selling And Marketing Expense": 1353000000.0,
        "General And Administrative Expense": 10783000000.0,
        "Other Gand A": 867000000.0,
        "Salaries And Wages": 9916000000.0,
        "Total Revenue": 25345000000.0,
        "Operating Revenue": 25345000000.0,
        "Occupancy And Equipment": 1836000000.0,
        "Professional Expense And Contract Services Expense": 723000000.0,
        "Other Non Interest Expense": 1784000000.0
    },
    "2024-12-31": {
        "Tax Effect Of Unusual Items": 0.0,
        "Tax Rate For Calcs": 0.062324,
        "Net Income From Continuing Operation Net Minority Interest": 6665000000.0,
        "Reconciled Depreciation": 559000000.0,
        "Net Interest Income": 14359000000.0,
        "Interest Expense": 21618000000.0,
        "Interest Income": 35977000000.0,
        "Normalized Income": 6665000000.0,
        "Net Income From Continuing And Discontinued Operation": 6665000000.0,
        "Diluted Average Shares": 7843700000.0,
        "Basic Average Shares": 7738400000.0,
        "Diluted EPS": 0.82,
        "Basic EPS": 0.83,
        "Diluted NI Availto Com Stockholders": 6399000000.0,
        "Average Dilution Earnings": NaN,
        "Net Income Common Stockholders": 6399000000.0,
        "Preferred Stock Dividends": 266000000.0,
        "Net Income": 6665000000.0,
        "Net Income Including Noncontrolling Interests": 6665000000.0,
        "Net Income Continuous Operations": 6665000000.0,
        "Tax Provision": 443000000.0,
        "Pretax Income": 7108000000.0,
        "Gain On Sale Of Security": 0.0,
        "Selling General And Administration": 12335000000.0,
        "Selling And Marketing Expense": 1413000000.0,
        "General And Administrative Expense": 10922000000.0,
        "Other Gand A": 677000000.0,
        "Salaries And Wages": 10245000000.0,
        "Total Revenue": 25347000000.0,
        "Operating Revenue": 25347000000.0,
        "Occupancy And Equipment": 1824000000.0,
        "Professional Expense And Contract Services Expense": 744000000.0,
        "Other Non Interest Expense": 1884000000.0
    },
    "2025-03-31": {
        "Tax Effect Of Unusual Items": 0.0,
        "Tax Rate For Calcs": 0.089,
        "Net Income From Continuing Operation Net Minority Interest": 7396000000.0,
        "Reconciled Depreciation": 565000000.0,
        "Net Interest Income": 14443000000.0,
        "Interest Expense": 19623000000.0,
        "Interest Income": 34066000000.0,
        "Normalized Income": 7396000000.0,
        "Net Income From Continuing And Discontinued Operation": 7396000000.0,
        "Diluted Average Shares": 7770800000.0,
        "Basic Average Shares": 7677900000.0,
        "Diluted EPS": 0.9,
        "Basic EPS": 0.91,
        "Diluted NI Availto Com Stockholders": 6990000000.0,
        "Average Dilution Earnings": NaN,
        "Net Income Common Stockholders": 6990000000.0,
        "Preferred Stock Dividends": 406000000.0,
        "Net Income": 7396000000.0,
        "Net Income Including Noncontrolling Interests": 7396000000.0,
        "Net Income Continuous Operations": 7396000000.0,
        "Tax Provision": 720000000.0,
        "Pretax Income": 8116000000.0,
        "Gain On Sale Of Security": 0.0,
        "Selling General And Administration": 13368000000.0,
        "Selling And Marketing Expense": 1420000000.0,
        "General And Administrative Expense": 11948000000.0,
        "Other Gand A": 1059000000.0,
        "Salaries And Wages": 10889000000.0,
        "Total Revenue": 27366000000.0,
        "Operating Revenue": 27366000000.0,
        "Occupancy And Equipment": 1856000000.0,
        "Professional Expense And Contract Services Expense": 652000000.0,
        "Other Non Interest Expense": 1894000000.0
    },
    "2025-06-30": {
        "Tax Effect Of Unusual Items": 0.0,
        "Tax Rate For Calcs": 0.074,
        "Net Income From Continuing Operation Net Minority Interest": 7116000000.0,
        "Reconciled Depreciation": 571000000.0,
        "Net Interest Income": 14670000000.0,
        "Interest Expense": 20203000000.0,
        "Interest Income": 34873000000.0,
        "Normalized Income": 7116000000.0,
        "Net Income From Continuing And Discontinued Operation": 7116000000.0,
        "Diluted Average Shares": 7651600000.0,
        "Basic Average Shares": 7581200000.0,
        "Diluted EPS": 0.89,
        "Basic EPS": 0.9,
        "Diluted NI Availto Com Stockholders": 6825000000.0,
        "Average Dilution Earnings": NaN,
        "Net Income Common Stockholders": 6825000000.0,
        "Preferred Stock Dividends": 291000000.0,
        "Net Income": 7116000000.0,
        "Net Income Including Noncontrolling Interests": 7116000000.0,
        "Net Income Continuous Operations": 7116000000.0,
        "Tax Provision": 572000000.0,
        "Pretax Income": 7688000000.0,
        "Gain On Sale Of Security": 0.0,
        "Selling General And Administration": 12888000000.0,
        "Selling And Marketing Expense": 1537000000.0,
        "General And Administrative Expense": 11351000000.0,
        "Other Gand A": 1019000000.0,
        "Salaries And Wages": 10332000000.0,
        "Total Revenue": 26463000000.0,
        "Operating Revenue": 26463000000.0,
        "Occupancy And Equipment": 1836000000.0,
        "Professional Expense And Contract Services Expense": 640000000.0,
        "Other Non Interest Expense": 1819000000.0
    },
    "2025-09-30": {
        "Tax Effect Of Unusual Items": 0.0,
        "Tax Rate For Calcs": 0.104,
        "Net Income From Continuing Operation Net Minority Interest": 8469000000.0,
        "Reconciled Depreciation": 584000000.0,
        "Net Interest Income": 15233000000.0,
        "Interest Expense": 20133000000.0,
        "Interest Income": 35366000000.0,
        "Normalized Income": 8469000000.0,
        "Net Income From Continuing And Discontinued Operation": 8469000000.0,
        "Diluted Average Shares": 7627100000.0,
        "Basic Average Shares": 7466000000.0,
        "Diluted EPS": 1.06,
        "Basic EPS": 1.08,
        "Diluted NI Availto Com Stockholders": 8096000000.0,
        "Average Dilution Earnings": 56000000.0,
        "Net Income Common Stockholders": 8040000000.0,
        "Preferred Stock Dividends": 429000000.0,
        "Net Income": 8469000000.0,
        "Net Income Including Noncontrolling Interests": 8469000000.0,
        "Net Income Continuous Operations": 8469000000.0,
        "Tax Provision": 987000000.0,
        "Pretax Income": 9456000000.0,
        "Gain On Sale Of Security": 0.0,
        "Selling General And Administration": 13032000000.0,
        "Selling And Marketing Expense": 1597000000.0,
        "General And Administrative Expense": 11435000000.0,
        "Other Gand A": 912000000.0,
        "Salaries And Wages": 10523000000.0,
        "Total Revenue": 28088000000.0,
        "Operating Revenue": 28088000000.0,
        "Occupancy And Equipment": 1872000000.0,
        "Professional Expense And Contract Services Expense": 606000000.0,
        "Other Non Interest Expense": 1827000000.0
    },
    "2025-12-31": {
        "Tax Effect Of Unusual Items": NaN,
        "Tax Rate For Calcs": NaN,
        "Net Income From Continuing Operation Net Minority Interest": NaN,
        "Reconciled Depreciation": NaN,
        "Net Interest Income": NaN,
        "Interest Expense": NaN,
        "Interest Income": NaN,
        "Normalized Income": NaN,
        "Net Income From Continuing And Discontinued Operation": NaN,
        "Diluted Average Shares": 7546900000.0,
        "Basic Average Shares": 7364900000.0,
        "Diluted EPS": 0.98,
        "Basic EPS": 0.99,
        "Diluted NI Availto Com Stockholders": NaN,
        "Average Dilution Earnings": NaN,
        "Net Income Common Stockholders": NaN,
        "Preferred Stock Dividends": NaN,
        "Net Income": NaN,
        "Net Income Including Noncontrolling Interests": NaN,
        "Net Income Continuous Operations": NaN,
        "Tax Provision": NaN,
        "Pretax Income": NaN,
        "Gain On Sale Of Security": NaN,
        "Selling General And Administration": NaN,
        "Selling And Marketing Expense": NaN,
        "General And Administrative Expense": NaN,
        "Other Gand A": NaN,
        "Salaries And Wages": NaN,
        "Total Revenue": NaN,
        "Operating Revenue": NaN,
        "Occupancy And Equipment": NaN,
        "Professional Expense And Contract Services Expense": NaN,
        "Other Non Interest Expense": NaN
    }
}