{
    "2024-03-31": {
        "Tax Effect Of Unusual Items": NaN,
        "Tax Rate For Calcs": NaN,
        "Normalized EBITDA": NaN,
        "Net Income From Continuing Operation Net Minority Interest": NaN,
        "Reconciled Depreciation": NaN,
        "Reconciled Cost Of Revenue": NaN,
        "EBITDA": NaN,
        "EBIT": NaN,
        "Net Interest Income": NaN,
        "Interest Expense": NaN,
        "Normalized Income": NaN,
        "Net Income From Continuing And Discontinued Operation": NaN,
        "Total Expenses": NaN,
        "Total Operating Income As Reported": NaN,
        "Diluted Average Shares": NaN,
        "Basic Average Shares": NaN,
        "Diluted EPS": NaN,
        "Basic EPS": NaN,
        "Diluted NI Availto Com Stockholders": NaN,
        "Average Dilution Earnings": 0.0,
        "Net Income Common Stockholders": NaN,
        "Otherunder Preferred Stock Dividend": NaN,
        "Net Income": NaN,
        "Net Income Including Noncontrolling Interests": NaN,
        "Net Income Continuous Operations": NaN,
        "Tax Provision": NaN,
        "Pretax Income": NaN,
        "Other Income Expense": NaN,
        "Other Non Operating Income Expenses": NaN,
        "Net Non Operating Interest Income Expense": NaN,
        "Interest Expense Non Operating": NaN,
        "Operating Income": NaN,
        "Operating Expense": NaN,
        "Selling General And Administration": NaN,
        "Gross Profit": NaN,
        "Cost Of Revenue": NaN,
        "Total Revenue": NaN,
        "Operating Revenue": NaN
    },
    "2023-12-31": {
        "Tax Effect Of Unusual Items": NaN,
        "Tax Rate For Calcs": NaN,
        "Normalized EBITDA": NaN,
        "Net Income From Continuing Operation Net Minority Interest": NaN,
        "Reconciled Depreciation": NaN,
        "Reconciled Cost Of Revenue": NaN,
        "EBITDA": NaN,
        "EBIT": NaN,
        "Net Interest Income": NaN,
        "Interest Expense": NaN,
        "Normalized Income": NaN,
        "Net Income From Continuing And Discontinued Operation": NaN,
        "Total Expenses": NaN,
        "Total Operating Income As Reported": NaN,
        "Diluted Average Shares": NaN,
        "Basic Average Shares": NaN,
        "Diluted EPS": NaN,
        "Basic EPS": NaN,
        "Diluted NI Availto Com Stockholders": NaN,
        "Average Dilution Earnings": NaN,
        "Net Income Common Stockholders": NaN,
        "Otherunder Preferred Stock Dividend": NaN,
        "Preferred Stock Dividends": 0.0,
        "Net Income": NaN,
        "Net Income Including Noncontrolling Interests": NaN,
        "Net Income Continuous Operations": NaN,
        "Tax Provision": NaN,
        "Pretax Income": NaN,
        "Other Income Expense": NaN,
        "Other Non Operating Income Expenses": NaN,
        "Net Non Operating Interest Income Expense": NaN,
        "Interest Expense Non Operating": NaN,
        "Operating Income": NaN,
        "Operating Expense": NaN,
        "Selling General And Administration": NaN,
        "Gross Profit": NaN,
        "Cost Of Revenue": NaN,
        "Total Revenue": NaN,
        "Operating Revenue": NaN
    },
    "2023-09-30": {
        "Tax Effect Of Unusual Items": NaN,
        "Tax Rate For Calcs": NaN,
        "Normalized EBITDA": NaN,
        "Net Income From Continuing Operation Net Minority Interest": NaN,
        "Reconciled Depreciation": NaN,
        "Reconciled Cost Of Revenue": NaN,
        "EBITDA": NaN,
        "EBIT": NaN,
        "Net Interest Income": NaN,
        "Interest Expense": NaN,
        "Normalized Income": NaN,
        "Net Income From Continuing And Discontinued Operation": NaN,
        "Total Expenses": NaN,
        "Total Operating Income As Reported": NaN,
        "Diluted Average Shares": NaN,
        "Basic Average Shares": NaN,
        "Diluted EPS": NaN,
        "Basic EPS": NaN,
        "Diluted NI Availto Com Stockholders": NaN,
        "Average Dilution Earnings": 5869000.0,
        "Net Income Common Stockholders": NaN,
        "Otherunder Preferred Stock Dividend": NaN,
        "Preferred Stock Dividends": NaN,
        "Net Income": NaN,
        "Net Income Including Noncontrolling Interests": NaN,
        "Net Income Continuous Operations": NaN,
        "Tax Provision": NaN,
        "Pretax Income": NaN,
        "Other Income Expense": NaN,
        "Other Non Operating Income Expenses": NaN,
        "Net Non Operating Interest Income Expense": NaN,
        "Interest Expense Non Operating": NaN,
        "Operating Income": NaN,
        "Operating Expense": NaN,
        "Selling General And Administration": NaN,
        "Gross Profit": NaN,
        "Cost Of Revenue": NaN,
        "Total Revenue": NaN,
        "Operating Revenue": NaN
    },
    "2023-06-30": {
        "Tax Effect Of Unusual Items": NaN,
        "Tax Rate For Calcs": NaN,
        "Normalized EBITDA": NaN,
        "Net Income From Continuing Operation Net Minority Interest": NaN,
        "Reconciled Depreciation": NaN,
        "Reconciled Cost Of Revenue": NaN,
        "EBITDA": NaN,
        "EBIT": NaN,
        "Net Interest Income": NaN,
        "Interest Expense": NaN,
        "Normalized Income": NaN,
        "Net Income From Continuing And Discontinued Operation": NaN,
        "Total Expenses": NaN,
        "Total Operating Income As Reported": NaN,
        "Diluted Average Shares": NaN,
        "Basic Average Shares": NaN,
        "Diluted EPS": NaN,
        "Basic EPS": NaN,
        "Diluted NI Availto Com Stockholders": NaN,
        "Average Dilution Earnings": 0.0,
        "Net Income Common Stockholders": NaN,
        "Otherunder Preferred Stock Dividend": NaN,
        "Preferred Stock Dividends": NaN,
        "Net Income": NaN,
        "Net Income Including Noncontrolling Interests": NaN,
        "Net Income Continuous Operations": NaN,
        "Tax Provision": NaN,
        "Pretax Income": NaN,
        "Other Income Expense": NaN,
        "Other Non Operating Income Expenses": NaN,
        "Net Non Operating Interest Income Expense": NaN,
        "Interest Expense Non Operating": NaN,
        "Operating Income": NaN,
        "Operating Expense": NaN,
        "Selling General And Administration": NaN,
        "Gross Profit": NaN,
        "Cost Of Revenue": NaN,
        "Total Revenue": NaN,
        "Operating Revenue": NaN
    },
    "2023-03-31": {
        "Tax Effect Of Unusual Items": NaN,
        "Tax Rate For Calcs": NaN,
        "Normalized EBITDA": NaN,
        "Net Income From Continuing Operation Net Minority Interest": NaN,
        "Reconciled Depreciation": NaN,
        "Reconciled Cost Of Revenue": NaN,
        "EBITDA": NaN,
        "EBIT": NaN,
        "Net Interest Income": NaN,
        "Interest Expense": NaN,
        "Normalized Income": NaN,
        "Net Income From Continuing And Discontinued Operation": NaN,
        "Total Expenses": NaN,
        "Total Operating Income As Reported": NaN,
        "Diluted Average Shares": NaN,
        "Basic Average Shares": NaN,
        "Diluted EPS": NaN,
        "Basic EPS": NaN,
        "Diluted NI Availto Com Stockholders": NaN,
        "Average Dilution Earnings": NaN,
        "Net Income Common Stockholders": NaN,
        "Otherunder Preferred Stock Dividend": NaN,
        "Preferred Stock Dividends": 48300000.0,
        "Net Income": NaN,
        "Net Income Including Noncontrolling Interests": NaN,
        "Net Income Continuous Operations": NaN,
        "Tax Provision": NaN,
        "Pretax Income": NaN,
        "Other Income Expense": NaN,
        "Other Non Operating Income Expenses": NaN,
        "Net Non Operating Interest Income Expense": NaN,
        "Interest Expense Non Operating": NaN,
        "Operating Income": NaN,
        "Operating Expense": NaN,
        "Selling General And Administration": NaN,
        "Gross Profit": NaN,
        "Cost Of Revenue": NaN,
        "Total Revenue": NaN,
        "Operating Revenue": NaN
    },
    "2024-06-30": {
        "Tax Effect Of Unusual Items": NaN,
        "Tax Rate For Calcs": NaN,
        "Normalized EBITDA": NaN,
        "Total Unusual Items": NaN,
        "Total Unusual Items Excluding Goodwill": NaN,
        "Net Income From Continuing Operation Net Minority Interest": NaN,
        "Reconciled Depreciation": NaN,
        "Reconciled Cost Of Revenue": NaN,
        "EBITDA": NaN,
        "EBIT": NaN,
        "Net Interest Income": NaN,
        "Interest Expense": NaN,
        "Interest Income": NaN,
        "Normalized Income": NaN,
        "Net Income From Continuing And Discontinued Operation": NaN,
        "Total Expenses": NaN,
        "Total Operating Income As Reported": NaN,
        "Diluted Average Shares": NaN,
        "Basic Average Shares": NaN,
        "Diluted EPS": NaN,
        "Basic EPS": NaN,
        "Diluted NI Availto Com Stockholders": NaN,
        "Average Dilution Earnings": 0.0,
        "Net Income Common Stockholders": NaN,
        "Otherunder Preferred Stock Dividend": NaN,
        "Net Income": NaN,
        "Net Income Including Noncontrolling Interests": NaN,
        "Net Income Continuous Operations": NaN,
        "Tax Provision": NaN,
        "Pretax Income": NaN,
        "Other Income Expense": NaN,
        "Other Non Operating Income Expenses": 144000.0,
        "Gain On Sale Of Security": NaN,
        "Net Non Operating Interest Income Expense": NaN,
        "Interest Expense Non Operating": NaN,
        "Interest Income Non Operating": NaN,
        "Operating Income": NaN,
        "Operating Expense": NaN,
        "Selling General And Administration": NaN,
        "Gross Profit": NaN,
        "Cost Of Revenue": NaN,
        "Total Revenue": NaN,
        "Operating Revenue": NaN
    },
    "2024-09-30": {
        "Tax Effect Of Unusual Items": 0.0,
        "Tax Rate For Calcs": 0.0,
        "Normalized EBITDA": 44806000.0,
        "Total Unusual Items": NaN,
        "Total Unusual Items Excluding Goodwill": NaN,
        "Net Income From Continuing Operation Net Minority Interest": 27346000.0,
        "Reconciled Depreciation": 11471000.0,
        "Reconciled Cost Of Revenue": 23001000.0,
        "EBITDA": 44806000.0,
        "EBIT": 33335000.0,
        "Net Interest Income": -5989000.0,
        "Interest Expense": 5989000.0,
        "Interest Income": NaN,
        "Normalized Income": 27346000.0,
        "Net Income From Continuing And Discontinued Operation": 27346000.0,
        "Total Expenses": 31642000.0,
        "Total Operating Income As Reported": 32865000.0,
        "Diluted Average Shares": 87956000.0,
        "Basic Average Shares": 52935000.0,
        "Diluted EPS": 0.31,
        "Basic EPS": 0.39,
        "Diluted NI Availto Com Stockholders": 27346000.0,
        "Average Dilution Earnings": 6476000.0,
        "Net Income Common Stockholders": 20870000.0,
        "Otherunder Preferred Stock Dividend": 6476000.0,
        "Net Income": 27346000.0,
        "Net Income Including Noncontrolling Interests": 27346000.0,
        "Net Income Continuous Operations": 27346000.0,
        "Tax Provision": 0.0,
        "Pretax Income": 27346000.0,
        "Other Income Expense": 470000.0,
        "Other Non Operating Income Expenses": 470000.0,
        "Gain On Sale Of Security": NaN,
        "Net Non Operating Interest Income Expense": -5989000.0,
        "Interest Expense Non Operating": 5989000.0,
        "Interest Income Non Operating": NaN,
        "Operating Income": 32865000.0,
        "Operating Expense": 8641000.0,
        "Selling General And Administration": 8641000.0,
        "Gross Profit": 41506000.0,
        "Cost Of Revenue": 23001000.0,
        "Total Revenue": 64507000.0,
        "Operating Revenue": 62128000.0
    },
    "2024-12-31": {
        "Tax Effect Of Unusual Items": 0.0,
        "Tax Rate For Calcs": 0.022227,
        "Normalized EBITDA": -4497000.0,
        "Total Unusual Items": NaN,
        "Total Unusual Items Excluding Goodwill": NaN,
        "Net Income From Continuing Operation Net Minority Interest": -12845000.0,
        "Reconciled Depreciation": 2692000.0,
        "Reconciled Cost Of Revenue": 15401000.0,
        "EBITDA": -4497000.0,
        "EBIT": -7189000.0,
        "Net Interest Income": -5948000.0,
        "Interest Expense": 5948000.0,
        "Interest Income": NaN,
        "Normalized Income": -12845000.0,
        "Net Income From Continuing And Discontinued Operation": -12845000.0,
        "Total Expenses": 23068000.0,
        "Total Operating Income As Reported": -7483000.0,
        "Diluted Average Shares": 53180000.0,
        "Basic Average Shares": 53180000.0,
        "Diluted EPS": -0.36,
        "Basic EPS": -0.36,
        "Diluted NI Availto Com Stockholders": -19323000.0,
        "Average Dilution Earnings": 0.0,
        "Net Income Common Stockholders": -19323000.0,
        "Otherunder Preferred Stock Dividend": 6478000.0,
        "Net Income": -12845000.0,
        "Net Income Including Noncontrolling Interests": -12845000.0,
        "Net Income Continuous Operations": -12845000.0,
        "Tax Provision": -292000.0,
        "Pretax Income": -13137000.0,
        "Other Income Expense": 294000.0,
        "Other Non Operating Income Expenses": 294000.0,
        "Gain On Sale Of Security": NaN,
        "Net Non Operating Interest Income Expense": -5948000.0,
        "Interest Expense Non Operating": 5948000.0,
        "Interest Income Non Operating": NaN,
        "Operating Income": -7483000.0,
        "Operating Expense": 7667000.0,
        "Selling General And Administration": 7667000.0,
        "Gross Profit": 184000.0,
        "Cost Of Revenue": 15401000.0,
        "Total Revenue": 15585000.0,
        "Operating Revenue": 18666000.0
    },
    "2025-03-31": {
        "Tax Effect Of Unusual Items": 0.0,
        "Tax Rate For Calcs": 0.21,
        "Normalized EBITDA": -7573000.0,
        "Total Unusual Items": NaN,
        "Total Unusual Items Excluding Goodwill": NaN,
        "Net Income From Continuing Operation Net Minority Interest": -15538000.0,
        "Reconciled Depreciation": 1979000.0,
        "Reconciled Cost Of Revenue": 17207000.0,
        "EBITDA": -7573000.0,
        "EBIT": -9552000.0,
        "Net Interest Income": -5735000.0,
        "Interest Expense": 5735000.0,
        "Interest Income": NaN,
        "Normalized Income": -15538000.0,
        "Net Income From Continuing And Discontinued Operation": -15538000.0,
        "Total Expenses": 25797000.0,
        "Total Operating Income As Reported": -10151000.0,
        "Diluted Average Shares": 53815000.0,
        "Basic Average Shares": 53815000.0,
        "Diluted EPS": -0.41,
        "Basic EPS": -0.41,
        "Diluted NI Availto Com Stockholders": -22099000.0,
        "Average Dilution Earnings": NaN,
        "Net Income Common Stockholders": -22099000.0,
        "Otherunder Preferred Stock Dividend": 6561000.0,
        "Net Income": -15538000.0,
        "Net Income Including Noncontrolling Interests": -15538000.0,
        "Net Income Continuous Operations": -15538000.0,
        "Tax Provision": 251000.0,
        "Pretax Income": -15287000.0,
        "Other Income Expense": 599000.0,
        "Other Non Operating Income Expenses": 599000.0,
        "Gain On Sale Of Security": NaN,
        "Net Non Operating Interest Income Expense": -5735000.0,
        "Interest Expense Non Operating": 5735000.0,
        "Interest Income Non Operating": NaN,
        "Operating Income": -10151000.0,
        "Operating Expense": 8590000.0,
        "Selling General And Administration": 8590000.0,
        "Gross Profit": -1561000.0,
        "Cost Of Revenue": 17207000.0,
        "Total Revenue": 15646000.0,
        "Operating Revenue": 15384000.0
    },
    "2025-06-30": {
        "Tax Effect Of Unusual Items": 0.0,
        "Tax Rate For Calcs": 0.013,
        "Normalized EBITDA": 10247000.0,
        "Total Unusual Items": NaN,
        "Total Unusual Items Excluding Goodwill": NaN,
        "Net Income From Continuing Operation Net Minority Interest": 308000.0,
        "Reconciled Depreciation": 4020000.0,
        "Reconciled Cost Of Revenue": 18700000.0,
        "EBITDA": 10247000.0,
        "EBIT": 6227000.0,
        "Net Interest Income": -5737000.0,
        "Interest Expense": 5737000.0,
        "Interest Income": NaN,
        "Normalized Income": 308000.0,
        "Net Income From Continuing And Discontinued Operation": 308000.0,
        "Total Expenses": 25224000.0,
        "Total Operating Income As Reported": 5527000.0,
        "Diluted Average Shares": 53879000.0,
        "Basic Average Shares": 53879000.0,
        "Diluted EPS": -0.12,
        "Basic EPS": -0.12,
        "Diluted NI Availto Com Stockholders": -3028000.0,
        "Average Dilution Earnings": 3300000.0,
        "Net Income Common Stockholders": -6328000.0,
        "Otherunder Preferred Stock Dividend": 6636000.0,
        "Net Income": 308000.0,
        "Net Income Including Noncontrolling Interests": 308000.0,
        "Net Income Continuous Operations": 308000.0,
        "Tax Provision": 182000.0,
        "Pretax Income": 490000.0,
        "Other Income Expense": 700000.0,
        "Other Non Operating Income Expenses": 700000.0,
        "Gain On Sale Of Security": NaN,
        "Net Non Operating Interest Income Expense": -5737000.0,
        "Interest Expense Non Operating": 5737000.0,
        "Interest Income Non Operating": NaN,
        "Operating Income": 5527000.0,
        "Operating Expense": 6524000.0,
        "Selling General And Administration": 6524000.0,
        "Gross Profit": 12051000.0,
        "Cost Of Revenue": 18700000.0,
        "Total Revenue": 30751000.0,
        "Operating Revenue": 27454000.0
    },
    "2025-09-30": {
        "Tax Effect Of Unusual Items": 63000.0,
        "Tax Rate For Calcs": 0.21,
        "Normalized EBITDA": 47427000.0,
        "Total Unusual Items": 300000.0,
        "Total Unusual Items Excluding Goodwill": 300000.0,
        "Net Income From Continuing Operation Net Minority Interest": 34519000.0,
        "Reconciled Depreciation": 8197000.0,
        "Reconciled Cost Of Revenue": 21133000.0,
        "EBITDA": 47727000.0,
        "EBIT": 39530000.0,
        "Net Interest Income": -5602000.0,
        "Interest Expense": 5802000.0,
        "Interest Income": 200000.0,
        "Normalized Income": 34282000.0,
        "Net Income From Continuing And Discontinued Operation": 34519000.0,
        "Total Expenses": 28856000.0,
        "Total Operating Income As Reported": 39030000.0,
        "Diluted Average Shares": 92112791.0,
        "Basic Average Shares": 54637414.0,
        "Diluted EPS": 0.37,
        "Basic EPS": 0.5,
        "Diluted NI Availto Com Stockholders": 34519000.0,
        "Average Dilution Earnings": 6939000.0,
        "Net Income Common Stockholders": 27580000.0,
        "Otherunder Preferred Stock Dividend": 6939000.0,
        "Net Income": 34519000.0,
        "Net Income Including Noncontrolling Interests": 34568000.0,
        "Net Income Continuous Operations": 34568000.0,
        "Tax Provision": -840000.0,
        "Pretax Income": 33728000.0,
        "Other Income Expense": 300000.0,
        "Other Non Operating Income Expenses": NaN,
        "Gain On Sale Of Security": 300000.0,
        "Net Non Operating Interest Income Expense": -5602000.0,
        "Interest Expense Non Operating": 5802000.0,
        "Interest Income Non Operating": 200000.0,
        "Operating Income": 39030000.0,
        "Operating Expense": 7723000.0,
        "Selling General And Administration": 7723000.0,
        "Gross Profit": 46753000.0,
        "Cost Of Revenue": 21133000.0,
        "Total Revenue": 67886000.0,
        "Operating Revenue": 67878000.0
    }
}