{
    "2023-06-30": {
        "Tax Effect Of Unusual Items": 0.0,
        "Tax Rate For Calcs": 0.245474,
        "Net Income From Continuing Operation Net Minority Interest": 1417000.0,
        "Reconciled Depreciation": 1649000.0,
        "Net Interest Income": 10108000.0,
        "Interest Expense": 7684000.0,
        "Interest Income": 17792000.0,
        "Normalized Income": 1417000.0,
        "Net Income From Continuing And Discontinued Operation": 1385000.0,
        "Diluted Average Shares": 4058621.0,
        "Basic Average Shares": 4058621.0,
        "Diluted EPS": 0.29,
        "Basic EPS": 0.29,
        "Diluted NI Availto Com Stockholders": 1241000.0,
        "Average Dilution Earnings": 64000.0,
        "Net Income Common Stockholders": 1177000.0,
        "Preferred Stock Dividends": 208000.0,
        "Net Income": 1385000.0,
        "Net Income Including Noncontrolling Interests": 1385000.0,
        "Net Income Discontinuous Operations": -32000.0,
        "Net Income Continuous Operations": 1417000.0,
        "Tax Provision": 461000.0,
        "Pretax Income": 1878000.0,
        "Selling General And Administration": 10743000.0,
        "Selling And Marketing Expense": 1102000.0,
        "General And Administrative Expense": 9641000.0,
        "Salaries And Wages": 9641000.0,
        "Total Revenue": 19824000.0,
        "Operating Revenue": 19824000.0,
        "Occupancy And Equipment": 1183000.0,
        "Professional Expense And Contract Services Expense": 874000.0,
        "Other Non Interest Expense": 2381000.0
    },
    "2023-03-31": {
        "Tax Effect Of Unusual Items": 0.0,
        "Tax Rate For Calcs": 0.244115,
        "Net Income From Continuing Operation Net Minority Interest": 867000.0,
        "Reconciled Depreciation": 1411000.0,
        "Net Interest Income": 9053000.0,
        "Interest Expense": 5198000.0,
        "Interest Income": 14251000.0,
        "Normalized Income": 867000.0,
        "Net Income From Continuing And Discontinued Operation": 739000.0,
        "Diluted Average Shares": 4080683.0,
        "Basic Average Shares": 4080683.0,
        "Diluted EPS": 0.13,
        "Basic EPS": 0.13,
        "Diluted NI Availto Com Stockholders": 531000.0,
        "Average Dilution Earnings": 0.0,
        "Net Income Common Stockholders": 531000.0,
        "Preferred Stock Dividends": 208000.0,
        "Net Income": 739000.0,
        "Net Income Including Noncontrolling Interests": 739000.0,
        "Net Income Discontinuous Operations": -128000.0,
        "Net Income Continuous Operations": 867000.0,
        "Tax Provision": 280000.0,
        "Pretax Income": 1147000.0,
        "Selling General And Administration": 9872000.0,
        "Selling And Marketing Expense": 665000.0,
        "General And Administrative Expense": 9207000.0,
        "Salaries And Wages": 9207000.0,
        "Total Revenue": 17006000.0,
        "Operating Revenue": 17006000.0,
        "Occupancy And Equipment": 1163000.0,
        "Professional Expense And Contract Services Expense": 897000.0,
        "Other Non Interest Expense": 1985000.0
    },
    "2022-12-31": {
        "Tax Effect Of Unusual Items": NaN,
        "Tax Rate For Calcs": NaN,
        "Net Income From Continuing Operation Net Minority Interest": NaN,
        "Reconciled Depreciation": NaN,
        "Net Interest Income": NaN,
        "Interest Expense": NaN,
        "Interest Income": NaN,
        "Normalized Income": NaN,
        "Net Income From Continuing And Discontinued Operation": NaN,
        "Diluted Average Shares": NaN,
        "Basic Average Shares": NaN,
        "Diluted EPS": NaN,
        "Basic EPS": NaN,
        "Diluted NI Availto Com Stockholders": NaN,
        "Average Dilution Earnings": 64000.0,
        "Net Income Common Stockholders": NaN,
        "Preferred Stock Dividends": NaN,
        "Net Income": NaN,
        "Net Income Including Noncontrolling Interests": NaN,
        "Net Income Discontinuous Operations": NaN,
        "Net Income Continuous Operations": NaN,
        "Tax Provision": NaN,
        "Pretax Income": NaN,
        "Selling General And Administration": NaN,
        "Selling And Marketing Expense": NaN,
        "General And Administrative Expense": NaN,
        "Salaries And Wages": NaN,
        "Total Revenue": NaN,
        "Operating Revenue": NaN,
        "Occupancy And Equipment": NaN,
        "Professional Expense And Contract Services Expense": NaN,
        "Other Non Interest Expense": NaN
    },
    "2022-09-30": {
        "Tax Effect Of Unusual Items": NaN,
        "Tax Rate For Calcs": NaN,
        "Net Income From Continuing Operation Net Minority Interest": NaN,
        "Reconciled Depreciation": NaN,
        "Net Interest Income": NaN,
        "Interest Expense": NaN,
        "Interest Income": NaN,
        "Normalized Income": NaN,
        "Net Income From Continuing And Discontinued Operation": NaN,
        "Diluted Average Shares": NaN,
        "Basic Average Shares": NaN,
        "Diluted EPS": NaN,
        "Basic EPS": NaN,
        "Diluted NI Availto Com Stockholders": NaN,
        "Average Dilution Earnings": NaN,
        "Net Income Common Stockholders": NaN,
        "Preferred Stock Dividends": NaN,
        "Net Income": NaN,
        "Net Income Including Noncontrolling Interests": NaN,
        "Net Income Discontinuous Operations": NaN,
        "Net Income Continuous Operations": NaN,
        "Tax Provision": NaN,
        "Pretax Income": NaN,
        "Selling General And Administration": NaN,
        "Selling And Marketing Expense": NaN,
        "General And Administrative Expense": NaN,
        "Other Gand A": 1357000.0,
        "Salaries And Wages": NaN,
        "Total Revenue": NaN,
        "Operating Revenue": NaN
    },
    "2022-06-30": {
        "Tax Effect Of Unusual Items": 0.0,
        "Tax Rate For Calcs": 0.4,
        "Net Income From Continuing Operation Net Minority Interest": -282000.0,
        "Reconciled Depreciation": 1283000.0,
        "Net Interest Income": 7254000.0,
        "Interest Expense": 1172000.0,
        "Interest Income": 8426000.0,
        "Normalized Income": -282000.0,
        "Net Income From Continuing And Discontinued Operation": -282000.0,
        "Diluted Average Shares": 4014445.0,
        "Basic Average Shares": 4014445.0,
        "Diluted EPS": -0.12,
        "Basic EPS": -0.12,
        "Diluted NI Availto Com Stockholders": -490000.0,
        "Average Dilution Earnings": 0.0,
        "Net Income Common Stockholders": -490000.0,
        "Preferred Stock Dividends": 208000.0,
        "Net Income": -282000.0,
        "Net Income Including Noncontrolling Interests": -282000.0,
        "Net Income Discontinuous Operations": NaN,
        "Net Income Continuous Operations": -282000.0,
        "Tax Provision": -291000.0,
        "Pretax Income": -573000.0,
        "Selling General And Administration": 20031000.0,
        "Selling And Marketing Expense": 1659000.0,
        "General And Administrative Expense": 18372000.0,
        "Other Gand A": 1487000.0,
        "Salaries And Wages": 16885000.0,
        "Total Revenue": 23928000.0,
        "Operating Revenue": 23928000.0
    },
    "2022-03-31": {
        "Diluted EPS": -0.05,
        "Total Revenue": 13,
        "Gross Profit": 11,
        "Operating Income": 0,
        "EBIT": NaN,
        "Net Income": 0
    },
    "2021-12-31": {
        "Diluted EPS": 0.85,
        "Total Revenue": -45,
        "Gross Profit": -46,
        "Operating Income": -14,
        "EBIT": NaN,
        "Net Income": 3
    },
    "2021-09-30": {
        "Diluted EPS": 0.26,
        "Total Revenue": 9,
        "Gross Profit": 8,
        "Operating Income": -2,
        "EBIT": NaN,
        "Net Income": 1
    },
    "2021-06-30": {
        "Diluted EPS": 2.98,
        "Total Revenue": 53,
        "Gross Profit": 51,
        "Operating Income": 17,
        "EBIT": NaN,
        "Net Income": 13
    },
    "2021-03-31": {
        "Diluted EPS": 1.82,
        "Total Revenue": 48,
        "Gross Profit": 46,
        "Operating Income": 10,
        "EBIT": NaN,
        "Net Income": 7
    },
    "2020-12-31": {
        "Diluted EPS": 0.0,
        "Total Revenue": NaN,
        "Gross Profit": NaN,
        "Operating Income": NaN,
        "EBIT": NaN,
        "Net Income": NaN
    },
    "2020-09-30": {
        "Diluted EPS": 1.37,
        "Total Revenue": 45,
        "Gross Profit": 42,
        "Operating Income": 7,
        "EBIT": NaN,
        "Net Income": 5
    },
    "2023-09-30": {
        "Tax Effect Of Unusual Items": NaN,
        "Tax Rate For Calcs": NaN,
        "Net Income From Continuing Operation Net Minority Interest": NaN,
        "Reconciled Depreciation": NaN,
        "Net Interest Income": NaN,
        "Interest Expense": NaN,
        "Interest Income": NaN,
        "Normalized Income": NaN,
        "Net Income From Continuing And Discontinued Operation": NaN,
        "Diluted Average Shares": 4355704.0,
        "Basic Average Shares": 4105014.0,
        "Diluted EPS": 0.41,
        "Basic EPS": 0.42,
        "Diluted NI Availto Com Stockholders": NaN,
        "Average Dilution Earnings": NaN,
        "Net Income Common Stockholders": NaN,
        "Preferred Stock Dividends": NaN,
        "Net Income": NaN,
        "Net Income Including Noncontrolling Interests": NaN,
        "Net Income Discontinuous Operations": NaN,
        "Net Income Continuous Operations": NaN,
        "Tax Provision": NaN,
        "Pretax Income": NaN,
        "Selling General And Administration": NaN,
        "Selling And Marketing Expense": NaN,
        "General And Administrative Expense": NaN,
        "Salaries And Wages": NaN,
        "Total Revenue": NaN,
        "Operating Revenue": NaN,
        "Occupancy And Equipment": NaN,
        "Professional Expense And Contract Services Expense": NaN,
        "Other Non Interest Expense": NaN
    },
    "2023-12-31": {
        "Tax Effect Of Unusual Items": 0.0,
        "Tax Rate For Calcs": 0.297674,
        "Net Income From Continuing Operation Net Minority Interest": 1661000.0,
        "Reconciled Depreciation": 1928000.0,
        "Net Interest Income": 8877000.0,
        "Interest Expense": 9977000.0,
        "Interest Income": 18854000.0,
        "Normalized Income": 1661000.0,
        "Net Income From Continuing And Discontinued Operation": 1655000.0,
        "Diluted Average Shares": 4106250.0,
        "Basic Average Shares": 4106250.0,
        "Diluted EPS": 0.32,
        "Basic EPS": 0.32,
        "Diluted NI Availto Com Stockholders": 1510000.0,
        "Average Dilution Earnings": 196000.0,
        "Net Income Common Stockholders": 1314000.0,
        "Preferred Stock Dividends": 341000.0,
        "Net Income": 1655000.0,
        "Net Income Including Noncontrolling Interests": 1655000.0,
        "Net Income Discontinuous Operations": -6000.0,
        "Net Income Continuous Operations": 1661000.0,
        "Tax Provision": 704000.0,
        "Pretax Income": 2365000.0,
        "Selling General And Administration": 10807000.0,
        "Selling And Marketing Expense": 640000.0,
        "General And Administrative Expense": 10167000.0,
        "Salaries And Wages": 10167000.0,
        "Total Revenue": 20840000.0,
        "Operating Revenue": 20840000.0,
        "Occupancy And Equipment": 1150000.0,
        "Professional Expense And Contract Services Expense": 1070000.0,
        "Other Non Interest Expense": 2711000.0
    },
    "2024-03-31": {
        "Tax Effect Of Unusual Items": NaN,
        "Tax Rate For Calcs": NaN,
        "Total Unusual Items": NaN,
        "Total Unusual Items Excluding Goodwill": NaN,
        "Net Income From Continuing Operation Net Minority Interest": NaN,
        "Reconciled Depreciation": NaN,
        "Net Interest Income": NaN,
        "Interest Expense": NaN,
        "Interest Income": NaN,
        "Normalized Income": NaN,
        "Net Income From Continuing And Discontinued Operation": NaN,
        "Diluted Average Shares": NaN,
        "Basic Average Shares": NaN,
        "Diluted EPS": NaN,
        "Basic EPS": NaN,
        "Diluted NI Availto Com Stockholders": NaN,
        "Average Dilution Earnings": NaN,
        "Net Income Common Stockholders": NaN,
        "Preferred Stock Dividends": NaN,
        "Net Income": NaN,
        "Net Income Including Noncontrolling Interests": NaN,
        "Net Income Discontinuous Operations": NaN,
        "Net Income Continuous Operations": NaN,
        "Tax Provision": NaN,
        "Pretax Income": NaN,
        "Special Income Charges": NaN,
        "Restructuring And Mergern Acquisition": NaN,
        "Selling General And Administration": NaN,
        "Selling And Marketing Expense": NaN,
        "General And Administrative Expense": NaN,
        "Insurance And Claims": 145000.0,
        "Salaries And Wages": NaN,
        "Total Revenue": NaN,
        "Operating Revenue": NaN,
        "Occupancy And Equipment": NaN,
        "Professional Expense And Contract Services Expense": NaN,
        "Other Non Interest Expense": NaN
    },
    "2024-06-30": {
        "Tax Effect Of Unusual Items": NaN,
        "Tax Rate For Calcs": NaN,
        "Total Unusual Items": NaN,
        "Total Unusual Items Excluding Goodwill": NaN,
        "Net Income From Continuing Operation Net Minority Interest": NaN,
        "Reconciled Depreciation": NaN,
        "Net Interest Income": NaN,
        "Interest Expense": NaN,
        "Interest Income": NaN,
        "Normalized Income": NaN,
        "Net Income From Continuing And Discontinued Operation": NaN,
        "Diluted Average Shares": NaN,
        "Basic Average Shares": NaN,
        "Diluted EPS": NaN,
        "Basic EPS": NaN,
        "Diluted NI Availto Com Stockholders": NaN,
        "Average Dilution Earnings": 0.0,
        "Net Income Common Stockholders": NaN,
        "Preferred Stock Dividends": NaN,
        "Net Income": NaN,
        "Net Income Including Noncontrolling Interests": NaN,
        "Net Income Discontinuous Operations": NaN,
        "Net Income Continuous Operations": NaN,
        "Tax Provision": NaN,
        "Pretax Income": NaN,
        "Special Income Charges": NaN,
        "Restructuring And Mergern Acquisition": NaN,
        "Selling General And Administration": NaN,
        "Selling And Marketing Expense": NaN,
        "General And Administrative Expense": NaN,
        "Insurance And Claims": NaN,
        "Salaries And Wages": NaN,
        "Total Revenue": NaN,
        "Operating Revenue": NaN,
        "Occupancy And Equipment": NaN,
        "Professional Expense And Contract Services Expense": NaN,
        "Other Non Interest Expense": NaN
    },
    "2024-09-30": {
        "Tax Effect Of Unusual Items": 0.0,
        "Tax Rate For Calcs": 0.259283,
        "Total Unusual Items": 0.0,
        "Total Unusual Items Excluding Goodwill": 0.0,
        "Net Income From Continuing Operation Net Minority Interest": 1137000.0,
        "Reconciled Depreciation": 2175000.0,
        "Net Interest Income": 9449000.0,
        "Interest Expense": 11993000.0,
        "Interest Income": 21442000.0,
        "Normalized Income": 1137000.0,
        "Net Income From Continuing And Discontinued Operation": 1137000.0,
        "Diluted Average Shares": 4134169.0,
        "Basic Average Shares": 4134169.0,
        "Diluted EPS": 0.18,
        "Basic EPS": 0.18,
        "Diluted NI Availto Com Stockholders": 752000.0,
        "Average Dilution Earnings": 0.0,
        "Net Income Common Stockholders": 752000.0,
        "Preferred Stock Dividends": 385000.0,
        "Net Income": 1137000.0,
        "Net Income Including Noncontrolling Interests": 1137000.0,
        "Net Income Discontinuous Operations": 0.0,
        "Net Income Continuous Operations": 1137000.0,
        "Tax Provision": 398000.0,
        "Pretax Income": 1535000.0,
        "Special Income Charges": 0.0,
        "Restructuring And Mergern Acquisition": 0.0,
        "Selling General And Administration": 10146000.0,
        "Selling And Marketing Expense": 532000.0,
        "General And Administrative Expense": 9614000.0,
        "Insurance And Claims": NaN,
        "Salaries And Wages": 9614000.0,
        "Total Revenue": 19765000.0,
        "Operating Revenue": 19765000.0,
        "Occupancy And Equipment": 1248000.0,
        "Professional Expense And Contract Services Expense": 853000.0,
        "Other Non Interest Expense": 2861000.0
    },
    "2024-12-31": {
        "Tax Effect Of Unusual Items": 0.0,
        "Tax Rate For Calcs": 0.250766,
        "Total Unusual Items": NaN,
        "Total Unusual Items Excluding Goodwill": NaN,
        "Net Income From Continuing Operation Net Minority Interest": 9776000.0,
        "Reconciled Depreciation": 2486000.0,
        "Net Interest Income": 10653000.0,
        "Interest Expense": 11101000.0,
        "Interest Income": 21754000.0,
        "Normalized Income": 9776000.0,
        "Net Income From Continuing And Discontinued Operation": 9776000.0,
        "Diluted Average Shares": 4450711.0,
        "Basic Average Shares": 4137004.0,
        "Diluted EPS": 2.11,
        "Basic EPS": 2.27,
        "Diluted NI Availto Com Stockholders": 10357000.0,
        "Average Dilution Earnings": 966000.0,
        "Net Income Common Stockholders": 9391000.0,
        "Preferred Stock Dividends": 385000.0,
        "Net Income": 9776000.0,
        "Net Income Including Noncontrolling Interests": 9776000.0,
        "Net Income Discontinuous Operations": 0.0,
        "Net Income Continuous Operations": 9776000.0,
        "Tax Provision": 3272000.0,
        "Pretax Income": 13048000.0,
        "Special Income Charges": NaN,
        "Restructuring And Mergern Acquisition": NaN,
        "Selling General And Administration": 9260000.0,
        "Selling And Marketing Expense": 390000.0,
        "General And Administrative Expense": 8870000.0,
        "Insurance And Claims": NaN,
        "Salaries And Wages": 8870000.0,
        "Total Revenue": 20522000.0,
        "Operating Revenue": 20522000.0,
        "Occupancy And Equipment": 1217000.0,
        "Professional Expense And Contract Services Expense": 803000.0,
        "Other Non Interest Expense": 3297000.0
    },
    "2025-03-31": {
        "Tax Effect Of Unusual Items": 0.0,
        "Tax Rate For Calcs": 0.276458,
        "Total Unusual Items": NaN,
        "Total Unusual Items Excluding Goodwill": NaN,
        "Net Income From Continuing Operation Net Minority Interest": -335000.0,
        "Reconciled Depreciation": 2279000.0,
        "Net Interest Income": 10999000.0,
        "Interest Expense": 9686000.0,
        "Interest Income": 20685000.0,
        "Normalized Income": -335000.0,
        "Net Income From Continuing And Discontinued Operation": -335000.0,
        "Diluted Average Shares": 4141070.0,
        "Basic Average Shares": 4141070.0,
        "Diluted EPS": -0.17,
        "Basic EPS": -0.17,
        "Diluted NI Availto Com Stockholders": -720000.0,
        "Average Dilution Earnings": 0.0,
        "Net Income Common Stockholders": -720000.0,
        "Preferred Stock Dividends": 385000.0,
        "Net Income": -335000.0,
        "Net Income Including Noncontrolling Interests": -335000.0,
        "Net Income Discontinuous Operations": 0.0,
        "Net Income Continuous Operations": -335000.0,
        "Tax Provision": -128000.0,
        "Pretax Income": -463000.0,
        "Special Income Charges": NaN,
        "Restructuring And Mergern Acquisition": NaN,
        "Selling General And Administration": 9492000.0,
        "Selling And Marketing Expense": 487000.0,
        "General And Administrative Expense": 9005000.0,
        "Insurance And Claims": 143000.0,
        "Salaries And Wages": 8862000.0,
        "Total Revenue": 18715000.0,
        "Operating Revenue": 18715000.0,
        "Occupancy And Equipment": 1634000.0,
        "Professional Expense And Contract Services Expense": 732000.0,
        "Other Non Interest Expense": 2920000.0
    },
    "2025-06-30": {
        "Tax Effect Of Unusual Items": 0.0,
        "Tax Rate For Calcs": 0.249848,
        "Total Unusual Items": NaN,
        "Total Unusual Items Excluding Goodwill": NaN,
        "Net Income From Continuing Operation Net Minority Interest": -1237000.0,
        "Reconciled Depreciation": 2504000.0,
        "Net Interest Income": 12348000.0,
        "Interest Expense": 10157000.0,
        "Interest Income": 22505000.0,
        "Normalized Income": -1237000.0,
        "Net Income From Continuing And Discontinued Operation": -1237000.0,
        "Diluted Average Shares": 4131670.0,
        "Basic Average Shares": 4131670.0,
        "Diluted EPS": -0.39,
        "Basic EPS": -0.39,
        "Diluted NI Availto Com Stockholders": -1623000.0,
        "Average Dilution Earnings": NaN,
        "Net Income Common Stockholders": -1623000.0,
        "Preferred Stock Dividends": 386000.0,
        "Net Income": -1237000.0,
        "Net Income Including Noncontrolling Interests": -1237000.0,
        "Net Income Discontinuous Operations": 0.0,
        "Net Income Continuous Operations": -1237000.0,
        "Tax Provision": -412000.0,
        "Pretax Income": -1649000.0,
        "Special Income Charges": NaN,
        "Restructuring And Mergern Acquisition": NaN,
        "Selling General And Administration": 9240000.0,
        "Selling And Marketing Expense": 403000.0,
        "General And Administrative Expense": 8837000.0,
        "Insurance And Claims": NaN,
        "Salaries And Wages": 8837000.0,
        "Total Revenue": 20585000.0,
        "Operating Revenue": 20585000.0,
        "Occupancy And Equipment": 1579000.0,
        "Professional Expense And Contract Services Expense": 782000.0,
        "Other Non Interest Expense": 3369000.0
    },
    "2025-09-30": {
        "Tax Effect Of Unusual Items": -1961323.293173,
        "Tax Rate For Calcs": 0.27008,
        "Total Unusual Items": -7262000.0,
        "Total Unusual Items Excluding Goodwill": -7262000.0,
        "Net Income From Continuing Operation Net Minority Interest": -18902000.0,
        "Reconciled Depreciation": 2234000.0,
        "Net Interest Income": 11280000.0,
        "Interest Expense": 10374000.0,
        "Interest Income": 21654000.0,
        "Normalized Income": -13601323.293173,
        "Net Income From Continuing And Discontinued Operation": -18902000.0,
        "Diluted Average Shares": 4135106.0,
        "Basic Average Shares": 4135106.0,
        "Diluted EPS": -4.66,
        "Basic EPS": -4.66,
        "Diluted NI Availto Com Stockholders": -19287000.0,
        "Average Dilution Earnings": 0.0,
        "Net Income Common Stockholders": -19287000.0,
        "Preferred Stock Dividends": 385000.0,
        "Net Income": -18902000.0,
        "Net Income Including Noncontrolling Interests": -18902000.0,
        "Net Income Discontinuous Operations": 0.0,
        "Net Income Continuous Operations": -18902000.0,
        "Tax Provision": -6994000.0,
        "Pretax Income": -25896000.0,
        "Special Income Charges": -7262000.0,
        "Restructuring And Mergern Acquisition": 7262000.0,
        "Selling General And Administration": 8793000.0,
        "Selling And Marketing Expense": 262000.0,
        "General And Administrative Expense": 8531000.0,
        "Insurance And Claims": NaN,
        "Salaries And Wages": 8531000.0,
        "Total Revenue": 6961000.0,
        "Operating Revenue": 6961000.0,
        "Occupancy And Equipment": 1525000.0,
        "Professional Expense And Contract Services Expense": 859000.0,
        "Other Non Interest Expense": 3503000.0
    }
}