{
    "2023-03-31": {
        "Tax Effect Of Unusual Items": NaN,
        "Tax Rate For Calcs": NaN,
        "Normalized EBITDA": NaN,
        "Total Unusual Items": NaN,
        "Total Unusual Items Excluding Goodwill": NaN,
        "Net Income From Continuing Operation Net Minority Interest": NaN,
        "Reconciled Depreciation": NaN,
        "Reconciled Cost Of Revenue": NaN,
        "EBITDA": NaN,
        "EBIT": NaN,
        "Net Interest Income": NaN,
        "Interest Expense": NaN,
        "Normalized Income": NaN,
        "Net Income From Continuing And Discontinued Operation": NaN,
        "Total Expenses": NaN,
        "Total Operating Income As Reported": NaN,
        "Diluted Average Shares": NaN,
        "Basic Average Shares": NaN,
        "Diluted EPS": NaN,
        "Basic EPS": NaN,
        "Diluted NI Availto Com Stockholders": NaN,
        "Net Income Common Stockholders": NaN,
        "Net Income": NaN,
        "Net Income Including Noncontrolling Interests": NaN,
        "Net Income Continuous Operations": NaN,
        "Tax Provision": NaN,
        "Pretax Income": NaN,
        "Other Income Expense": NaN,
        "Other Non Operating Income Expenses": NaN,
        "Special Income Charges": NaN,
        "Gain On Sale Of Ppe": 374186000.0,
        "Other Special Charges": -4044000.0,
        "Impairment Of Capital Assets": NaN,
        "Restructuring And Mergern Acquisition": NaN,
        "Earnings From Equity Interest": NaN,
        "Gain On Sale Of Security": NaN,
        "Net Non Operating Interest Income Expense": NaN,
        "Interest Expense Non Operating": NaN,
        "Operating Income": NaN,
        "Operating Expense": NaN,
        "Depreciation Amortization Depletion Income Statement": NaN,
        "Depreciation And Amortization In Income Statement": NaN,
        "Selling General And Administration": NaN,
        "Selling And Marketing Expense": NaN,
        "General And Administrative Expense": 251608000.0,
        "Other Gand A": 251608000.0,
        "Gross Profit": NaN,
        "Cost Of Revenue": NaN,
        "Total Revenue": NaN,
        "Operating Revenue": NaN
    },
    "2022-12-31": {
        "Tax Effect Of Unusual Items": NaN,
        "Tax Rate For Calcs": NaN,
        "Normalized EBITDA": NaN,
        "Total Unusual Items": NaN,
        "Total Unusual Items Excluding Goodwill": NaN,
        "Net Income From Continuing Operation Net Minority Interest": NaN,
        "Reconciled Depreciation": NaN,
        "Reconciled Cost Of Revenue": NaN,
        "EBITDA": NaN,
        "EBIT": NaN,
        "Net Interest Income": NaN,
        "Interest Expense": NaN,
        "Normalized Income": NaN,
        "Net Income From Continuing And Discontinued Operation": NaN,
        "Total Expenses": NaN,
        "Total Operating Income As Reported": NaN,
        "Diluted Average Shares": NaN,
        "Basic Average Shares": NaN,
        "Diluted EPS": NaN,
        "Basic EPS": NaN,
        "Diluted NI Availto Com Stockholders": NaN,
        "Net Income Common Stockholders": NaN,
        "Net Income": NaN,
        "Net Income Including Noncontrolling Interests": NaN,
        "Net Income Continuous Operations": NaN,
        "Tax Provision": NaN,
        "Pretax Income": NaN,
        "Other Income Expense": NaN,
        "Other Non Operating Income Expenses": NaN,
        "Special Income Charges": NaN,
        "Gain On Sale Of Ppe": NaN,
        "Other Special Charges": NaN,
        "Impairment Of Capital Assets": 463978000.0,
        "Restructuring And Mergern Acquisition": NaN,
        "Earnings From Equity Interest": NaN,
        "Gain On Sale Of Security": NaN,
        "Net Non Operating Interest Income Expense": NaN,
        "Interest Expense Non Operating": NaN,
        "Operating Income": NaN,
        "Operating Expense": NaN,
        "Depreciation Amortization Depletion Income Statement": NaN,
        "Depreciation And Amortization In Income Statement": NaN,
        "Selling General And Administration": NaN,
        "Selling And Marketing Expense": NaN,
        "General And Administrative Expense": NaN,
        "Other Gand A": NaN,
        "Gross Profit": NaN,
        "Cost Of Revenue": NaN,
        "Total Revenue": NaN,
        "Operating Revenue": NaN
    },
    "2022-09-30": {
        "Tax Effect Of Unusual Items": NaN,
        "Tax Rate For Calcs": NaN,
        "Normalized EBITDA": NaN,
        "Total Unusual Items": NaN,
        "Total Unusual Items Excluding Goodwill": NaN,
        "Net Income From Continuing Operation Net Minority Interest": NaN,
        "Reconciled Depreciation": NaN,
        "Reconciled Cost Of Revenue": NaN,
        "EBITDA": NaN,
        "EBIT": NaN,
        "Net Interest Income": NaN,
        "Interest Expense": NaN,
        "Interest Income": 136000.0,
        "Normalized Income": NaN,
        "Net Income From Continuing And Discontinued Operation": NaN,
        "Total Expenses": NaN,
        "Total Operating Income As Reported": NaN,
        "Diluted Average Shares": NaN,
        "Basic Average Shares": NaN,
        "Diluted EPS": NaN,
        "Basic EPS": NaN,
        "Diluted NI Availto Com Stockholders": NaN,
        "Net Income Common Stockholders": NaN,
        "Net Income": NaN,
        "Net Income Including Noncontrolling Interests": NaN,
        "Net Income Continuous Operations": NaN,
        "Tax Provision": NaN,
        "Pretax Income": NaN,
        "Other Income Expense": NaN,
        "Other Non Operating Income Expenses": NaN,
        "Special Income Charges": NaN,
        "Gain On Sale Of Ppe": 0.0,
        "Other Special Charges": -1191000.0,
        "Impairment Of Capital Assets": 0.0,
        "Restructuring And Mergern Acquisition": NaN,
        "Earnings From Equity Interest": NaN,
        "Gain On Sale Of Security": NaN,
        "Net Non Operating Interest Income Expense": NaN,
        "Interest Expense Non Operating": NaN,
        "Interest Income Non Operating": 136000.0,
        "Operating Income": NaN,
        "Operating Expense": NaN,
        "Depreciation Amortization Depletion Income Statement": NaN,
        "Depreciation And Amortization In Income Statement": NaN,
        "Selling General And Administration": NaN,
        "Selling And Marketing Expense": NaN,
        "General And Administrative Expense": NaN,
        "Other Gand A": NaN,
        "Gross Profit": NaN,
        "Cost Of Revenue": NaN,
        "Total Revenue": NaN,
        "Operating Revenue": NaN
    },
    "2022-06-30": {
        "Tax Effect Of Unusual Items": 3398220.0,
        "Tax Rate For Calcs": 0.084,
        "Normalized EBITDA": 145229000.0,
        "Total Unusual Items": 40455000.0,
        "Total Unusual Items Excluding Goodwill": 40455000.0,
        "Net Income From Continuing Operation Net Minority Interest": 59501000.0,
        "Reconciled Depreciation": 74773000.0,
        "Reconciled Cost Of Revenue": 250435000.0,
        "EBITDA": 185684000.0,
        "EBIT": 110911000.0,
        "Net Interest Income": -45828000.0,
        "Interest Expense": 45976000.0,
        "Interest Income": 148000.0,
        "Normalized Income": 22444220.0,
        "Net Income From Continuing And Discontinued Operation": 59501000.0,
        "Total Expenses": 507632000.0,
        "Total Operating Income As Reported": 85319000.0,
        "Diluted Average Shares": 60541000.0,
        "Basic Average Shares": 60506000.0,
        "Diluted EPS": 0.98,
        "Basic EPS": 0.98,
        "Diluted NI Availto Com Stockholders": 59501000.0,
        "Net Income Common Stockholders": 59501000.0,
        "Net Income": 59501000.0,
        "Net Income Including Noncontrolling Interests": 59501000.0,
        "Net Income Continuous Operations": 59501000.0,
        "Tax Provision": 5434000.0,
        "Pretax Income": 64935000.0,
        "Other Income Expense": 65899000.0,
        "Other Non Operating Income Expenses": 25444000.0,
        "Special Income Charges": 40455000.0,
        "Gain On Sale Of Ppe": 50766000.0,
        "Other Special Charges": 199000.0,
        "Write Off": NaN,
        "Impairment Of Capital Assets": 0.0,
        "Restructuring And Mergern Acquisition": 10112000.0,
        "Earnings From Equity Interest": NaN,
        "Gain On Sale Of Security": NaN,
        "Net Non Operating Interest Income Expense": -45828000.0,
        "Interest Expense Non Operating": 45976000.0,
        "Interest Income Non Operating": 148000.0,
        "Operating Income": 44864000.0,
        "Operating Expense": 257197000.0,
        "Other Operating Expenses": 717000.0,
        "Depreciation Amortization Depletion Income Statement": 74773000.0,
        "Depreciation And Amortization In Income Statement": 74773000.0,
        "Selling General And Administration": 181707000.0,
        "Selling And Marketing Expense": NaN,
        "General And Administrative Expense": NaN,
        "Other Gand A": NaN,
        "Gross Profit": 302061000.0,
        "Cost Of Revenue": 250435000.0,
        "Total Revenue": 552496000.0,
        "Operating Revenue": 552496000.0
    },
    "2023-06-30": {
        "Tax Effect Of Unusual Items": NaN,
        "Tax Rate For Calcs": NaN,
        "Normalized EBITDA": NaN,
        "Total Unusual Items": NaN,
        "Total Unusual Items Excluding Goodwill": NaN,
        "Net Income From Continuing Operation Net Minority Interest": NaN,
        "Reconciled Depreciation": NaN,
        "Reconciled Cost Of Revenue": NaN,
        "EBITDA": NaN,
        "EBIT": NaN,
        "Net Interest Income": NaN,
        "Interest Expense": NaN,
        "Normalized Income": NaN,
        "Net Income From Continuing And Discontinued Operation": NaN,
        "Total Expenses": NaN,
        "Total Operating Income As Reported": NaN,
        "Diluted Average Shares": NaN,
        "Basic Average Shares": NaN,
        "Diluted EPS": NaN,
        "Basic EPS": NaN,
        "Diluted NI Availto Com Stockholders": NaN,
        "Net Income Common Stockholders": NaN,
        "Net Income": NaN,
        "Net Income Including Noncontrolling Interests": NaN,
        "Net Income Continuous Operations": NaN,
        "Tax Provision": NaN,
        "Pretax Income": NaN,
        "Other Income Expense": NaN,
        "Other Non Operating Income Expenses": NaN,
        "Special Income Charges": NaN,
        "Gain On Sale Of Ppe": 135000.0,
        "Other Special Charges": -135000.0,
        "Impairment Of Capital Assets": 9653000.0,
        "Restructuring And Mergern Acquisition": NaN,
        "Earnings From Equity Interest": NaN,
        "Gain On Sale Of Security": NaN,
        "Net Non Operating Interest Income Expense": NaN,
        "Interest Expense Non Operating": NaN,
        "Operating Income": NaN,
        "Operating Expense": NaN,
        "Depreciation Amortization Depletion Income Statement": NaN,
        "Depreciation And Amortization In Income Statement": NaN,
        "Selling General And Administration": NaN,
        "Selling And Marketing Expense": NaN,
        "Gross Profit": NaN,
        "Cost Of Revenue": NaN,
        "Total Revenue": NaN,
        "Operating Revenue": NaN
    },
    "2022-03-31": {
        "Diluted EPS": 0.03,
        "Total Revenue": 548,
        "Gross Profit": 288,
        "Operating Income": 23,
        "EBIT": 104,
        "Net Income": 2
    },
    "2021-12-31": {
        "Diluted EPS": -2.25,
        "Total Revenue": 548,
        "Gross Profit": 287,
        "Operating Income": -44,
        "EBIT": 36,
        "Net Income": -115
    },
    "2021-09-30": {
        "Diluted EPS": -1.16,
        "Total Revenue": 315,
        "Gross Profit": 197,
        "Operating Income": 28,
        "EBIT": 58,
        "Net Income": -58
    },
    "2021-06-30": {
        "Diluted EPS": 1.4,
        "Total Revenue": 268,
        "Gross Profit": 178,
        "Operating Income": 81,
        "EBIT": 108,
        "Net Income": 69
    },
    "2021-03-31": {
        "Diluted EPS": -0.3,
        "Total Revenue": 192,
        "Gross Profit": 126,
        "Operating Income": 29,
        "EBIT": 44,
        "Net Income": -11
    },
    "2020-12-31": {
        "Diluted EPS": 0.65,
        "Total Revenue": 118,
        "Gross Profit": 75,
        "Operating Income": -18,
        "EBIT": -7,
        "Net Income": 20
    },
    "2020-09-30": {
        "Diluted EPS": 0.22,
        "Total Revenue": 117,
        "Gross Profit": 80,
        "Operating Income": 23,
        "EBIT": 35,
        "Net Income": 7
    },
    "2020-06-30": {
        "Diluted EPS": -0.77,
        "Total Revenue": 29,
        "Gross Profit": 14,
        "Operating Income": -21,
        "EBIT": -10,
        "Net Income": -24
    },
    "2020-03-31": {
        "Diluted EPS": -0.28,
        "Total Revenue": 109,
        "Gross Profit": 65,
        "Operating Income": -3,
        "EBIT": 7,
        "Net Income": -9
    },
    "2019-12-31": {
        "Diluted EPS": 0.4,
        "Total Revenue": 130,
        "Gross Profit": 82,
        "Operating Income": 29,
        "EBIT": 38,
        "Net Income": 13
    },
    "2019-09-30": {
        "Diluted EPS": 0.18,
        "Total Revenue": 129,
        "Gross Profit": 82,
        "Operating Income": 21,
        "EBIT": 31,
        "Net Income": 7
    },
    "2019-06-30": {
        "Diluted EPS": 0.42,
        "Total Revenue": 143,
        "Gross Profit": 92,
        "Operating Income": 34,
        "EBIT": 43,
        "Net Income": 17
    },
    "2019-03-31": {
        "Diluted EPS": 0.46,
        "Total Revenue": 121,
        "Gross Profit": 82,
        "Operating Income": 30,
        "EBIT": 38,
        "Net Income": 18
    },
    "2018-12-31": {
        "Diluted EPS": 0.64,
        "Total Revenue": 111,
        "Gross Profit": 72,
        "Operating Income": 35,
        "EBIT": 42,
        "Net Income": 22
    },
    "2018-09-30": {
        "Diluted EPS": 0.45,
        "Total Revenue": 110,
        "Gross Profit": 77,
        "Operating Income": 30,
        "EBIT": 35,
        "Net Income": 17
    },
    "2018-06-30": {
        "Diluted EPS": 0.49,
        "Total Revenue": 111,
        "Gross Profit": 78,
        "Operating Income": 31,
        "EBIT": 37,
        "Net Income": 19
    },
    "2018-03-31": {
        "Diluted EPS": 0.29,
        "Total Revenue": 105,
        "Gross Profit": 75,
        "Operating Income": 25,
        "EBIT": 31,
        "Net Income": 11
    },
    "2017-12-31": {
        "Diluted EPS": 0.0,
        "Total Revenue": NaN,
        "Gross Profit": NaN,
        "Operating Income": NaN,
        "EBIT": NaN,
        "Net Income": NaN
    },
    "2016-12-31": {
        "Diluted EPS": 0.0,
        "Total Revenue": NaN,
        "Gross Profit": NaN,
        "Operating Income": NaN,
        "EBIT": NaN,
        "Net Income": NaN
    },
    "2023-09-30": {
        "Tax Effect Of Unusual Items": -2424870.0,
        "Tax Rate For Calcs": 0.21,
        "Normalized EBITDA": 141798000.0,
        "Total Unusual Items": -11547000.0,
        "Total Unusual Items Excluding Goodwill": -11547000.0,
        "Net Income From Continuing Operation Net Minority Interest": -61802000.0,
        "Reconciled Depreciation": 77487000.0,
        "Reconciled Cost Of Revenue": 287172000.0,
        "EBITDA": 130251000.0,
        "EBIT": 52764000.0,
        "Net Interest Income": -70630000.0,
        "Interest Expense": 70630000.0,
        "Normalized Income": -52679870.0,
        "Net Income From Continuing And Discontinued Operation": -61802000.0,
        "Total Expenses": 575235000.0,
        "Total Operating Income As Reported": 37236000.0,
        "Diluted Average Shares": 53580000.0,
        "Basic Average Shares": 53580000.0,
        "Diluted EPS": -1.15,
        "Basic EPS": -1.15,
        "Diluted NI Availto Com Stockholders": -61802000.0,
        "Net Income Common Stockholders": -61802000.0,
        "Net Income": -61802000.0,
        "Net Income Including Noncontrolling Interests": -61802000.0,
        "Net Income Continuous Operations": -61802000.0,
        "Tax Provision": 43936000.0,
        "Pretax Income": -17866000.0,
        "Other Income Expense": -4478000.0,
        "Other Non Operating Income Expenses": 4815000.0,
        "Special Income Charges": -20006000.0,
        "Gain On Sale Of Ppe": 0.0,
        "Other Special Charges": NaN,
        "Impairment Of Capital Assets": 0.0,
        "Restructuring And Mergern Acquisition": 20006000.0,
        "Earnings From Equity Interest": 2254000.0,
        "Gain On Sale Of Security": 8459000.0,
        "Net Non Operating Interest Income Expense": -70630000.0,
        "Interest Expense Non Operating": 70630000.0,
        "Operating Income": 57242000.0,
        "Operating Expense": 288063000.0,
        "Depreciation Amortization Depletion Income Statement": 77487000.0,
        "Depreciation And Amortization In Income Statement": 77487000.0,
        "Selling General And Administration": 210576000.0,
        "Selling And Marketing Expense": 210576000.0,
        "Gross Profit": 345305000.0,
        "Cost Of Revenue": 287172000.0,
        "Total Revenue": 632477000.0,
        "Operating Revenue": 632477000.0
    },
    "2023-12-31": {
        "Tax Effect Of Unusual Items": -109754040.062842,
        "Tax Rate For Calcs": 0.35207,
        "Normalized EBITDA": 77836000.0,
        "Total Unusual Items": -311739000.0,
        "Total Unusual Items Excluding Goodwill": -311739000.0,
        "Net Income From Continuing Operation Net Minority Interest": -278383000.0,
        "Reconciled Depreciation": 119173000.0,
        "Reconciled Cost Of Revenue": 276784000.0,
        "EBITDA": -233903000.0,
        "EBIT": -353076000.0,
        "Net Interest Income": -76574000.0,
        "Interest Expense": 76574000.0,
        "Normalized Income": -76398040.062842,
        "Net Income From Continuing And Discontinued Operation": -278383000.0,
        "Total Expenses": 629403000.0,
        "Total Operating Income As Reported": -315941000.0,
        "Diluted Average Shares": 51582156.0,
        "Basic Average Shares": 51582156.0,
        "Diluted EPS": -5.11,
        "Basic EPS": -5.11,
        "Diluted NI Availto Com Stockholders": -278383000.0,
        "Net Income Common Stockholders": -278383000.0,
        "Net Income": -278383000.0,
        "Net Income Including Noncontrolling Interests": -278383000.0,
        "Net Income Continuous Operations": -278383000.0,
        "Tax Provision": -151267000.0,
        "Pretax Income": -429650000.0,
        "Other Income Expense": -335343000.0,
        "Other Non Operating Income Expenses": -22515000.0,
        "Special Income Charges": -298208000.0,
        "Gain On Sale Of Ppe": NaN,
        "Other Special Charges": -229438000.0,
        "Impairment Of Capital Assets": 140172000.0,
        "Restructuring And Mergern Acquisition": 13153000.0,
        "Earnings From Equity Interest": -1089000.0,
        "Gain On Sale Of Security": -13531000.0,
        "Net Non Operating Interest Income Expense": -76574000.0,
        "Interest Expense Non Operating": 76574000.0,
        "Operating Income": -17733000.0,
        "Operating Expense": 352619000.0,
        "Depreciation Amortization Depletion Income Statement": 119173000.0,
        "Depreciation And Amortization In Income Statement": 119173000.0,
        "Selling General And Administration": 233446000.0,
        "Selling And Marketing Expense": 233446000.0,
        "Gross Profit": 334886000.0,
        "Cost Of Revenue": 276784000.0,
        "Total Revenue": 611670000.0,
        "Operating Revenue": 611670000.0
    },
    "2024-03-31": {
        "Tax Effect Of Unusual Items": -4336290.0,
        "Tax Rate For Calcs": 0.21,
        "Normalized EBITDA": 110994000.0,
        "Total Unusual Items": -20649000.0,
        "Total Unusual Items Excluding Goodwill": -20649000.0,
        "Net Income From Continuing Operation Net Minority Interest": -173914000.0,
        "Reconciled Depreciation": 159746000.0,
        "Reconciled Cost Of Revenue": 284255000.0,
        "EBITDA": 90345000.0,
        "EBIT": -69401000.0,
        "Net Interest Income": -73131000.0,
        "Interest Expense": 73131000.0,
        "Normalized Income": -157601290.0,
        "Net Income From Continuing And Discontinued Operation": -173914000.0,
        "Total Expenses": 668972000.0,
        "Total Operating Income As Reported": -73955000.0,
        "Diluted Average Shares": 48119000.0,
        "Basic Average Shares": 48119000.0,
        "Diluted EPS": -3.61,
        "Basic EPS": -3.61,
        "Diluted NI Availto Com Stockholders": -173914000.0,
        "Net Income Common Stockholders": -173914000.0,
        "Net Income": -173914000.0,
        "Net Income Including Noncontrolling Interests": -173914000.0,
        "Net Income Continuous Operations": -173914000.0,
        "Tax Provision": 31382000.0,
        "Pretax Income": -142532000.0,
        "Other Income Expense": -18911000.0,
        "Other Non Operating Income Expenses": 1183000.0,
        "Special Income Charges": -23465000.0,
        "Gain On Sale Of Ppe": 0.0,
        "Other Special Charges": NaN,
        "Impairment Of Capital Assets": NaN,
        "Restructuring And Mergern Acquisition": 23465000.0,
        "Earnings From Equity Interest": 555000.0,
        "Gain On Sale Of Security": 2816000.0,
        "Net Non Operating Interest Income Expense": -73131000.0,
        "Interest Expense Non Operating": 73131000.0,
        "Operating Income": -50490000.0,
        "Operating Expense": 384717000.0,
        "Depreciation Amortization Depletion Income Statement": 159746000.0,
        "Depreciation And Amortization In Income Statement": 159746000.0,
        "Selling General And Administration": 224971000.0,
        "Selling And Marketing Expense": 224971000.0,
        "Gross Profit": 334227000.0,
        "Cost Of Revenue": 284255000.0,
        "Total Revenue": 618482000.0,
        "Operating Revenue": 618482000.0
    },
    "2024-06-30": {
        "Tax Effect Of Unusual Items": -431880.0,
        "Tax Rate For Calcs": 0.024,
        "Normalized EBITDA": 109280000.0,
        "Total Unusual Items": -17995000.0,
        "Total Unusual Items Excluding Goodwill": -17995000.0,
        "Net Income From Continuing Operation Net Minority Interest": -60196000.0,
        "Reconciled Depreciation": 78782000.0,
        "Reconciled Cost Of Revenue": 284883000.0,
        "EBITDA": 91285000.0,
        "EBIT": 12503000.0,
        "Net Interest Income": -74200000.0,
        "Interest Expense": 74200000.0,
        "Normalized Income": -42632880.0,
        "Net Income From Continuing And Discontinued Operation": -60196000.0,
        "Total Expenses": 597106000.0,
        "Total Operating Income As Reported": 5573000.0,
        "Diluted Average Shares": 48498000.0,
        "Basic Average Shares": 48498000.0,
        "Diluted EPS": -1.24,
        "Basic EPS": -1.24,
        "Diluted NI Availto Com Stockholders": -60196000.0,
        "Net Income Common Stockholders": -60196000.0,
        "Net Income": -60196000.0,
        "Net Income Including Noncontrolling Interests": -60196000.0,
        "Net Income Continuous Operations": -60196000.0,
        "Tax Provision": -1501000.0,
        "Pretax Income": -61697000.0,
        "Other Income Expense": -12048000.0,
        "Other Non Operating Income Expenses": 5713000.0,
        "Special Income Charges": -18978000.0,
        "Gain On Sale Of Ppe": NaN,
        "Other Special Charges": NaN,
        "Impairment Of Capital Assets": 12757000.0,
        "Restructuring And Mergern Acquisition": 6221000.0,
        "Earnings From Equity Interest": 234000.0,
        "Gain On Sale Of Security": 983000.0,
        "Net Non Operating Interest Income Expense": -74200000.0,
        "Interest Expense Non Operating": 74200000.0,
        "Operating Income": 24551000.0,
        "Operating Expense": 312223000.0,
        "Depreciation Amortization Depletion Income Statement": 78782000.0,
        "Depreciation And Amortization In Income Statement": 78782000.0,
        "Selling General And Administration": 233441000.0,
        "Selling And Marketing Expense": 233441000.0,
        "Gross Profit": 336774000.0,
        "Cost Of Revenue": 284883000.0,
        "Total Revenue": 621657000.0,
        "Operating Revenue": 621657000.0
    },
    "2024-09-30": {
        "Tax Effect Of Unusual Items": -22280867.164741,
        "Tax Rate For Calcs": 0.11947,
        "Normalized EBITDA": 56788000.0,
        "Total Unusual Items": -186497000.0,
        "Total Unusual Items Excluding Goodwill": -186497000.0,
        "Net Income From Continuing Operation Net Minority Interest": -247855000.0,
        "Reconciled Depreciation": 77800000.0,
        "Reconciled Cost Of Revenue": 286236000.0,
        "EBITDA": -129709000.0,
        "EBIT": -207509000.0,
        "Net Interest Income": -73975000.0,
        "Interest Expense": 73975000.0,
        "Normalized Income": -83638867.164741,
        "Net Income From Continuing And Discontinued Operation": -247855000.0,
        "Total Expenses": 631378000.0,
        "Total Operating Income As Reported": -157655000.0,
        "Diluted Average Shares": 48596000.0,
        "Basic Average Shares": 48596000.0,
        "Diluted EPS": -5.1,
        "Basic EPS": -5.1,
        "Diluted NI Availto Com Stockholders": -247855000.0,
        "Net Income Common Stockholders": -247855000.0,
        "Net Income": -247855000.0,
        "Net Income Including Noncontrolling Interests": -247855000.0,
        "Net Income Continuous Operations": -247855000.0,
        "Tax Provision": -33629000.0,
        "Pretax Income": -281484000.0,
        "Other Income Expense": -206105000.0,
        "Other Non Operating Income Expenses": -18535000.0,
        "Special Income Charges": -156251000.0,
        "Gain On Sale Of Ppe": NaN,
        "Other Special Charges": 150000000.0,
        "Impairment Of Capital Assets": 0.0,
        "Restructuring And Mergern Acquisition": 6251000.0,
        "Earnings From Equity Interest": -1073000.0,
        "Gain On Sale Of Security": -30246000.0,
        "Net Non Operating Interest Income Expense": -73975000.0,
        "Interest Expense Non Operating": 73975000.0,
        "Operating Income": -1404000.0,
        "Operating Expense": 345142000.0,
        "Depreciation Amortization Depletion Income Statement": 77800000.0,
        "Depreciation And Amortization In Income Statement": 77800000.0,
        "Selling General And Administration": 267342000.0,
        "Selling And Marketing Expense": 267342000.0,
        "Gross Profit": 343738000.0,
        "Cost Of Revenue": 286236000.0,
        "Total Revenue": 629974000.0,
        "Operating Revenue": 629974000.0
    }
}