{
    "2023-06-30": {
        "Tax Effect Of Unusual Items": NaN,
        "Tax Rate For Calcs": NaN,
        "Total Unusual Items": NaN,
        "Total Unusual Items Excluding Goodwill": NaN,
        "Net Income From Continuing Operation Net Minority Interest": NaN,
        "Reconciled Depreciation": NaN,
        "Net Interest Income": NaN,
        "Interest Expense": NaN,
        "Interest Income": NaN,
        "Normalized Income": NaN,
        "Net Income From Continuing And Discontinued Operation": NaN,
        "Diluted Average Shares": NaN,
        "Basic Average Shares": NaN,
        "Diluted EPS": NaN,
        "Basic EPS": NaN,
        "Diluted NI Availto Com Stockholders": NaN,
        "Net Income Common Stockholders": NaN,
        "Otherunder Preferred Stock Dividend": NaN,
        "Preferred Stock Dividends": 9947000.0,
        "Net Income": NaN,
        "Net Income Including Noncontrolling Interests": NaN,
        "Net Income Continuous Operations": NaN,
        "Tax Provision": NaN,
        "Pretax Income": NaN,
        "Special Income Charges": NaN,
        "Impairment Of Capital Assets": 0.0,
        "Restructuring And Mergern Acquisition": NaN,
        "Gain On Sale Of Security": NaN,
        "Depreciation Amortization Depletion Income Statement": NaN,
        "Depreciation And Amortization In Income Statement": NaN,
        "Amortization": NaN,
        "Amortization Of Intangibles Income Statement": NaN,
        "Depreciation Income Statement": 9088000.0,
        "Selling General And Administration": NaN,
        "General And Administrative Expense": NaN,
        "Insurance And Claims": 25635000.0,
        "Salaries And Wages": NaN,
        "Total Revenue": NaN,
        "Operating Revenue": NaN,
        "Occupancy And Equipment": NaN,
        "Professional Expense And Contract Services Expense": NaN,
        "Other Non Interest Expense": NaN
    },
    "2023-03-31": {
        "Tax Effect Of Unusual Items": NaN,
        "Tax Rate For Calcs": NaN,
        "Total Unusual Items": NaN,
        "Total Unusual Items Excluding Goodwill": NaN,
        "Net Income From Continuing Operation Net Minority Interest": NaN,
        "Reconciled Depreciation": NaN,
        "Net Interest Income": NaN,
        "Interest Expense": NaN,
        "Interest Income": NaN,
        "Normalized Income": NaN,
        "Net Income From Continuing And Discontinued Operation": NaN,
        "Diluted Average Shares": NaN,
        "Basic Average Shares": NaN,
        "Diluted EPS": NaN,
        "Basic EPS": NaN,
        "Diluted NI Availto Com Stockholders": NaN,
        "Net Income Common Stockholders": NaN,
        "Preferred Stock Dividends": 9947000.0,
        "Net Income": NaN,
        "Net Income Including Noncontrolling Interests": NaN,
        "Net Income Continuous Operations": NaN,
        "Tax Provision": NaN,
        "Pretax Income": NaN,
        "Special Income Charges": NaN,
        "Impairment Of Capital Assets": 1376736000.0,
        "Restructuring And Mergern Acquisition": NaN,
        "Gain On Sale Of Security": NaN,
        "Depreciation Amortization Depletion Income Statement": NaN,
        "Depreciation And Amortization In Income Statement": NaN,
        "Amortization": NaN,
        "Amortization Of Intangibles Income Statement": NaN,
        "Depreciation Income Statement": 9375000.0,
        "Selling General And Administration": NaN,
        "General And Administrative Expense": NaN,
        "Insurance And Claims": 11717000.0,
        "Salaries And Wages": NaN,
        "Total Revenue": NaN,
        "Operating Revenue": NaN,
        "Occupancy And Equipment": NaN,
        "Professional Expense And Contract Services Expense": NaN,
        "Other Non Interest Expense": NaN
    },
    "2022-12-31": {
        "Tax Effect Of Unusual Items": NaN,
        "Tax Rate For Calcs": NaN,
        "Total Unusual Items": NaN,
        "Total Unusual Items Excluding Goodwill": NaN,
        "Net Income From Continuing Operation Net Minority Interest": NaN,
        "Reconciled Depreciation": NaN,
        "Net Interest Income": NaN,
        "Interest Expense": NaN,
        "Interest Income": NaN,
        "Normalized Income": NaN,
        "Net Income From Continuing And Discontinued Operation": NaN,
        "Diluted Average Shares": NaN,
        "Basic Average Shares": NaN,
        "Diluted EPS": NaN,
        "Basic EPS": NaN,
        "Diluted NI Availto Com Stockholders": NaN,
        "Net Income Common Stockholders": NaN,
        "Otherunder Preferred Stock Dividend": 0.0,
        "Preferred Stock Dividends": 0.0,
        "Net Income": NaN,
        "Net Income Including Noncontrolling Interests": NaN,
        "Net Income Continuous Operations": NaN,
        "Tax Provision": NaN,
        "Pretax Income": NaN,
        "Special Income Charges": NaN,
        "Impairment Of Capital Assets": NaN,
        "Restructuring And Mergern Acquisition": NaN,
        "Gain On Sale Of Security": NaN,
        "Depreciation Amortization Depletion Income Statement": NaN,
        "Depreciation And Amortization In Income Statement": NaN,
        "Amortization": NaN,
        "Amortization Of Intangibles Income Statement": NaN,
        "Depreciation Income Statement": NaN,
        "Selling General And Administration": NaN,
        "General And Administrative Expense": NaN,
        "Insurance And Claims": NaN,
        "Salaries And Wages": NaN,
        "Total Revenue": NaN,
        "Operating Revenue": NaN,
        "Occupancy And Equipment": NaN,
        "Professional Expense And Contract Services Expense": NaN,
        "Other Non Interest Expense": NaN
    },
    "2022-09-30": {
        "Tax Effect Of Unusual Items": NaN,
        "Tax Rate For Calcs": NaN,
        "Total Unusual Items": NaN,
        "Total Unusual Items Excluding Goodwill": NaN,
        "Net Income From Continuing Operation Net Minority Interest": NaN,
        "Reconciled Depreciation": NaN,
        "Net Interest Income": NaN,
        "Interest Expense": NaN,
        "Interest Income": NaN,
        "Normalized Income": NaN,
        "Net Income From Continuing And Discontinued Operation": NaN,
        "Diluted Average Shares": NaN,
        "Basic Average Shares": NaN,
        "Diluted EPS": NaN,
        "Basic EPS": NaN,
        "Diluted NI Availto Com Stockholders": NaN,
        "Net Income Common Stockholders": NaN,
        "Otherunder Preferred Stock Dividend": NaN,
        "Preferred Stock Dividends": NaN,
        "Net Income": NaN,
        "Net Income Including Noncontrolling Interests": NaN,
        "Net Income Continuous Operations": NaN,
        "Tax Provision": NaN,
        "Pretax Income": NaN,
        "Special Income Charges": NaN,
        "Impairment Of Capital Assets": NaN,
        "Restructuring And Mergern Acquisition": NaN,
        "Gain On Sale Of Security": NaN,
        "Depreciation Amortization Depletion Income Statement": NaN,
        "Depreciation And Amortization In Income Statement": NaN,
        "Amortization": NaN,
        "Amortization Of Intangibles Income Statement": NaN,
        "Depreciation Income Statement": NaN,
        "Selling General And Administration": NaN,
        "General And Administrative Expense": NaN,
        "Other Gand A": 2624000.0,
        "Salaries And Wages": NaN,
        "Total Revenue": NaN,
        "Operating Revenue": NaN
    },
    "2022-06-30": {
        "Tax Effect Of Unusual Items": 0.0,
        "Tax Rate For Calcs": 0.276,
        "Total Unusual Items": 0.0,
        "Total Unusual Items Excluding Goodwill": 0.0,
        "Net Income From Continuing Operation Net Minority Interest": 26712000.0,
        "Reconciled Depreciation": 313000.0,
        "Net Interest Income": 78299000.0,
        "Interest Expense": 10119000.0,
        "Interest Income": 88418000.0,
        "Normalized Income": 26712000.0,
        "Net Income From Continuing And Discontinued Operation": 26712000.0,
        "Diluted Average Shares": 61600615.0,
        "Basic Average Shares": 61350802.0,
        "Diluted EPS": 0.43,
        "Basic EPS": 0.44,
        "Diluted NI Availto Com Stockholders": 26712000.0,
        "Net Income Common Stockholders": 26712000.0,
        "Otherunder Preferred Stock Dividend": NaN,
        "Preferred Stock Dividends": NaN,
        "Net Income": 26712000.0,
        "Net Income Including Noncontrolling Interests": 26712000.0,
        "Net Income Continuous Operations": 26712000.0,
        "Tax Provision": 10161000.0,
        "Pretax Income": 36873000.0,
        "Special Income Charges": 0.0,
        "Restructuring And Mergern Acquisition": 0.0,
        "Gain On Sale Of Security": 0.0,
        "Depreciation Amortization Depletion Income Statement": 313000.0,
        "Depreciation And Amortization In Income Statement": 313000.0,
        "Amortization": 313000.0,
        "Amortization Of Intangibles Income Statement": 313000.0,
        "Selling General And Administration": 28264000.0,
        "General And Administrative Expense": 28264000.0,
        "Other Gand A": 2803000.0,
        "Salaries And Wages": 28264000.0,
        "Total Revenue": 85485000.0,
        "Operating Revenue": 85485000.0
    },
    "2022-03-31": {
        "Diluted EPS": 0.69,
        "Total Revenue": 90,
        "Gross Profit": 82,
        "Operating Income": 67,
        "EBIT": NaN,
        "Net Income": 43
    },
    "2021-12-31": {
        "Diluted EPS": 0.04,
        "Total Revenue": 88,
        "Gross Profit": 79,
        "Operating Income": 22,
        "EBIT": NaN,
        "Net Income": 4
    },
    "2021-09-30": {
        "Diluted EPS": 0.42,
        "Total Revenue": 77,
        "Gross Profit": 68,
        "Operating Income": 33,
        "EBIT": NaN,
        "Net Income": 21
    },
    "2021-06-30": {
        "Diluted EPS": 0.34,
        "Total Revenue": 73,
        "Gross Profit": 63,
        "Operating Income": 26,
        "EBIT": NaN,
        "Net Income": 17
    },
    "2021-03-31": {
        "Diluted EPS": 0.15,
        "Total Revenue": 73,
        "Gross Profit": 62,
        "Operating Income": 17,
        "EBIT": NaN,
        "Net Income": 8
    },
    "2020-12-31": {
        "Diluted EPS": 0.37,
        "Total Revenue": 81,
        "Gross Profit": 69,
        "Operating Income": 29,
        "EBIT": NaN,
        "Net Income": 18
    },
    "2020-09-30": {
        "Diluted EPS": 0.24,
        "Total Revenue": 74,
        "Gross Profit": 60,
        "Operating Income": 18,
        "EBIT": NaN,
        "Net Income": 12
    },
    "2020-06-30": {
        "Diluted EPS": -0.44,
        "Total Revenue": 78,
        "Gross Profit": 61,
        "Operating Income": -24,
        "EBIT": NaN,
        "Net Income": -22
    },
    "2020-03-31": {
        "Diluted EPS": -0.19,
        "Total Revenue": 77,
        "Gross Profit": 54,
        "Operating Income": -9,
        "EBIT": NaN,
        "Net Income": -10
    },
    "2019-12-31": {
        "Diluted EPS": 0.22,
        "Total Revenue": 89,
        "Gross Profit": 62,
        "Operating Income": 19,
        "EBIT": NaN,
        "Net Income": 11
    },
    "2019-09-30": {
        "Diluted EPS": -0.45,
        "Total Revenue": 96,
        "Gross Profit": 62,
        "Operating Income": -20,
        "EBIT": NaN,
        "Net Income": -23
    },
    "2019-06-30": {
        "Diluted EPS": 0.23,
        "Total Revenue": 102,
        "Gross Profit": 62,
        "Operating Income": 21,
        "EBIT": NaN,
        "Net Income": 12
    },
    "2019-03-31": {
        "Diluted EPS": 0.05,
        "Total Revenue": 117,
        "Gross Profit": 74,
        "Operating Income": 13,
        "EBIT": NaN,
        "Net Income": 3
    },
    "2018-12-31": {
        "Diluted EPS": 0.14,
        "Total Revenue": 114,
        "Gross Profit": 73,
        "Operating Income": 17,
        "EBIT": NaN,
        "Net Income": 7
    },
    "2018-09-30": {
        "Diluted EPS": 0.07,
        "Total Revenue": 113,
        "Gross Profit": 76,
        "Operating Income": 14,
        "EBIT": NaN,
        "Net Income": 4
    },
    "2018-06-30": {
        "Diluted EPS": 0.18,
        "Total Revenue": 113,
        "Gross Profit": 81,
        "Operating Income": 20,
        "EBIT": NaN,
        "Net Income": 9
    },
    "2018-03-31": {
        "Diluted EPS": 0.06,
        "Total Revenue": 107,
        "Gross Profit": 80,
        "Operating Income": 1,
        "EBIT": NaN,
        "Net Income": 3
    },
    "2017-12-31": {
        "Diluted EPS": 0.11,
        "Total Revenue": 103,
        "Gross Profit": 79,
        "Operating Income": 7,
        "EBIT": NaN,
        "Net Income": 5
    },
    "2017-09-30": {
        "Diluted EPS": 0.23,
        "Total Revenue": 115,
        "Gross Profit": 93,
        "Operating Income": 14,
        "EBIT": NaN,
        "Net Income": 12
    },
    "2017-06-30": {
        "Diluted EPS": 0.14,
        "Total Revenue": 102,
        "Gross Profit": 81,
        "Operating Income": 2,
        "EBIT": NaN,
        "Net Income": 7
    },
    "2017-03-31": {
        "Diluted EPS": 0.23,
        "Total Revenue": 114,
        "Gross Profit": 95,
        "Operating Income": 9,
        "EBIT": NaN,
        "Net Income": 12
    },
    "2016-12-31": {
        "Diluted EPS": 0.56,
        "Total Revenue": 132,
        "Gross Profit": 115,
        "Operating Income": 23,
        "EBIT": NaN,
        "Net Income": 28
    },
    "2016-09-30": {
        "Diluted EPS": 0.59,
        "Total Revenue": 120,
        "Gross Profit": 105,
        "Operating Income": 16,
        "EBIT": NaN,
        "Net Income": 31
    },
    "2016-06-30": {
        "Diluted EPS": 0.43,
        "Total Revenue": 114,
        "Gross Profit": 100,
        "Operating Income": 33,
        "EBIT": NaN,
        "Net Income": 21
    },
    "2016-03-31": {
        "Diluted EPS": 0.36,
        "Total Revenue": 102,
        "Gross Profit": 88,
        "Operating Income": 29,
        "EBIT": NaN,
        "Net Income": 15
    },
    "2015-12-31": {
        "Diluted EPS": 0.44,
        "Total Revenue": -26,
        "Gross Profit": -38,
        "Operating Income": -4,
        "EBIT": NaN,
        "Net Income": 16
    },
    "2015-09-30": {
        "Diluted EPS": 0.29,
        "Total Revenue": 117,
        "Gross Profit": 106,
        "Operating Income": 24,
        "EBIT": NaN,
        "Net Income": 11
    },
    "2015-06-30": {
        "Diluted EPS": 0.32,
        "Total Revenue": 132,
        "Gross Profit": 121,
        "Operating Income": 28,
        "EBIT": NaN,
        "Net Income": 13
    },
    "2015-03-31": {
        "Diluted EPS": 0.29,
        "Total Revenue": 107,
        "Gross Profit": 98,
        "Operating Income": 22,
        "EBIT": NaN,
        "Net Income": 12
    },
    "2014-12-31": {
        "Diluted EPS": 0.33,
        "Total Revenue": 96,
        "Gross Profit": 87,
        "Operating Income": 5,
        "EBIT": NaN,
        "Net Income": 9
    },
    "2014-09-30": {
        "Diluted EPS": 0.31,
        "Total Revenue": 91,
        "Gross Profit": 82,
        "Operating Income": 12,
        "EBIT": NaN,
        "Net Income": 10
    },
    "2014-06-30": {
        "Diluted EPS": 0.27,
        "Total Revenue": 79,
        "Gross Profit": 71,
        "Operating Income": 9,
        "EBIT": NaN,
        "Net Income": 7
    },
    "2014-03-31": {
        "Diluted EPS": -0.01,
        "Total Revenue": 68,
        "Gross Profit": 60,
        "Operating Income": 1,
        "EBIT": NaN,
        "Net Income": 0
    },
    "2013-12-31": {
        "Diluted EPS": -0.02,
        "Total Revenue": 75,
        "Gross Profit": 68,
        "Operating Income": 9,
        "EBIT": NaN,
        "Net Income": 2
    },
    "2013-09-30": {
        "Diluted EPS": -0.53,
        "Total Revenue": 52,
        "Gross Profit": 45,
        "Operating Income": -8,
        "EBIT": NaN,
        "Net Income": -9
    },
    "2013-06-30": {
        "Diluted EPS": 0.35,
        "Total Revenue": 53,
        "Gross Profit": 48,
        "Operating Income": 6,
        "EBIT": NaN,
        "Net Income": 4
    },
    "2013-03-31": {
        "Diluted EPS": 0.05,
        "Total Revenue": 37,
        "Gross Profit": 33,
        "Operating Income": 2,
        "EBIT": NaN,
        "Net Income": 1
    },
    "2012-12-31": {
        "Diluted EPS": -0.3,
        "Total Revenue": 34,
        "Gross Profit": 31,
        "Operating Income": -1,
        "EBIT": NaN,
        "Net Income": -4
    },
    "2012-09-30": {
        "Diluted EPS": 0.79,
        "Total Revenue": 36,
        "Gross Profit": 34,
        "Operating Income": 8,
        "EBIT": NaN,
        "Net Income": 9
    },
    "2012-06-30": {
        "Diluted EPS": -0.09,
        "Total Revenue": 11,
        "Gross Profit": 9,
        "Operating Income": -1,
        "EBIT": NaN,
        "Net Income": -1
    },
    "2012-03-31": {
        "Diluted EPS": 0.0,
        "Total Revenue": 11,
        "Gross Profit": 9,
        "Operating Income": 0,
        "EBIT": NaN,
        "Net Income": 0
    },
    "2011-12-31": {
        "Diluted EPS": -0.58,
        "Total Revenue": 9,
        "Gross Profit": 8,
        "Operating Income": -5,
        "EBIT": NaN,
        "Net Income": -6
    },
    "2011-09-30": {
        "Diluted EPS": 0.04,
        "Total Revenue": 11,
        "Gross Profit": 9,
        "Operating Income": 2,
        "EBIT": NaN,
        "Net Income": 1
    },
    "2011-06-30": {
        "Diluted EPS": 0.16,
        "Total Revenue": 10,
        "Gross Profit": 9,
        "Operating Income": 2,
        "EBIT": NaN,
        "Net Income": 2
    },
    "2011-03-31": {
        "Diluted EPS": 0.07,
        "Total Revenue": 10,
        "Gross Profit": 8,
        "Operating Income": 2,
        "EBIT": NaN,
        "Net Income": 1
    },
    "2010-12-31": {
        "Diluted EPS": 0.21,
        "Total Revenue": 13,
        "Gross Profit": 11,
        "Operating Income": 2,
        "EBIT": NaN,
        "Net Income": 1
    },
    "2010-09-30": {
        "Diluted EPS": 0.66,
        "Total Revenue": 11,
        "Gross Profit": 9,
        "Operating Income": 4,
        "EBIT": NaN,
        "Net Income": 3
    },
    "2010-06-30": {
        "Diluted EPS": -0.65,
        "Total Revenue": 10,
        "Gross Profit": 7,
        "Operating Income": -2,
        "EBIT": NaN,
        "Net Income": -3
    },
    "2010-03-31": {
        "Diluted EPS": 0.15,
        "Total Revenue": 11,
        "Gross Profit": 8,
        "Operating Income": 1,
        "EBIT": NaN,
        "Net Income": 1
    },
    "2009-12-31": {
        "Diluted EPS": -0.2,
        "Total Revenue": 11,
        "Gross Profit": 8,
        "Operating Income": -1,
        "EBIT": NaN,
        "Net Income": -1
    },
    "2009-09-30": {
        "Diluted EPS": 0.3,
        "Total Revenue": 12,
        "Gross Profit": 8,
        "Operating Income": 2,
        "EBIT": NaN,
        "Net Income": 1
    },
    "2009-06-30": {
        "Diluted EPS": 0.1,
        "Total Revenue": 13,
        "Gross Profit": 8,
        "Operating Income": 1,
        "EBIT": NaN,
        "Net Income": 0
    },
    "2009-03-31": {
        "Diluted EPS": -0.68,
        "Total Revenue": 12,
        "Gross Profit": 7,
        "Operating Income": -3,
        "EBIT": NaN,
        "Net Income": -3
    },
    "2023-09-30": {
        "Tax Effect Of Unusual Items": NaN,
        "Tax Rate For Calcs": NaN,
        "Total Unusual Items": NaN,
        "Total Unusual Items Excluding Goodwill": NaN,
        "Net Income From Continuing Operation Net Minority Interest": NaN,
        "Reconciled Depreciation": NaN,
        "Net Interest Income": NaN,
        "Interest Expense": NaN,
        "Interest Income": NaN,
        "Normalized Income": NaN,
        "Net Income From Continuing And Discontinued Operation": NaN,
        "Diluted Average Shares": NaN,
        "Basic Average Shares": NaN,
        "Diluted EPS": NaN,
        "Basic EPS": NaN,
        "Diluted NI Availto Com Stockholders": NaN,
        "Net Income Common Stockholders": NaN,
        "Otherunder Preferred Stock Dividend": -374000.0,
        "Preferred Stock Dividends": NaN,
        "Net Income": NaN,
        "Net Income Including Noncontrolling Interests": NaN,
        "Net Income Continuous Operations": NaN,
        "Tax Provision": NaN,
        "Pretax Income": NaN,
        "Special Income Charges": NaN,
        "Impairment Of Capital Assets": 0.0,
        "Restructuring And Mergern Acquisition": NaN,
        "Gain On Sale Of Security": NaN,
        "Depreciation Amortization Depletion Income Statement": NaN,
        "Depreciation And Amortization In Income Statement": NaN,
        "Amortization": NaN,
        "Amortization Of Intangibles Income Statement": NaN,
        "Depreciation Income Statement": NaN,
        "Selling General And Administration": NaN,
        "General And Administrative Expense": NaN,
        "Insurance And Claims": NaN,
        "Salaries And Wages": NaN,
        "Total Revenue": NaN,
        "Operating Revenue": NaN,
        "Occupancy And Equipment": NaN,
        "Professional Expense And Contract Services Expense": NaN,
        "Other Non Interest Expense": NaN
    },
    "2023-12-31": {
        "Tax Effect Of Unusual Items": -222753732.974462,
        "Tax Rate For Calcs": 0.147515,
        "Total Unusual Items": -1510040000.0,
        "Total Unusual Items Excluding Goodwill": -1510040000.0,
        "Net Income From Continuing Operation Net Minority Interest": -1979868000.0,
        "Reconciled Depreciation": 78516000.0,
        "Net Interest Income": 535225000.0,
        "Interest Expense": 1096483000.0,
        "Interest Income": 1631708000.0,
        "Normalized Income": -692581732.974462,
        "Net Income From Continuing And Discontinued Operation": -1979868000.0,
        "Diluted Average Shares": 108290000.0,
        "Basic Average Shares": 108290000.0,
        "Diluted EPS": -4.55,
        "Basic EPS": -4.55,
        "Diluted NI Availto Com Stockholders": -2019656000.0,
        "Net Income Common Stockholders": -2019656000.0,
        "Otherunder Preferred Stock Dividend": NaN,
        "Preferred Stock Dividends": NaN,
        "Net Income": -1979868000.0,
        "Net Income Including Noncontrolling Interests": -1979868000.0,
        "Net Income Continuous Operations": -1979868000.0,
        "Tax Provision": -342599000.0,
        "Pretax Income": -2322467000.0,
        "Special Income Charges": -1510040000.0,
        "Impairment Of Capital Assets": NaN,
        "Restructuring And Mergern Acquisition": 133304000.0,
        "Gain On Sale Of Security": -488267000.0,
        "Depreciation Amortization Depletion Income Statement": 44278000.0,
        "Depreciation And Amortization In Income Statement": 44278000.0,
        "Amortization": 10035000.0,
        "Amortization Of Intangibles Income Statement": 10035000.0,
        "Depreciation Income Statement": NaN,
        "Selling General And Administration": 384262000.0,
        "General And Administrative Expense": 384262000.0,
        "Insurance And Claims": NaN,
        "Salaries And Wages": 248596000.0,
        "Total Revenue": 2857000.0,
        "Operating Revenue": 2857000.0,
        "Occupancy And Equipment": 44735000.0,
        "Professional Expense And Contract Services Expense": 12934000.0,
        "Other Non Interest Expense": 285668000.0
    },
    "2024-03-31": {
        "Tax Effect Of Unusual Items": 0.0,
        "Tax Rate For Calcs": 0.272358,
        "Total Unusual Items": 0.0,
        "Total Unusual Items Excluding Goodwill": 0.0,
        "Net Income From Continuing Operation Net Minority Interest": 30852000.0,
        "Reconciled Depreciation": 30483000.0,
        "Net Interest Income": 229102000.0,
        "Interest Expense": 249602000.0,
        "Interest Income": 478704000.0,
        "Normalized Income": 30852000.0,
        "Net Income From Continuing And Discontinued Operation": 30852000.0,
        "Diluted Average Shares": 168143000.0,
        "Basic Average Shares": 168143000.0,
        "Diluted EPS": 0.12,
        "Basic EPS": 0.12,
        "Diluted NI Availto Com Stockholders": 20905000.0,
        "Net Income Common Stockholders": 20905000.0,
        "Otherunder Preferred Stock Dividend": NaN,
        "Preferred Stock Dividends": 9947000.0,
        "Net Income": 30852000.0,
        "Net Income Including Noncontrolling Interests": 30852000.0,
        "Net Income Continuous Operations": 30852000.0,
        "Tax Provision": 11548000.0,
        "Pretax Income": 42400000.0,
        "Special Income Charges": 0.0,
        "Impairment Of Capital Assets": 0.0,
        "Restructuring And Mergern Acquisition": 0.0,
        "Gain On Sale Of Security": 178000.0,
        "Depreciation Amortization Depletion Income Statement": 15924000.0,
        "Depreciation And Amortization In Income Statement": 15924000.0,
        "Amortization": 8404000.0,
        "Amortization Of Intangibles Income Statement": 8404000.0,
        "Depreciation Income Statement": 7520000.0,
        "Selling General And Administration": 112697000.0,
        "General And Administrative Expense": 112697000.0,
        "Insurance And Claims": 20461000.0,
        "Salaries And Wages": 92236000.0,
        "Total Revenue": 258427000.0,
        "Operating Revenue": 258427000.0,
        "Occupancy And Equipment": 17968000.0,
        "Professional Expense And Contract Services Expense": 5075000.0,
        "Other Non Interest Expense": 54363000.0
    },
    "2024-06-30": {
        "Tax Effect Of Unusual Items": 4048000.0,
        "Tax Rate For Calcs": 0.32,
        "Total Unusual Items": 12650000.0,
        "Total Unusual Items Excluding Goodwill": 12650000.0,
        "Net Income From Continuing Operation Net Minority Interest": 30333000.0,
        "Reconciled Depreciation": 31934000.0,
        "Net Interest Income": 229488000.0,
        "Interest Expense": 233101000.0,
        "Interest Income": 462589000.0,
        "Normalized Income": 21731000.0,
        "Net Income From Continuing And Discontinued Operation": 30333000.0,
        "Diluted Average Shares": 168432000.0,
        "Basic Average Shares": 168432000.0,
        "Diluted EPS": 0.12,
        "Basic EPS": 0.12,
        "Diluted NI Availto Com Stockholders": 20386000.0,
        "Net Income Common Stockholders": 20386000.0,
        "Otherunder Preferred Stock Dividend": NaN,
        "Preferred Stock Dividends": 9947000.0,
        "Net Income": 30333000.0,
        "Net Income Including Noncontrolling Interests": 30333000.0,
        "Net Income Continuous Operations": 30333000.0,
        "Tax Provision": 14304000.0,
        "Pretax Income": 44637000.0,
        "Special Income Charges": 12650000.0,
        "Impairment Of Capital Assets": 0.0,
        "Restructuring And Mergern Acquisition": -12650000.0,
        "Gain On Sale Of Security": -324000.0,
        "Depreciation Amortization Depletion Income Statement": 15995000.0,
        "Depreciation And Amortization In Income Statement": 15995000.0,
        "Amortization": 8484000.0,
        "Amortization Of Intangibles Income Statement": 8484000.0,
        "Depreciation Income Statement": 7511000.0,
        "Selling General And Administration": 112345000.0,
        "General And Administrative Expense": 112345000.0,
        "Insurance And Claims": 26431000.0,
        "Salaries And Wages": 85914000.0,
        "Total Revenue": 254948000.0,
        "Operating Revenue": 254948000.0,
        "Occupancy And Equipment": 17455000.0,
        "Professional Expense And Contract Services Expense": 5183000.0,
        "Other Non Interest Expense": 60983000.0
    },
    "2024-09-30": {
        "Tax Effect Of Unusual Items": 120870.0,
        "Tax Rate For Calcs": 0.237,
        "Total Unusual Items": 510000.0,
        "Total Unusual Items Excluding Goodwill": 510000.0,
        "Net Income From Continuing Operation Net Minority Interest": 8784000.0,
        "Reconciled Depreciation": 31769000.0,
        "Net Interest Income": 232175000.0,
        "Interest Expense": 214718000.0,
        "Interest Income": 446893000.0,
        "Normalized Income": 8394870.0,
        "Net Income From Continuing And Discontinued Operation": 8784000.0,
        "Diluted Average Shares": 168583000.0,
        "Basic Average Shares": 168583000.0,
        "Diluted EPS": -0.01,
        "Basic EPS": -0.01,
        "Diluted NI Availto Com Stockholders": -1104000.0,
        "Net Income Common Stockholders": -1104000.0,
        "Otherunder Preferred Stock Dividend": -59000.0,
        "Preferred Stock Dividends": 9947000.0,
        "Net Income": 8784000.0,
        "Net Income Including Noncontrolling Interests": 8784000.0,
        "Net Income Continuous Operations": 8784000.0,
        "Tax Provision": 2730000.0,
        "Pretax Income": 11514000.0,
        "Special Income Charges": 510000.0,
        "Impairment Of Capital Assets": 0.0,
        "Restructuring And Mergern Acquisition": -510000.0,
        "Gain On Sale Of Security": -59735000.0,
        "Depreciation Amortization Depletion Income Statement": 15629000.0,
        "Depreciation And Amortization In Income Statement": 15629000.0,
        "Amortization": 8485000.0,
        "Amortization Of Intangibles Income Statement": 8485000.0,
        "Depreciation Income Statement": 7144000.0,
        "Selling General And Administration": 98293000.0,
        "General And Administrative Expense": 98293000.0,
        "Insurance And Claims": 12708000.0,
        "Salaries And Wages": 85585000.0,
        "Total Revenue": 212729000.0,
        "Operating Revenue": 212729000.0,
        "Occupancy And Equipment": 16892000.0,
        "Professional Expense And Contract Services Expense": 5101000.0,
        "Other Non Interest Expense": 56810000.0
    },
    "2024-12-31": {
        "Tax Effect Of Unusual Items": 192391.652283,
        "Tax Rate For Calcs": 0.188066,
        "Total Unusual Items": 1023000.0,
        "Total Unusual Items Excluding Goodwill": 1023000.0,
        "Net Income From Continuing Operation Net Minority Interest": 56919000.0,
        "Reconciled Depreciation": 27216000.0,
        "Net Interest Income": 235285000.0,
        "Interest Expense": 189234000.0,
        "Interest Income": 424519000.0,
        "Normalized Income": 56088391.652283,
        "Net Income From Continuing And Discontinued Operation": 56919000.0,
        "Diluted Average Shares": 169732000.0,
        "Basic Average Shares": 168604000.0,
        "Diluted EPS": 0.28,
        "Basic EPS": 0.28,
        "Diluted NI Availto Com Stockholders": 46945000.0,
        "Net Income Common Stockholders": 46945000.0,
        "Otherunder Preferred Stock Dividend": NaN,
        "Preferred Stock Dividends": 9947000.0,
        "Net Income": 56919000.0,
        "Net Income Including Noncontrolling Interests": 56919000.0,
        "Net Income Continuous Operations": 56919000.0,
        "Tax Provision": 13184000.0,
        "Pretax Income": 70103000.0,
        "Special Income Charges": 1023000.0,
        "Impairment Of Capital Assets": 0.0,
        "Restructuring And Mergern Acquisition": -1023000.0,
        "Gain On Sale Of Security": -111000.0,
        "Depreciation Amortization Depletion Income Statement": 14866000.0,
        "Depreciation And Amortization In Income Statement": 14866000.0,
        "Amortization": 7770000.0,
        "Amortization Of Intangibles Income Statement": 7770000.0,
        "Depreciation Income Statement": 7096000.0,
        "Selling General And Administration": 88840000.0,
        "General And Administrative Expense": 88840000.0,
        "Insurance And Claims": 11179000.0,
        "Salaries And Wages": 77661000.0,
        "Total Revenue": 259785000.0,
        "Operating Revenue": 259785000.0,
        "Occupancy And Equipment": 15678000.0,
        "Professional Expense And Contract Services Expense": 5498000.0,
        "Other Non Interest Expense": 53022000.0
    },
    "2025-03-31": {
        "Tax Effect Of Unusual Items": 0.0,
        "Tax Rate For Calcs": 0.266804,
        "Total Unusual Items": 0.0,
        "Total Unusual Items Excluding Goodwill": 0.0,
        "Net Income From Continuing Operation Net Minority Interest": 53568000.0,
        "Reconciled Depreciation": 26082000.0,
        "Net Interest Income": 232364000.0,
        "Interest Expense": 174291000.0,
        "Interest Income": 406655000.0,
        "Normalized Income": 53568000.0,
        "Net Income From Continuing And Discontinued Operation": 53568000.0,
        "Diluted Average Shares": 169434000.0,
        "Basic Average Shares": 168495000.0,
        "Diluted EPS": 0.26,
        "Basic EPS": 0.26,
        "Diluted NI Availto Com Stockholders": 43621000.0,
        "Net Income Common Stockholders": 43621000.0,
        "Otherunder Preferred Stock Dividend": NaN,
        "Preferred Stock Dividends": 9947000.0,
        "Net Income": 53568000.0,
        "Net Income Including Noncontrolling Interests": 53568000.0,
        "Net Income Continuous Operations": 53568000.0,
        "Tax Provision": 19493000.0,
        "Pretax Income": 73061000.0,
        "Special Income Charges": 0.0,
        "Impairment Of Capital Assets": NaN,
        "Restructuring And Mergern Acquisition": 0.0,
        "Gain On Sale Of Security": 605000.0,
        "Depreciation Amortization Depletion Income Statement": 13901000.0,
        "Depreciation And Amortization In Income Statement": 13901000.0,
        "Amortization": 7160000.0,
        "Amortization Of Intangibles Income Statement": 7160000.0,
        "Depreciation Income Statement": 6741000.0,
        "Selling General And Administration": 93700000.0,
        "General And Administrative Expense": 93700000.0,
        "Insurance And Claims": 7283000.0,
        "Salaries And Wages": 86417000.0,
        "Total Revenue": 263984000.0,
        "Operating Revenue": 263984000.0,
        "Occupancy And Equipment": 15010000.0,
        "Professional Expense And Contract Services Expense": 4513000.0,
        "Other Non Interest Expense": 53599000.0
    }
}