{
    "2023-03-31": {
        "Tax Effect Of Unusual Items": NaN,
        "Tax Rate For Calcs": NaN,
        "Normalized EBITDA": NaN,
        "Total Unusual Items": NaN,
        "Total Unusual Items Excluding Goodwill": NaN,
        "Net Income From Continuing Operation Net Minority Interest": NaN,
        "Reconciled Depreciation": NaN,
        "Reconciled Cost Of Revenue": NaN,
        "EBITDA": NaN,
        "EBIT": NaN,
        "Net Interest Income": NaN,
        "Interest Expense": 914000.0,
        "Normalized Income": NaN,
        "Net Income From Continuing And Discontinued Operation": NaN,
        "Total Expenses": NaN,
        "Total Operating Income As Reported": NaN,
        "Diluted Average Shares": NaN,
        "Basic Average Shares": NaN,
        "Diluted EPS": NaN,
        "Basic EPS": NaN,
        "Diluted NI Availto Com Stockholders": NaN,
        "Average Dilution Earnings": -11698000.0,
        "Net Income Common Stockholders": NaN,
        "Net Income": NaN,
        "Net Income Including Noncontrolling Interests": NaN,
        "Net Income Continuous Operations": NaN,
        "Tax Provision": NaN,
        "Pretax Income": NaN,
        "Other Income Expense": NaN,
        "Other Non Operating Income Expenses": NaN,
        "Special Income Charges": NaN,
        "Other Special Charges": -12767000.0,
        "Net Non Operating Interest Income Expense": NaN,
        "Total Other Finance Cost": 914000.0,
        "Interest Expense Non Operating": 914000.0,
        "Operating Income": NaN,
        "Operating Expense": NaN,
        "Research And Development": NaN,
        "Selling General And Administration": NaN,
        "Selling And Marketing Expense": NaN,
        "General And Administrative Expense": NaN,
        "Other Gand A": NaN,
        "Gross Profit": NaN,
        "Cost Of Revenue": NaN,
        "Total Revenue": NaN,
        "Operating Revenue": NaN
    },
    "2022-12-31": {
        "Tax Effect Of Unusual Items": NaN,
        "Tax Rate For Calcs": NaN,
        "Normalized EBITDA": NaN,
        "Total Unusual Items": NaN,
        "Total Unusual Items Excluding Goodwill": NaN,
        "Net Income From Continuing Operation Net Minority Interest": NaN,
        "Reconciled Depreciation": NaN,
        "Reconciled Cost Of Revenue": NaN,
        "EBITDA": NaN,
        "EBIT": NaN,
        "Net Interest Income": NaN,
        "Interest Expense": 187000.0,
        "Normalized Income": NaN,
        "Net Income From Continuing And Discontinued Operation": NaN,
        "Total Expenses": NaN,
        "Total Operating Income As Reported": NaN,
        "Diluted Average Shares": NaN,
        "Basic Average Shares": NaN,
        "Diluted EPS": NaN,
        "Basic EPS": NaN,
        "Diluted NI Availto Com Stockholders": NaN,
        "Average Dilution Earnings": NaN,
        "Net Income Common Stockholders": NaN,
        "Net Income": NaN,
        "Net Income Including Noncontrolling Interests": NaN,
        "Net Income Continuous Operations": NaN,
        "Tax Provision": NaN,
        "Pretax Income": NaN,
        "Other Income Expense": NaN,
        "Other Non Operating Income Expenses": NaN,
        "Special Income Charges": NaN,
        "Other Special Charges": NaN,
        "Net Non Operating Interest Income Expense": NaN,
        "Total Other Finance Cost": NaN,
        "Interest Expense Non Operating": 187000.0,
        "Operating Income": NaN,
        "Operating Expense": NaN,
        "Research And Development": NaN,
        "Selling General And Administration": NaN,
        "Selling And Marketing Expense": NaN,
        "General And Administrative Expense": NaN,
        "Other Gand A": NaN,
        "Gross Profit": NaN,
        "Cost Of Revenue": NaN,
        "Total Revenue": NaN,
        "Operating Revenue": NaN
    },
    "2022-09-30": {
        "Tax Effect Of Unusual Items": NaN,
        "Tax Rate For Calcs": NaN,
        "Normalized EBITDA": NaN,
        "Total Unusual Items": NaN,
        "Total Unusual Items Excluding Goodwill": NaN,
        "Net Income From Continuing Operation Net Minority Interest": NaN,
        "Reconciled Depreciation": NaN,
        "Reconciled Cost Of Revenue": NaN,
        "EBITDA": NaN,
        "EBIT": NaN,
        "Net Interest Income": NaN,
        "Interest Expense": 737000.0,
        "Normalized Income": NaN,
        "Net Income From Continuing And Discontinued Operation": NaN,
        "Total Expenses": NaN,
        "Total Operating Income As Reported": NaN,
        "Diluted Average Shares": NaN,
        "Basic Average Shares": NaN,
        "Diluted EPS": NaN,
        "Basic EPS": NaN,
        "Diluted NI Availto Com Stockholders": NaN,
        "Average Dilution Earnings": NaN,
        "Net Income Common Stockholders": NaN,
        "Net Income": NaN,
        "Net Income Including Noncontrolling Interests": NaN,
        "Net Income Continuous Operations": NaN,
        "Tax Provision": NaN,
        "Pretax Income": NaN,
        "Other Income Expense": NaN,
        "Other Non Operating Income Expenses": NaN,
        "Special Income Charges": NaN,
        "Other Special Charges": NaN,
        "Net Non Operating Interest Income Expense": NaN,
        "Total Other Finance Cost": 737000.0,
        "Interest Expense Non Operating": 737000.0,
        "Operating Income": NaN,
        "Operating Expense": NaN,
        "Research And Development": NaN,
        "Selling General And Administration": NaN,
        "Selling And Marketing Expense": NaN,
        "General And Administrative Expense": NaN,
        "Other Gand A": NaN,
        "Gross Profit": NaN,
        "Cost Of Revenue": NaN,
        "Total Revenue": NaN,
        "Operating Revenue": NaN
    },
    "2022-06-30": {
        "Tax Effect Of Unusual Items": 0.0,
        "Tax Rate For Calcs": 0.063,
        "Normalized EBITDA": 1216000.0,
        "Total Unusual Items": NaN,
        "Total Unusual Items Excluding Goodwill": NaN,
        "Net Income From Continuing Operation Net Minority Interest": -6248000.0,
        "Reconciled Depreciation": 7007000.0,
        "Reconciled Cost Of Revenue": 81085000.0,
        "EBITDA": 1216000.0,
        "EBIT": -5791000.0,
        "Net Interest Income": -874000.0,
        "Interest Expense": 874000.0,
        "Normalized Income": -6248000.0,
        "Net Income From Continuing And Discontinued Operation": -6248000.0,
        "Total Expenses": 145539000.0,
        "Total Operating Income As Reported": -9050000.0,
        "Diluted Average Shares": 25279615.0,
        "Basic Average Shares": 25279615.0,
        "Diluted EPS": -0.25,
        "Basic EPS": -0.25,
        "Diluted NI Availto Com Stockholders": -6248000.0,
        "Average Dilution Earnings": NaN,
        "Net Income Common Stockholders": -6248000.0,
        "Net Income": -6248000.0,
        "Net Income Including Noncontrolling Interests": -6248000.0,
        "Net Income Continuous Operations": -6248000.0,
        "Tax Provision": -417000.0,
        "Pretax Income": -6665000.0,
        "Other Income Expense": 3259000.0,
        "Other Non Operating Income Expenses": 3259000.0,
        "Special Income Charges": NaN,
        "Other Special Charges": NaN,
        "Net Non Operating Interest Income Expense": -874000.0,
        "Interest Expense Non Operating": 874000.0,
        "Operating Income": -9050000.0,
        "Operating Expense": 64454000.0,
        "Research And Development": 24264000.0,
        "Selling General And Administration": 40190000.0,
        "Selling And Marketing Expense": 23327000.0,
        "General And Administrative Expense": 16863000.0,
        "Other Gand A": 16863000.0,
        "Gross Profit": 55404000.0,
        "Cost Of Revenue": 81085000.0,
        "Total Revenue": 136489000.0,
        "Operating Revenue": 136489000.0
    },
    "2022-03-31": {
        "Diluted EPS": -0.27,
        "Total Revenue": 131,
        "Gross Profit": 55,
        "Operating Income": -7,
        "EBIT": 5,
        "Net Income": -7
    },
    "2021-12-31": {
        "Diluted EPS": -0.32,
        "Total Revenue": 126,
        "Gross Profit": 52,
        "Operating Income": -4,
        "EBIT": 14,
        "Net Income": -8
    },
    "2021-09-30": {
        "Diluted EPS": -0.28,
        "Total Revenue": 131,
        "Gross Profit": 57,
        "Operating Income": 1,
        "EBIT": 19,
        "Net Income": -7
    },
    "2021-06-30": {
        "Diluted EPS": -0.28,
        "Total Revenue": 121,
        "Gross Profit": 53,
        "Operating Income": 1,
        "EBIT": 19,
        "Net Income": -7
    },
    "2021-03-31": {
        "Diluted EPS": -0.21,
        "Total Revenue": 113,
        "Gross Profit": 51,
        "Operating Income": 0,
        "EBIT": 16,
        "Net Income": -5
    },
    "2020-12-31": {
        "Diluted EPS": -0.83,
        "Total Revenue": 113,
        "Gross Profit": 48,
        "Operating Income": -12,
        "EBIT": 1,
        "Net Income": -20
    },
    "2020-09-30": {
        "Diluted EPS": -0.1,
        "Total Revenue": 85,
        "Gross Profit": 39,
        "Operating Income": 2,
        "EBIT": 11,
        "Net Income": -2
    },
    "2020-06-30": {
        "Diluted EPS": -0.86,
        "Total Revenue": 77,
        "Gross Profit": 35,
        "Operating Income": 0,
        "EBIT": 9,
        "Net Income": -21
    },
    "2020-03-31": {
        "Diluted EPS": -0.04,
        "Total Revenue": 69,
        "Gross Profit": 32,
        "Operating Income": -3,
        "EBIT": 3,
        "Net Income": -1
    },
    "2019-12-31": {
        "Diluted EPS": -0.09,
        "Total Revenue": 62,
        "Gross Profit": 29,
        "Operating Income": -3,
        "EBIT": 1,
        "Net Income": -2
    },
    "2019-09-30": {
        "Diluted EPS": -0.04,
        "Total Revenue": 60,
        "Gross Profit": 27,
        "Operating Income": -5,
        "EBIT": -1,
        "Net Income": -1
    },
    "2019-06-30": {
        "Diluted EPS": 0.14,
        "Total Revenue": 57,
        "Gross Profit": 27,
        "Operating Income": -4,
        "EBIT": -1,
        "Net Income": 3
    },
    "2019-03-31": {
        "Diluted EPS": 0.09,
        "Total Revenue": 53,
        "Gross Profit": 25,
        "Operating Income": -6,
        "EBIT": -3,
        "Net Income": 2
    },
    "2018-12-31": {
        "Diluted EPS": -0.07,
        "Total Revenue": 52,
        "Gross Profit": 24,
        "Operating Income": -3,
        "EBIT": -2,
        "Net Income": -1
    },
    "2018-09-30": {
        "Diluted EPS": 0.12,
        "Total Revenue": 50,
        "Gross Profit": 23,
        "Operating Income": 0,
        "EBIT": 1,
        "Net Income": 3
    },
    "2018-06-30": {
        "Diluted EPS": 0.5,
        "Total Revenue": 48,
        "Gross Profit": 22,
        "Operating Income": 1,
        "EBIT": 2,
        "Net Income": 11
    },
    "2018-03-31": {
        "Diluted EPS": 0.3,
        "Total Revenue": 53,
        "Gross Profit": 28,
        "Operating Income": 9,
        "EBIT": 10,
        "Net Income": 6
    },
    "2017-12-31": {
        "Diluted EPS": -0.07,
        "Total Revenue": 42,
        "Gross Profit": 20,
        "Operating Income": 2,
        "EBIT": 4,
        "Net Income": 0
    },
    "2017-09-30": {
        "Diluted EPS": 0.11,
        "Total Revenue": 41,
        "Gross Profit": 19,
        "Operating Income": 3,
        "EBIT": 5,
        "Net Income": 1
    },
    "2017-06-30": {
        "Diluted EPS": 0.13,
        "Total Revenue": 40,
        "Gross Profit": 17,
        "Operating Income": 4,
        "EBIT": 6,
        "Net Income": 2
    },
    "2017-03-31": {
        "Diluted EPS": 0.2,
        "Total Revenue": 40,
        "Gross Profit": 18,
        "Operating Income": 5,
        "EBIT": 7,
        "Net Income": 3
    },
    "2016-12-31": {
        "Diluted EPS": 0.0,
        "Total Revenue": NaN,
        "Gross Profit": NaN,
        "Operating Income": NaN,
        "EBIT": NaN,
        "Net Income": NaN
    },
    "2016-09-30": {
        "Diluted EPS": 0.22,
        "Total Revenue": 39,
        "Gross Profit": 17,
        "Operating Income": 4,
        "EBIT": 4,
        "Net Income": 3
    },
    "2015-12-31": {
        "Diluted EPS": 0.0,
        "Total Revenue": NaN,
        "Gross Profit": NaN,
        "Operating Income": NaN,
        "EBIT": NaN,
        "Net Income": NaN
    },
    "2023-06-30": {
        "Tax Effect Of Unusual Items": NaN,
        "Tax Rate For Calcs": NaN,
        "Normalized EBITDA": NaN,
        "Total Unusual Items": NaN,
        "Total Unusual Items Excluding Goodwill": NaN,
        "Net Income From Continuing Operation Net Minority Interest": NaN,
        "Reconciled Depreciation": NaN,
        "Reconciled Cost Of Revenue": NaN,
        "EBITDA": NaN,
        "EBIT": NaN,
        "Net Interest Income": NaN,
        "Interest Expense": 322000.0,
        "Normalized Income": NaN,
        "Net Income From Continuing And Discontinued Operation": NaN,
        "Total Expenses": NaN,
        "Total Operating Income As Reported": NaN,
        "Diluted Average Shares": NaN,
        "Basic Average Shares": NaN,
        "Diluted EPS": NaN,
        "Basic EPS": NaN,
        "Diluted NI Availto Com Stockholders": NaN,
        "Average Dilution Earnings": 0.0,
        "Net Income Common Stockholders": NaN,
        "Net Income": NaN,
        "Net Income Including Noncontrolling Interests": NaN,
        "Net Income Continuous Operations": NaN,
        "Tax Provision": NaN,
        "Pretax Income": NaN,
        "Other Income Expense": NaN,
        "Other Non Operating Income Expenses": NaN,
        "Special Income Charges": NaN,
        "Other Special Charges": -4000000.0,
        "Net Non Operating Interest Income Expense": NaN,
        "Total Other Finance Cost": NaN,
        "Interest Expense Non Operating": 322000.0,
        "Operating Income": NaN,
        "Operating Expense": NaN,
        "Research And Development": NaN,
        "Selling General And Administration": NaN,
        "Selling And Marketing Expense": NaN,
        "General And Administrative Expense": NaN,
        "Other Gand A": NaN,
        "Gross Profit": NaN,
        "Cost Of Revenue": NaN,
        "Total Revenue": NaN,
        "Operating Revenue": NaN
    },
    "2023-09-30": {
        "Tax Effect Of Unusual Items": NaN,
        "Tax Rate For Calcs": NaN,
        "Normalized EBITDA": NaN,
        "Total Unusual Items": NaN,
        "Total Unusual Items Excluding Goodwill": NaN,
        "Net Income From Continuing Operation Net Minority Interest": NaN,
        "Reconciled Depreciation": NaN,
        "Reconciled Cost Of Revenue": NaN,
        "EBITDA": NaN,
        "EBIT": NaN,
        "Net Interest Income": NaN,
        "Interest Expense": NaN,
        "Normalized Income": NaN,
        "Net Income From Continuing And Discontinued Operation": NaN,
        "Total Expenses": NaN,
        "Total Operating Income As Reported": NaN,
        "Diluted Average Shares": NaN,
        "Basic Average Shares": NaN,
        "Diluted EPS": NaN,
        "Basic EPS": NaN,
        "Diluted NI Availto Com Stockholders": NaN,
        "Average Dilution Earnings": NaN,
        "Net Income Common Stockholders": NaN,
        "Net Income": NaN,
        "Net Income Including Noncontrolling Interests": NaN,
        "Net Income Continuous Operations": NaN,
        "Tax Provision": NaN,
        "Pretax Income": NaN,
        "Other Income Expense": NaN,
        "Other Non Operating Income Expenses": NaN,
        "Special Income Charges": NaN,
        "Other Special Charges": NaN,
        "Net Non Operating Interest Income Expense": NaN,
        "Total Other Finance Cost": -59000.0,
        "Interest Expense Non Operating": NaN,
        "Operating Income": NaN,
        "Operating Expense": NaN,
        "Research And Development": NaN,
        "Selling General And Administration": NaN,
        "Selling And Marketing Expense": NaN,
        "General And Administrative Expense": NaN,
        "Other Gand A": NaN,
        "Gross Profit": NaN,
        "Cost Of Revenue": NaN,
        "Total Revenue": NaN,
        "Operating Revenue": NaN
    },
    "2023-12-31": {
        "Tax Effect Of Unusual Items": NaN,
        "Tax Rate For Calcs": NaN,
        "Normalized EBITDA": NaN,
        "Total Unusual Items": NaN,
        "Total Unusual Items Excluding Goodwill": NaN,
        "Net Income From Continuing Operation Net Minority Interest": NaN,
        "Reconciled Depreciation": NaN,
        "Reconciled Cost Of Revenue": NaN,
        "EBITDA": NaN,
        "EBIT": NaN,
        "Net Interest Income": NaN,
        "Interest Expense": NaN,
        "Normalized Income": NaN,
        "Net Income From Continuing And Discontinued Operation": NaN,
        "Total Expenses": NaN,
        "Total Operating Income As Reported": NaN,
        "Diluted Average Shares": NaN,
        "Basic Average Shares": NaN,
        "Diluted EPS": NaN,
        "Basic EPS": NaN,
        "Diluted NI Availto Com Stockholders": NaN,
        "Average Dilution Earnings": NaN,
        "Net Income Common Stockholders": NaN,
        "Net Income": NaN,
        "Net Income Including Noncontrolling Interests": NaN,
        "Net Income Continuous Operations": NaN,
        "Tax Provision": NaN,
        "Pretax Income": NaN,
        "Other Income Expense": NaN,
        "Other Non Operating Income Expenses": NaN,
        "Special Income Charges": NaN,
        "Other Special Charges": 0.0,
        "Net Non Operating Interest Income Expense": NaN,
        "Total Other Finance Cost": NaN,
        "Interest Expense Non Operating": NaN,
        "Operating Income": NaN,
        "Operating Expense": NaN,
        "Research And Development": NaN,
        "Selling General And Administration": NaN,
        "Selling And Marketing Expense": NaN,
        "General And Administrative Expense": NaN,
        "Other Gand A": NaN,
        "Gross Profit": NaN,
        "Cost Of Revenue": NaN,
        "Total Revenue": NaN,
        "Operating Revenue": NaN
    },
    "2024-03-31": {
        "Tax Effect Of Unusual Items": NaN,
        "Tax Rate For Calcs": NaN,
        "Normalized EBITDA": NaN,
        "Total Unusual Items": NaN,
        "Total Unusual Items Excluding Goodwill": NaN,
        "Net Income From Continuing Operation Net Minority Interest": NaN,
        "Reconciled Depreciation": NaN,
        "Reconciled Cost Of Revenue": NaN,
        "EBITDA": NaN,
        "EBIT": NaN,
        "Net Interest Income": NaN,
        "Interest Expense": NaN,
        "Normalized Income": NaN,
        "Net Income From Continuing And Discontinued Operation": NaN,
        "Total Expenses": NaN,
        "Total Operating Income As Reported": NaN,
        "Diluted Average Shares": NaN,
        "Basic Average Shares": NaN,
        "Diluted EPS": NaN,
        "Basic EPS": NaN,
        "Diluted NI Availto Com Stockholders": NaN,
        "Average Dilution Earnings": 0.0,
        "Net Income Common Stockholders": NaN,
        "Net Income": NaN,
        "Net Income Including Noncontrolling Interests": NaN,
        "Net Income Continuous Operations": NaN,
        "Tax Provision": NaN,
        "Pretax Income": NaN,
        "Other Income Expense": NaN,
        "Other Non Operating Income Expenses": NaN,
        "Special Income Charges": NaN,
        "Other Special Charges": NaN,
        "Net Non Operating Interest Income Expense": NaN,
        "Total Other Finance Cost": -633000.0,
        "Interest Expense Non Operating": NaN,
        "Operating Income": NaN,
        "Operating Expense": NaN,
        "Research And Development": NaN,
        "Selling General And Administration": NaN,
        "Selling And Marketing Expense": NaN,
        "General And Administrative Expense": NaN,
        "Other Gand A": NaN,
        "Gross Profit": NaN,
        "Cost Of Revenue": NaN,
        "Total Revenue": NaN,
        "Operating Revenue": NaN
    },
    "2024-06-30": {
        "Tax Effect Of Unusual Items": NaN,
        "Tax Rate For Calcs": NaN,
        "Normalized EBITDA": NaN,
        "Total Unusual Items": NaN,
        "Total Unusual Items Excluding Goodwill": NaN,
        "Net Income From Continuing Operation Net Minority Interest": NaN,
        "Reconciled Depreciation": NaN,
        "Reconciled Cost Of Revenue": NaN,
        "EBITDA": NaN,
        "EBIT": NaN,
        "Net Interest Income": NaN,
        "Interest Expense": 698000.0,
        "Normalized Income": NaN,
        "Net Income From Continuing And Discontinued Operation": NaN,
        "Total Expenses": NaN,
        "Total Operating Income As Reported": NaN,
        "Diluted Average Shares": NaN,
        "Basic Average Shares": NaN,
        "Diluted EPS": NaN,
        "Basic EPS": NaN,
        "Diluted NI Availto Com Stockholders": NaN,
        "Average Dilution Earnings": -9098000.0,
        "Net Income Common Stockholders": NaN,
        "Net Income": NaN,
        "Net Income Including Noncontrolling Interests": NaN,
        "Net Income Continuous Operations": NaN,
        "Tax Provision": NaN,
        "Pretax Income": NaN,
        "Other Income Expense": NaN,
        "Other Non Operating Income Expenses": NaN,
        "Special Income Charges": NaN,
        "Other Special Charges": -10267000.0,
        "Net Non Operating Interest Income Expense": NaN,
        "Total Other Finance Cost": NaN,
        "Interest Expense Non Operating": 698000.0,
        "Operating Income": NaN,
        "Operating Expense": NaN,
        "Research And Development": NaN,
        "Selling General And Administration": NaN,
        "Selling And Marketing Expense": NaN,
        "General And Administrative Expense": NaN,
        "Other Gand A": NaN,
        "Gross Profit": NaN,
        "Cost Of Revenue": NaN,
        "Total Revenue": NaN,
        "Operating Revenue": NaN
    },
    "2024-09-30": {
        "Tax Effect Of Unusual Items": 0.0,
        "Tax Rate For Calcs": 0.21,
        "Normalized EBITDA": 11526000.0,
        "Total Unusual Items": 0.0,
        "Total Unusual Items Excluding Goodwill": 0.0,
        "Net Income From Continuing Operation Net Minority Interest": 413000.0,
        "Reconciled Depreciation": 12424000.0,
        "Reconciled Cost Of Revenue": 120749000.0,
        "EBITDA": 11526000.0,
        "EBIT": -898000.0,
        "Net Interest Income": -1025000.0,
        "Interest Expense": NaN,
        "Normalized Income": 413000.0,
        "Net Income From Continuing And Discontinued Operation": 413000.0,
        "Total Expenses": 194781000.0,
        "Total Operating Income As Reported": -898000.0,
        "Diluted Average Shares": 28615520.0,
        "Basic Average Shares": 27374367.0,
        "Diluted EPS": 0.02,
        "Basic EPS": 0.02,
        "Diluted NI Availto Com Stockholders": 413000.0,
        "Average Dilution Earnings": NaN,
        "Net Income Common Stockholders": 413000.0,
        "Net Income": 413000.0,
        "Net Income Including Noncontrolling Interests": 413000.0,
        "Net Income Continuous Operations": 413000.0,
        "Tax Provision": -734000.0,
        "Pretax Income": -321000.0,
        "Other Income Expense": 1602000.0,
        "Other Non Operating Income Expenses": 1602000.0,
        "Special Income Charges": 0.0,
        "Other Special Charges": NaN,
        "Net Non Operating Interest Income Expense": -1025000.0,
        "Total Other Finance Cost": 1025000.0,
        "Interest Expense Non Operating": NaN,
        "Operating Income": -898000.0,
        "Operating Expense": 74032000.0,
        "Research And Development": 30171000.0,
        "Selling General And Administration": 43861000.0,
        "Selling And Marketing Expense": 26285000.0,
        "General And Administrative Expense": 17576000.0,
        "Other Gand A": 17576000.0,
        "Gross Profit": 73134000.0,
        "Cost Of Revenue": 120749000.0,
        "Total Revenue": 193883000.0,
        "Operating Revenue": 193883000.0
    },
    "2024-12-31": {
        "Tax Effect Of Unusual Items": 0.0,
        "Tax Rate For Calcs": 0.398221,
        "Normalized EBITDA": 22400000.0,
        "Total Unusual Items": 0.0,
        "Total Unusual Items Excluding Goodwill": 0.0,
        "Net Income From Continuing Operation Net Minority Interest": -1759000.0,
        "Reconciled Depreciation": 12104000.0,
        "Reconciled Cost Of Revenue": 133458000.0,
        "EBITDA": 22400000.0,
        "EBIT": 10296000.0,
        "Net Interest Income": -771000.0,
        "Interest Expense": NaN,
        "Normalized Income": -1759000.0,
        "Net Income From Continuing And Discontinued Operation": -1759000.0,
        "Total Expenses": 212640000.0,
        "Total Operating Income As Reported": -2671000.0,
        "Diluted Average Shares": 27882092.0,
        "Basic Average Shares": 27882092.0,
        "Diluted EPS": -0.06,
        "Basic EPS": -0.06,
        "Diluted NI Availto Com Stockholders": -1759000.0,
        "Average Dilution Earnings": NaN,
        "Net Income Common Stockholders": -1759000.0,
        "Net Income": -1759000.0,
        "Net Income Including Noncontrolling Interests": -1759000.0,
        "Net Income Continuous Operations": -1759000.0,
        "Tax Provision": -1164000.0,
        "Pretax Income": -2923000.0,
        "Other Income Expense": 519000.0,
        "Other Non Operating Income Expenses": 519000.0,
        "Special Income Charges": 0.0,
        "Other Special Charges": 0.0,
        "Net Non Operating Interest Income Expense": -771000.0,
        "Total Other Finance Cost": NaN,
        "Interest Expense Non Operating": NaN,
        "Operating Income": -2671000.0,
        "Operating Expense": 79182000.0,
        "Research And Development": 31412000.0,
        "Selling General And Administration": 47770000.0,
        "Selling And Marketing Expense": 28208000.0,
        "General And Administrative Expense": 19562000.0,
        "Other Gand A": 19562000.0,
        "Gross Profit": 76511000.0,
        "Cost Of Revenue": 133458000.0,
        "Total Revenue": 209969000.0,
        "Operating Revenue": 209969000.0
    },
    "2025-03-31": {
        "Tax Effect Of Unusual Items": 19476.0,
        "Tax Rate For Calcs": 0.018,
        "Normalized EBITDA": 6734000.0,
        "Total Unusual Items": 1082000.0,
        "Total Unusual Items Excluding Goodwill": 1082000.0,
        "Net Income From Continuing Operation Net Minority Interest": -3740000.0,
        "Reconciled Depreciation": 12503000.0,
        "Reconciled Cost Of Revenue": 102729000.0,
        "EBITDA": 7816000.0,
        "EBIT": -4687000.0,
        "Net Interest Income": -488000.0,
        "Interest Expense": NaN,
        "Normalized Income": -4802524.0,
        "Net Income From Continuing And Discontinued Operation": -3740000.0,
        "Total Expenses": 178928000.0,
        "Total Operating Income As Reported": -4687000.0,
        "Diluted Average Shares": 28982432.0,
        "Basic Average Shares": 28982432.0,
        "Diluted EPS": -0.13,
        "Basic EPS": -0.13,
        "Diluted NI Availto Com Stockholders": -3740000.0,
        "Average Dilution Earnings": NaN,
        "Net Income Common Stockholders": -3740000.0,
        "Net Income": -3740000.0,
        "Net Income Including Noncontrolling Interests": -3740000.0,
        "Net Income Continuous Operations": -3740000.0,
        "Tax Provision": -70000.0,
        "Pretax Income": -3810000.0,
        "Other Income Expense": 1365000.0,
        "Other Non Operating Income Expenses": 283000.0,
        "Special Income Charges": 1082000.0,
        "Other Special Charges": -1082000.0,
        "Net Non Operating Interest Income Expense": -488000.0,
        "Total Other Finance Cost": 488000.0,
        "Interest Expense Non Operating": NaN,
        "Operating Income": -4687000.0,
        "Operating Expense": 76199000.0,
        "Research And Development": 30632000.0,
        "Selling General And Administration": 45567000.0,
        "Selling And Marketing Expense": 26456000.0,
        "General And Administrative Expense": 19111000.0,
        "Other Gand A": 19111000.0,
        "Gross Profit": 71512000.0,
        "Cost Of Revenue": 102729000.0,
        "Total Revenue": 174241000.0,
        "Operating Revenue": 174241000.0
    },
    "2025-06-30": {
        "Tax Effect Of Unusual Items": 0.0,
        "Tax Rate For Calcs": 0.21,
        "Normalized EBITDA": 9067000.0,
        "Total Unusual Items": 0.0,
        "Total Unusual Items Excluding Goodwill": 0.0,
        "Net Income From Continuing Operation Net Minority Interest": -4931000.0,
        "Reconciled Depreciation": 13315000.0,
        "Reconciled Cost Of Revenue": 108349000.0,
        "EBITDA": 9067000.0,
        "EBIT": -4248000.0,
        "Net Interest Income": -547000.0,
        "Interest Expense": 547000.0,
        "Normalized Income": -4931000.0,
        "Net Income From Continuing And Discontinued Operation": -4931000.0,
        "Total Expenses": 183761000.0,
        "Total Operating Income As Reported": -3748000.0,
        "Diluted Average Shares": 29889020.0,
        "Basic Average Shares": 29889020.0,
        "Diluted EPS": -0.16,
        "Basic EPS": -0.16,
        "Diluted NI Availto Com Stockholders": -4931000.0,
        "Average Dilution Earnings": 0.0,
        "Net Income Common Stockholders": -4931000.0,
        "Net Income": -4931000.0,
        "Net Income Including Noncontrolling Interests": -4931000.0,
        "Net Income Continuous Operations": -4931000.0,
        "Tax Provision": 136000.0,
        "Pretax Income": -4795000.0,
        "Other Income Expense": -500000.0,
        "Other Non Operating Income Expenses": -500000.0,
        "Special Income Charges": 0.0,
        "Other Special Charges": NaN,
        "Net Non Operating Interest Income Expense": -547000.0,
        "Total Other Finance Cost": NaN,
        "Interest Expense Non Operating": 547000.0,
        "Operating Income": -3748000.0,
        "Operating Expense": 75412000.0,
        "Research And Development": 31749000.0,
        "Selling General And Administration": 43663000.0,
        "Selling And Marketing Expense": 24818000.0,
        "General And Administrative Expense": 18845000.0,
        "Other Gand A": 18845000.0,
        "Gross Profit": 71664000.0,
        "Cost Of Revenue": 108349000.0,
        "Total Revenue": 180013000.0,
        "Operating Revenue": 180013000.0
    },
    "2025-09-30": {
        "Tax Effect Of Unusual Items": 0.0,
        "Tax Rate For Calcs": 0.21,
        "Normalized EBITDA": 10816000.0,
        "Total Unusual Items": 0.0,
        "Total Unusual Items Excluding Goodwill": 0.0,
        "Net Income From Continuing Operation Net Minority Interest": -1241000.0,
        "Reconciled Depreciation": 13840000.0,
        "Reconciled Cost Of Revenue": 118097000.0,
        "EBITDA": 10816000.0,
        "EBIT": -3024000.0,
        "Net Interest Income": -498000.0,
        "Interest Expense": 498000.0,
        "Normalized Income": -1241000.0,
        "Net Income From Continuing And Discontinued Operation": -1241000.0,
        "Total Expenses": 193903000.0,
        "Total Operating Income As Reported": -2008000.0,
        "Diluted Average Shares": 30278516.0,
        "Basic Average Shares": 30278516.0,
        "Diluted EPS": -0.04,
        "Basic EPS": -0.04,
        "Diluted NI Availto Com Stockholders": -1241000.0,
        "Average Dilution Earnings": NaN,
        "Net Income Common Stockholders": -1241000.0,
        "Net Income": -1241000.0,
        "Net Income Including Noncontrolling Interests": -1241000.0,
        "Net Income Continuous Operations": -1241000.0,
        "Tax Provision": -2281000.0,
        "Pretax Income": -3522000.0,
        "Other Income Expense": -1016000.0,
        "Other Non Operating Income Expenses": -1016000.0,
        "Special Income Charges": 0.0,
        "Other Special Charges": NaN,
        "Net Non Operating Interest Income Expense": -498000.0,
        "Total Other Finance Cost": NaN,
        "Interest Expense Non Operating": 498000.0,
        "Operating Income": -2008000.0,
        "Operating Expense": 75806000.0,
        "Research And Development": 33008000.0,
        "Selling General And Administration": 42798000.0,
        "Selling And Marketing Expense": 24702000.0,
        "General And Administrative Expense": 18096000.0,
        "Other Gand A": 18096000.0,
        "Gross Profit": 73798000.0,
        "Cost Of Revenue": 118097000.0,
        "Total Revenue": 191895000.0,
        "Operating Revenue": 191895000.0
    }
}