{
    "2023-06-30": {
        "Tax Effect Of Unusual Items": 67410.0,
        "Tax Rate For Calcs": 0.214,
        "Total Unusual Items": 315000.0,
        "Total Unusual Items Excluding Goodwill": 315000.0,
        "Net Income From Continuing Operation Net Minority Interest": 55010000.0,
        "Reconciled Depreciation": 5649000.0,
        "Net Interest Income": 105926000.0,
        "Interest Expense": 44892000.0,
        "Interest Income": 150818000.0,
        "Normalized Income": 54762410.0,
        "Net Income From Continuing And Discontinued Operation": 55010000.0,
        "Diluted Average Shares": 33467254.0,
        "Basic Average Shares": 32920497.0,
        "Diluted EPS": 1.64,
        "Basic EPS": 1.67,
        "Diluted NI Availto Com Stockholders": 55010000.0,
        "Net Income Common Stockholders": 55010000.0,
        "Net Income": 55010000.0,
        "Net Income Including Noncontrolling Interests": 55010000.0,
        "Net Income Continuous Operations": 55010000.0,
        "Tax Provision": 14956000.0,
        "Pretax Income": 69966000.0,
        "Gain On Sale Of Security": 110000.0,
        "Depreciation Amortization Depletion Income Statement": 5649000.0,
        "Depreciation And Amortization In Income Statement": 5649000.0,
        "Amortization": 880000.0,
        "Amortization Of Intangibles Income Statement": 880000.0,
        "Depreciation Income Statement": 4769000.0,
        "Selling General And Administration": 53166000.0,
        "Selling And Marketing Expense": 1900000.0,
        "General And Administrative Expense": 51266000.0,
        "Insurance And Claims": 1463000.0,
        "Salaries And Wages": 49803000.0,
        "Total Revenue": 153900000.0,
        "Operating Revenue": 153900000.0,
        "Occupancy And Equipment": 5118000.0,
        "Other Non Interest Expense": 17177000.0
    },
    "2023-03-31": {
        "Tax Effect Of Unusual Items": 108254.0,
        "Tax Rate For Calcs": 0.226,
        "Total Unusual Items": 479000.0,
        "Total Unusual Items Excluding Goodwill": 479000.0,
        "Net Income From Continuing Operation Net Minority Interest": 57533000.0,
        "Reconciled Depreciation": 5523000.0,
        "Net Interest Income": 109156000.0,
        "Interest Expense": 36290000.0,
        "Interest Income": 145446000.0,
        "Normalized Income": 57162254.0,
        "Net Income From Continuing And Discontinued Operation": 57533000.0,
        "Diluted Average Shares": 33462379.0,
        "Basic Average Shares": 32892857.0,
        "Diluted EPS": 1.72,
        "Basic EPS": 1.75,
        "Diluted NI Availto Com Stockholders": 57533000.0,
        "Net Income Common Stockholders": 57533000.0,
        "Net Income": 57533000.0,
        "Net Income Including Noncontrolling Interests": 57533000.0,
        "Net Income Continuous Operations": 57533000.0,
        "Tax Provision": 16812000.0,
        "Pretax Income": 74345000.0,
        "Gain On Sale Of Security": -213000.0,
        "Depreciation Amortization Depletion Income Statement": 5523000.0,
        "Depreciation And Amortization In Income Statement": 5523000.0,
        "Amortization": 880000.0,
        "Amortization Of Intangibles Income Statement": 880000.0,
        "Depreciation Income Statement": 4643000.0,
        "Selling General And Administration": 53392000.0,
        "Selling And Marketing Expense": 2527000.0,
        "General And Administrative Expense": 50865000.0,
        "Insurance And Claims": 1613000.0,
        "Salaries And Wages": 49252000.0,
        "Total Revenue": 156984000.0,
        "Operating Revenue": 156984000.0,
        "Occupancy And Equipment": 4983000.0,
        "Other Non Interest Expense": 16419000.0
    },
    "2022-12-31": {
        "Tax Effect Of Unusual Items": 43043.328248,
        "Tax Rate For Calcs": 0.185532,
        "Total Unusual Items": 232000.0,
        "Total Unusual Items Excluding Goodwill": 232000.0,
        "Net Income From Continuing Operation Net Minority Interest": 57126000.0,
        "Reconciled Depreciation": 5446000.0,
        "Net Interest Income": 110352000.0,
        "Interest Expense": 25441000.0,
        "Interest Income": 135793000.0,
        "Normalized Income": 56937043.328248,
        "Net Income From Continuing And Discontinued Operation": 57126000.0,
        "Diluted Average Shares": 33503937.0,
        "Basic Average Shares": 32868087.0,
        "Diluted EPS": 1.7,
        "Basic EPS": 1.74,
        "Diluted NI Availto Com Stockholders": 57126000.0,
        "Net Income Common Stockholders": 57126000.0,
        "Net Income": 57126000.0,
        "Net Income Including Noncontrolling Interests": 57126000.0,
        "Net Income Continuous Operations": 57126000.0,
        "Tax Provision": 13013000.0,
        "Pretax Income": 70139000.0,
        "Gain On Sale Of Security": 1116000.0,
        "Depreciation Amortization Depletion Income Statement": 5446000.0,
        "Depreciation And Amortization In Income Statement": 5446000.0,
        "Amortization": 880000.0,
        "Amortization Of Intangibles Income Statement": 880000.0,
        "Depreciation Income Statement": 4566000.0,
        "Selling General And Administration": 51693000.0,
        "Selling And Marketing Expense": 2465000.0,
        "General And Administrative Expense": 49228000.0,
        "Insurance And Claims": 1209000.0,
        "Salaries And Wages": 48019000.0,
        "Total Revenue": 158520000.0,
        "Operating Revenue": 158520000.0
    },
    "2022-09-30": {
        "Tax Effect Of Unusual Items": NaN,
        "Tax Rate For Calcs": NaN,
        "Total Unusual Items": NaN,
        "Total Unusual Items Excluding Goodwill": NaN,
        "Net Income From Continuing Operation Net Minority Interest": NaN,
        "Reconciled Depreciation": NaN,
        "Net Interest Income": NaN,
        "Interest Expense": NaN,
        "Interest Income": NaN,
        "Normalized Income": NaN,
        "Net Income From Continuing And Discontinued Operation": NaN,
        "Diluted Average Shares": NaN,
        "Basic Average Shares": NaN,
        "Diluted EPS": NaN,
        "Basic EPS": NaN,
        "Diluted NI Availto Com Stockholders": NaN,
        "Net Income Common Stockholders": NaN,
        "Net Income": NaN,
        "Net Income Including Noncontrolling Interests": NaN,
        "Net Income Continuous Operations": NaN,
        "Tax Provision": NaN,
        "Pretax Income": NaN,
        "Gain On Sale Of Security": NaN,
        "Depreciation Amortization Depletion Income Statement": NaN,
        "Depreciation And Amortization In Income Statement": NaN,
        "Amortization": NaN,
        "Amortization Of Intangibles Income Statement": NaN,
        "Depreciation Income Statement": NaN,
        "Selling General And Administration": NaN,
        "Selling And Marketing Expense": NaN,
        "General And Administrative Expense": NaN,
        "Other Gand A": 1876000.0,
        "Insurance And Claims": NaN,
        "Salaries And Wages": NaN,
        "Total Revenue": NaN,
        "Operating Revenue": NaN
    },
    "2022-06-30": {
        "Tax Effect Of Unusual Items": 0.0,
        "Tax Rate For Calcs": 0.191,
        "Total Unusual Items": 118000.0,
        "Total Unusual Items Excluding Goodwill": 118000.0,
        "Net Income From Continuing Operation Net Minority Interest": 44707000.0,
        "Reconciled Depreciation": 5504000.0,
        "Net Interest Income": 86867000.0,
        "Interest Expense": 4629000.0,
        "Interest Income": 86867000.0,
        "Normalized Income": 44707000.0,
        "Net Income From Continuing And Discontinued Operation": 44707000.0,
        "Diluted Average Shares": 33418482.0,
        "Basic Average Shares": 32749752.0,
        "Diluted EPS": 1.34,
        "Basic EPS": 1.36,
        "Diluted NI Availto Com Stockholders": 44707000.0,
        "Net Income Common Stockholders": 44707000.0,
        "Net Income": 44707000.0,
        "Net Income Including Noncontrolling Interests": 44707000.0,
        "Net Income Continuous Operations": 44707000.0,
        "Tax Provision": 10540000.0,
        "Pretax Income": 55247000.0,
        "Gain On Sale Of Security": 0.0,
        "Depreciation Amortization Depletion Income Statement": 5504000.0,
        "Depreciation And Amortization In Income Statement": 5504000.0,
        "Amortization": 857000.0,
        "Amortization Of Intangibles Income Statement": 857000.0,
        "Depreciation Income Statement": 4647000.0,
        "Selling General And Administration": 48071000.0,
        "Selling And Marketing Expense": 1591000.0,
        "General And Administrative Expense": 46480000.0,
        "Other Gand A": 1975000.0,
        "Insurance And Claims": 1196000.0,
        "Salaries And Wages": 45284000.0,
        "Total Revenue": 129465000.0,
        "Operating Revenue": 129465000.0
    },
    "2022-03-31": {
        "Diluted EPS": 1.08,
        "Total Revenue": 122,
        "Gross Profit": 119,
        "Operating Income": 44,
        "EBIT": NaN,
        "Net Income": 36
    },
    "2021-12-31": {
        "Diluted EPS": 1.15,
        "Total Revenue": 125,
        "Gross Profit": 122,
        "Operating Income": 45,
        "EBIT": NaN,
        "Net Income": 38
    },
    "2021-09-30": {
        "Diluted EPS": 1.16,
        "Total Revenue": 123,
        "Gross Profit": 120,
        "Operating Income": 48,
        "EBIT": NaN,
        "Net Income": 39
    },
    "2021-06-30": {
        "Diluted EPS": 1.45,
        "Total Revenue": 130,
        "Gross Profit": 127,
        "Operating Income": 63,
        "EBIT": NaN,
        "Net Income": 48
    },
    "2021-03-31": {
        "Diluted EPS": 1.27,
        "Total Revenue": 120,
        "Gross Profit": 117,
        "Operating Income": 52,
        "EBIT": NaN,
        "Net Income": 43
    },
    "2020-12-31": {
        "Diluted EPS": 1.06,
        "Total Revenue": 118,
        "Gross Profit": 115,
        "Operating Income": 44,
        "EBIT": NaN,
        "Net Income": 35
    },
    "2020-09-30": {
        "Diluted EPS": 0.63,
        "Total Revenue": 114,
        "Gross Profit": 110,
        "Operating Income": 26,
        "EBIT": NaN,
        "Net Income": 21
    },
    "2020-06-30": {
        "Diluted EPS": 0.63,
        "Total Revenue": 114,
        "Gross Profit": 109,
        "Operating Income": 25,
        "EBIT": NaN,
        "Net Income": 21
    },
    "2020-03-31": {
        "Diluted EPS": 0.68,
        "Total Revenue": 119,
        "Gross Profit": 109,
        "Operating Income": 28,
        "EBIT": NaN,
        "Net Income": 23
    },
    "2019-12-31": {
        "Diluted EPS": 1.07,
        "Total Revenue": 122,
        "Gross Profit": 109,
        "Operating Income": 42,
        "EBIT": NaN,
        "Net Income": 36
    },
    "2019-09-30": {
        "Diluted EPS": 1.0,
        "Total Revenue": 122,
        "Gross Profit": 108,
        "Operating Income": 43,
        "EBIT": NaN,
        "Net Income": 33
    },
    "2019-06-30": {
        "Diluted EPS": 1.02,
        "Total Revenue": 117,
        "Gross Profit": 103,
        "Operating Income": 44,
        "EBIT": NaN,
        "Net Income": 34
    },
    "2019-03-31": {
        "Diluted EPS": 0.96,
        "Total Revenue": 113,
        "Gross Profit": 99,
        "Operating Income": 41,
        "EBIT": NaN,
        "Net Income": 32
    },
    "2018-12-31": {
        "Diluted EPS": 0.98,
        "Total Revenue": 112,
        "Gross Profit": 99,
        "Operating Income": 41,
        "EBIT": NaN,
        "Net Income": 33
    },
    "2018-09-30": {
        "Diluted EPS": 0.98,
        "Total Revenue": 110,
        "Gross Profit": 98,
        "Operating Income": 42,
        "EBIT": NaN,
        "Net Income": 33
    },
    "2018-06-30": {
        "Diluted EPS": 0.91,
        "Total Revenue": 106,
        "Gross Profit": 95,
        "Operating Income": 40,
        "EBIT": NaN,
        "Net Income": 31
    },
    "2018-03-31": {
        "Diluted EPS": 0.89,
        "Total Revenue": 101,
        "Gross Profit": 93,
        "Operating Income": 37,
        "EBIT": NaN,
        "Net Income": 30
    },
    "2017-12-31": {
        "Diluted EPS": 0.59,
        "Total Revenue": 98,
        "Gross Profit": 92,
        "Operating Income": 37,
        "EBIT": NaN,
        "Net Income": 19
    },
    "2017-09-30": {
        "Diluted EPS": 0.67,
        "Total Revenue": 92,
        "Gross Profit": 86,
        "Operating Income": 33,
        "EBIT": NaN,
        "Net Income": 22
    },
    "2017-06-30": {
        "Diluted EPS": 0.71,
        "Total Revenue": 89,
        "Gross Profit": 84,
        "Operating Income": 34,
        "EBIT": NaN,
        "Net Income": 23
    },
    "2017-03-31": {
        "Diluted EPS": 0.68,
        "Total Revenue": 87,
        "Gross Profit": 83,
        "Operating Income": 33,
        "EBIT": NaN,
        "Net Income": 22
    },
    "2016-12-31": {
        "Diluted EPS": 0.58,
        "Total Revenue": 83,
        "Gross Profit": 79,
        "Operating Income": 29,
        "EBIT": NaN,
        "Net Income": 19
    },
    "2016-09-30": {
        "Diluted EPS": 0.57,
        "Total Revenue": 83,
        "Gross Profit": 79,
        "Operating Income": 27,
        "EBIT": NaN,
        "Net Income": 18
    },
    "2016-06-30": {
        "Diluted EPS": 0.55,
        "Total Revenue": 81,
        "Gross Profit": 77,
        "Operating Income": 26,
        "EBIT": NaN,
        "Net Income": 17
    },
    "2016-03-31": {
        "Diluted EPS": 0.53,
        "Total Revenue": 79,
        "Gross Profit": 76,
        "Operating Income": 25,
        "EBIT": NaN,
        "Net Income": 17
    },
    "2015-12-31": {
        "Diluted EPS": 0.5,
        "Total Revenue": 80,
        "Gross Profit": 77,
        "Operating Income": 24,
        "EBIT": NaN,
        "Net Income": 16
    },
    "2015-09-30": {
        "Diluted EPS": 0.49,
        "Total Revenue": 75,
        "Gross Profit": 72,
        "Operating Income": 24,
        "EBIT": NaN,
        "Net Income": 16
    },
    "2015-06-30": {
        "Diluted EPS": 0.59,
        "Total Revenue": 78,
        "Gross Profit": 75,
        "Operating Income": 28,
        "EBIT": NaN,
        "Net Income": 19
    },
    "2015-03-31": {
        "Diluted EPS": 0.52,
        "Total Revenue": 74,
        "Gross Profit": 71,
        "Operating Income": 25,
        "EBIT": NaN,
        "Net Income": 16
    },
    "2014-12-31": {
        "Diluted EPS": 0.5,
        "Total Revenue": 75,
        "Gross Profit": 72,
        "Operating Income": 23,
        "EBIT": NaN,
        "Net Income": 16
    },
    "2014-09-30": {
        "Diluted EPS": 0.6,
        "Total Revenue": 75,
        "Gross Profit": 71,
        "Operating Income": 28,
        "EBIT": NaN,
        "Net Income": 19
    },
    "2014-06-30": {
        "Diluted EPS": 0.46,
        "Total Revenue": 72,
        "Gross Profit": 69,
        "Operating Income": 20,
        "EBIT": NaN,
        "Net Income": 15
    },
    "2014-03-31": {
        "Diluted EPS": 0.47,
        "Total Revenue": 69,
        "Gross Profit": 66,
        "Operating Income": 21,
        "EBIT": NaN,
        "Net Income": 15
    },
    "2013-12-31": {
        "Diluted EPS": 0.44,
        "Total Revenue": 67,
        "Gross Profit": 64,
        "Operating Income": 20,
        "EBIT": NaN,
        "Net Income": 14
    },
    "2013-09-30": {
        "Diluted EPS": 0.47,
        "Total Revenue": 68,
        "Gross Profit": 64,
        "Operating Income": 21,
        "EBIT": NaN,
        "Net Income": 14
    },
    "2013-06-30": {
        "Diluted EPS": 0.41,
        "Total Revenue": 66,
        "Gross Profit": 62,
        "Operating Income": 19,
        "EBIT": NaN,
        "Net Income": 13
    },
    "2013-03-31": {
        "Diluted EPS": 0.43,
        "Total Revenue": 66,
        "Gross Profit": 63,
        "Operating Income": 21,
        "EBIT": NaN,
        "Net Income": 13
    },
    "2012-12-31": {
        "Diluted EPS": 0.4,
        "Total Revenue": 68,
        "Gross Profit": 64,
        "Operating Income": 18,
        "EBIT": NaN,
        "Net Income": 12
    },
    "2012-09-30": {
        "Diluted EPS": 0.45,
        "Total Revenue": 67,
        "Gross Profit": 63,
        "Operating Income": 20,
        "EBIT": NaN,
        "Net Income": 14
    },
    "2012-06-30": {
        "Diluted EPS": 0.38,
        "Total Revenue": 66,
        "Gross Profit": 61,
        "Operating Income": 18,
        "EBIT": NaN,
        "Net Income": 12
    },
    "2012-03-31": {
        "Diluted EPS": 0.46,
        "Total Revenue": 69,
        "Gross Profit": 64,
        "Operating Income": 22,
        "EBIT": NaN,
        "Net Income": 14
    },
    "2011-12-31": {
        "Diluted EPS": 0.38,
        "Total Revenue": 66,
        "Gross Profit": 61,
        "Operating Income": 19,
        "EBIT": NaN,
        "Net Income": 12
    },
    "2011-09-30": {
        "Diluted EPS": 0.41,
        "Total Revenue": 66,
        "Gross Profit": 60,
        "Operating Income": 18,
        "EBIT": NaN,
        "Net Income": 13
    },
    "2011-06-30": {
        "Diluted EPS": 0.33,
        "Total Revenue": 64,
        "Gross Profit": 58,
        "Operating Income": 16,
        "EBIT": NaN,
        "Net Income": 10
    },
    "2011-03-31": {
        "Diluted EPS": 0.36,
        "Total Revenue": 62,
        "Gross Profit": 55,
        "Operating Income": 18,
        "EBIT": NaN,
        "Net Income": 11
    },
    "2010-12-31": {
        "Diluted EPS": 0.32,
        "Total Revenue": 63,
        "Gross Profit": 56,
        "Operating Income": 16,
        "EBIT": NaN,
        "Net Income": 10
    },
    "2010-09-30": {
        "Diluted EPS": 0.38,
        "Total Revenue": 61,
        "Gross Profit": 54,
        "Operating Income": 18,
        "EBIT": NaN,
        "Net Income": 12
    },
    "2010-06-30": {
        "Diluted EPS": 0.36,
        "Total Revenue": 60,
        "Gross Profit": 53,
        "Operating Income": 17,
        "EBIT": NaN,
        "Net Income": 11
    },
    "2010-03-31": {
        "Diluted EPS": 0.3,
        "Total Revenue": 57,
        "Gross Profit": 50,
        "Operating Income": 14,
        "EBIT": NaN,
        "Net Income": 9
    },
    "2009-12-31": {
        "Diluted EPS": 0.32,
        "Total Revenue": 59,
        "Gross Profit": 50,
        "Operating Income": 15,
        "EBIT": NaN,
        "Net Income": 10
    },
    "2009-09-30": {
        "Diluted EPS": 0.3,
        "Total Revenue": 59,
        "Gross Profit": 50,
        "Operating Income": 14,
        "EBIT": NaN,
        "Net Income": 9
    },
    "2009-06-30": {
        "Diluted EPS": 0.2,
        "Total Revenue": 60,
        "Gross Profit": 50,
        "Operating Income": 10,
        "EBIT": NaN,
        "Net Income": 6
    },
    "2009-03-31": {
        "Diluted EPS": 0.23,
        "Total Revenue": 59,
        "Gross Profit": 48,
        "Operating Income": 10,
        "EBIT": NaN,
        "Net Income": 7
    },
    "2023-09-30": {
        "Tax Effect Of Unusual Items": 101152.0,
        "Tax Rate For Calcs": 0.218,
        "Total Unusual Items": 464000.0,
        "Total Unusual Items Excluding Goodwill": 464000.0,
        "Net Income From Continuing Operation Net Minority Interest": 50988000.0,
        "Reconciled Depreciation": 5570000.0,
        "Net Interest Income": 104308000.0,
        "Interest Expense": 55917000.0,
        "Interest Income": 160225000.0,
        "Normalized Income": 50625152.0,
        "Net Income From Continuing And Discontinued Operation": 50988000.0,
        "Diluted Average Shares": NaN,
        "Basic Average Shares": NaN,
        "Diluted EPS": NaN,
        "Basic EPS": NaN,
        "Diluted NI Availto Com Stockholders": 50988000.0,
        "Net Income Common Stockholders": 50988000.0,
        "Net Income": 50988000.0,
        "Net Income Including Noncontrolling Interests": 50988000.0,
        "Net Income Continuous Operations": 50988000.0,
        "Tax Provision": 14242000.0,
        "Pretax Income": 65230000.0,
        "Gain On Sale Of Security": -361000.0,
        "Depreciation Amortization Depletion Income Statement": 5570000.0,
        "Depreciation And Amortization In Income Statement": 5570000.0,
        "Amortization": 885000.0,
        "Amortization Of Intangibles Income Statement": 885000.0,
        "Depreciation Income Statement": 4685000.0,
        "Selling General And Administration": 53653000.0,
        "Selling And Marketing Expense": 2034000.0,
        "General And Administrative Expense": 51619000.0,
        "Insurance And Claims": 1419000.0,
        "Salaries And Wages": 50200000.0,
        "Total Revenue": 148757000.0,
        "Operating Revenue": 148757000.0,
        "Occupancy And Equipment": 5487000.0,
        "Other Non Interest Expense": 16505000.0
    },
    "2023-12-31": {
        "Tax Effect Of Unusual Items": 65525.27025,
        "Tax Rate For Calcs": 0.189928,
        "Total Unusual Items": 345000.0,
        "Total Unusual Items Excluding Goodwill": 345000.0,
        "Net Income From Continuing Operation Net Minority Interest": 48934000.0,
        "Reconciled Depreciation": 5447000.0,
        "Net Interest Income": 105066000.0,
        "Interest Expense": 62381000.0,
        "Interest Income": 167447000.0,
        "Normalized Income": 48654525.27025,
        "Net Income From Continuing And Discontinued Operation": 48934000.0,
        "Diluted Average Shares": 33483691.0,
        "Basic Average Shares": 32926326.0,
        "Diluted EPS": 1.46,
        "Basic EPS": 1.48,
        "Diluted NI Availto Com Stockholders": 48934000.0,
        "Net Income Common Stockholders": 48934000.0,
        "Net Income": 48934000.0,
        "Net Income Including Noncontrolling Interests": 48934000.0,
        "Net Income Continuous Operations": 48934000.0,
        "Tax Provision": 11473000.0,
        "Pretax Income": 60407000.0,
        "Gain On Sale Of Security": -1364000.0,
        "Depreciation Amortization Depletion Income Statement": 5447000.0,
        "Depreciation And Amortization In Income Statement": 5447000.0,
        "Amortization": 887000.0,
        "Amortization Of Intangibles Income Statement": 887000.0,
        "Depreciation Income Statement": 4560000.0,
        "Selling General And Administration": 54716000.0,
        "Selling And Marketing Expense": 2653000.0,
        "General And Administrative Expense": 52063000.0,
        "Insurance And Claims": 1332000.0,
        "Salaries And Wages": 50731000.0,
        "Total Revenue": 150223000.0,
        "Operating Revenue": 150223000.0,
        "Occupancy And Equipment": 5439000.0,
        "Other Non Interest Expense": 24214000.0
    },
    "2024-03-31": {
        "Tax Effect Of Unusual Items": -12750.10123,
        "Tax Rate For Calcs": 0.216103,
        "Total Unusual Items": -59000.0,
        "Total Unusual Items Excluding Goodwill": -59000.0,
        "Net Income From Continuing Operation Net Minority Interest": 50334000.0,
        "Reconciled Depreciation": 5442000.0,
        "Net Interest Income": 106104000.0,
        "Interest Expense": 65539000.0,
        "Interest Income": 171643000.0,
        "Normalized Income": 50380249.89877,
        "Net Income From Continuing And Discontinued Operation": 50334000.0,
        "Diluted Average Shares": 33513412.0,
        "Basic Average Shares": 32947983.0,
        "Diluted EPS": 1.5,
        "Basic EPS": 1.53,
        "Diluted NI Availto Com Stockholders": 50334000.0,
        "Net Income Common Stockholders": 50334000.0,
        "Net Income": 50334000.0,
        "Net Income Including Noncontrolling Interests": 50334000.0,
        "Net Income Continuous Operations": 50334000.0,
        "Tax Provision": 13876000.0,
        "Pretax Income": 64210000.0,
        "Gain On Sale Of Security": -267000.0,
        "Depreciation Amortization Depletion Income Statement": 5442000.0,
        "Depreciation And Amortization In Income Statement": 5442000.0,
        "Amortization": 886000.0,
        "Amortization Of Intangibles Income Statement": 886000.0,
        "Depreciation Income Statement": 4556000.0,
        "Selling General And Administration": 55222000.0,
        "Selling And Marketing Expense": 2256000.0,
        "General And Administrative Expense": 52966000.0,
        "Insurance And Claims": 1438000.0,
        "Salaries And Wages": 51528000.0,
        "Total Revenue": 151004000.0,
        "Operating Revenue": 151004000.0,
        "Occupancy And Equipment": 5206000.0,
        "Other Non Interest Expense": 16909000.0
    },
    "2024-06-30": {
        "Tax Effect Of Unusual Items": 12265.0,
        "Tax Rate For Calcs": 0.223,
        "Total Unusual Items": 55000.0,
        "Total Unusual Items Excluding Goodwill": 55000.0,
        "Net Income From Continuing Operation Net Minority Interest": 50641000.0,
        "Reconciled Depreciation": 5391000.0,
        "Net Interest Income": 109896000.0,
        "Interest Expense": 68569000.0,
        "Interest Income": 178465000.0,
        "Normalized Income": 50598265.0,
        "Net Income From Continuing And Discontinued Operation": 50641000.0,
        "Diluted Average Shares": NaN,
        "Basic Average Shares": NaN,
        "Diluted EPS": NaN,
        "Basic EPS": NaN,
        "Diluted NI Availto Com Stockholders": 50641000.0,
        "Net Income Common Stockholders": 50641000.0,
        "Net Income": 50641000.0,
        "Net Income Including Noncontrolling Interests": 50641000.0,
        "Net Income Continuous Operations": 50641000.0,
        "Tax Provision": 14525000.0,
        "Pretax Income": 65166000.0,
        "Gain On Sale Of Security": 317000.0,
        "Depreciation Amortization Depletion Income Statement": 5391000.0,
        "Depreciation And Amortization In Income Statement": 5391000.0,
        "Amortization": 887000.0,
        "Amortization Of Intangibles Income Statement": 887000.0,
        "Depreciation Income Statement": 4504000.0,
        "Selling General And Administration": 55788000.0,
        "Selling And Marketing Expense": 2246000.0,
        "General And Administrative Expense": 53542000.0,
        "Insurance And Claims": 1614000.0,
        "Salaries And Wages": 51928000.0,
        "Total Revenue": 153840000.0,
        "Operating Revenue": 153840000.0,
        "Occupancy And Equipment": 5233000.0,
        "Other Non Interest Expense": 18904000.0
    },
    "2024-09-30": {
        "Tax Effect Of Unusual Items": -12789.0,
        "Tax Rate For Calcs": 0.203,
        "Total Unusual Items": -63000.0,
        "Total Unusual Items Excluding Goodwill": -63000.0,
        "Net Income From Continuing Operation Net Minority Interest": 58903000.0,
        "Reconciled Depreciation": 5368000.0,
        "Net Interest Income": 114957000.0,
        "Interest Expense": 72693000.0,
        "Interest Income": 187650000.0,
        "Normalized Income": 58953211.0,
        "Net Income From Continuing And Discontinued Operation": 58903000.0,
        "Diluted Average Shares": 33646549.0,
        "Basic Average Shares": 33097164.0,
        "Diluted EPS": 1.75,
        "Basic EPS": 1.78,
        "Diluted NI Availto Com Stockholders": 58903000.0,
        "Net Income Common Stockholders": 58903000.0,
        "Net Income": 58903000.0,
        "Net Income Including Noncontrolling Interests": 58903000.0,
        "Net Income Continuous Operations": 58903000.0,
        "Tax Provision": 15001000.0,
        "Pretax Income": 73904000.0,
        "Gain On Sale Of Security": -308000.0,
        "Depreciation Amortization Depletion Income Statement": 5368000.0,
        "Depreciation And Amortization In Income Statement": 5368000.0,
        "Amortization": 886000.0,
        "Amortization Of Intangibles Income Statement": 886000.0,
        "Depreciation Income Statement": 4482000.0,
        "Selling General And Administration": 58028000.0,
        "Selling And Marketing Expense": 2168000.0,
        "General And Administrative Expense": 55860000.0,
        "Insurance And Claims": 1645000.0,
        "Salaries And Wages": 54215000.0,
        "Total Revenue": 163669000.0,
        "Operating Revenue": 163669000.0,
        "Occupancy And Equipment": 5776000.0,
        "Other Non Interest Expense": 17562000.0
    },
    "2024-12-31": {
        "Tax Effect Of Unusual Items": 11859.210289,
        "Tax Rate For Calcs": 0.215622,
        "Total Unusual Items": 55000.0,
        "Total Unusual Items Excluding Goodwill": 55000.0,
        "Net Income From Continuing Operation Net Minority Interest": 56476000.0,
        "Reconciled Depreciation": 5480000.0,
        "Net Interest Income": 115917000.0,
        "Interest Expense": 70464000.0,
        "Interest Income": 186381000.0,
        "Normalized Income": 56432859.210289,
        "Net Income From Continuing And Discontinued Operation": 56476000.0,
        "Diluted Average Shares": 33750993.0,
        "Basic Average Shares": 33172530.0,
        "Diluted EPS": 1.68,
        "Basic EPS": 1.71,
        "Diluted NI Availto Com Stockholders": 56476000.0,
        "Net Income Common Stockholders": 56476000.0,
        "Net Income": 56476000.0,
        "Net Income Including Noncontrolling Interests": 56476000.0,
        "Net Income Continuous Operations": 56476000.0,
        "Tax Provision": 15525000.0,
        "Pretax Income": 72001000.0,
        "Gain On Sale Of Security": 355000.0,
        "Depreciation Amortization Depletion Income Statement": 5480000.0,
        "Depreciation And Amortization In Income Statement": 5480000.0,
        "Amortization": 887000.0,
        "Amortization Of Intangibles Income Statement": 887000.0,
        "Depreciation Income Statement": 4593000.0,
        "Selling General And Administration": 58699000.0,
        "Selling And Marketing Expense": 2719000.0,
        "General And Administrative Expense": 55980000.0,
        "Insurance And Claims": 1653000.0,
        "Salaries And Wages": 54327000.0,
        "Total Revenue": 162936000.0,
        "Operating Revenue": 162936000.0,
        "Occupancy And Equipment": 5977000.0,
        "Other Non Interest Expense": 22179000.0
    },
    "2025-03-31": {
        "Tax Effect Of Unusual Items": 33338.0,
        "Tax Rate For Calcs": 0.211,
        "Total Unusual Items": 158000.0,
        "Total Unusual Items Excluding Goodwill": 158000.0,
        "Net Income From Continuing Operation Net Minority Interest": 56112000.0,
        "Reconciled Depreciation": 5694000.0,
        "Net Interest Income": 115949000.0,
        "Interest Expense": 66527000.0,
        "Interest Income": 182476000.0,
        "Normalized Income": 55987338.0,
        "Net Income From Continuing And Discontinued Operation": 56112000.0,
        "Diluted Average Shares": 33667023.0,
        "Basic Average Shares": 33130938.0,
        "Diluted EPS": 1.67,
        "Basic EPS": 1.69,
        "Diluted NI Availto Com Stockholders": 56112000.0,
        "Net Income Common Stockholders": 56112000.0,
        "Net Income": 56112000.0,
        "Net Income Including Noncontrolling Interests": 56112000.0,
        "Net Income Continuous Operations": 56112000.0,
        "Tax Provision": 14966000.0,
        "Pretax Income": 71078000.0,
        "Gain On Sale Of Security": -333000.0,
        "Depreciation Amortization Depletion Income Statement": 5694000.0,
        "Depreciation And Amortization In Income Statement": 5694000.0,
        "Amortization": 886000.0,
        "Amortization Of Intangibles Income Statement": 886000.0,
        "Depreciation Income Statement": 4808000.0,
        "Selling General And Administration": 58779000.0,
        "Selling And Marketing Expense": 2461000.0,
        "General And Administrative Expense": 56318000.0,
        "Insurance And Claims": 1725000.0,
        "Salaries And Wages": 54593000.0,
        "Total Revenue": 164843000.0,
        "Operating Revenue": 164843000.0,
        "Occupancy And Equipment": 5753000.0,
        "Other Non Interest Expense": 21953000.0
    },
    "2025-06-30": {
        "Tax Effect Of Unusual Items": 183120.0,
        "Tax Rate For Calcs": 0.218,
        "Total Unusual Items": 840000.0,
        "Total Unusual Items Excluding Goodwill": 840000.0,
        "Net Income From Continuing Operation Net Minority Interest": 62347000.0,
        "Reconciled Depreciation": 5553000.0,
        "Net Interest Income": 121256000.0,
        "Interest Expense": 67171000.0,
        "Interest Income": 188427000.0,
        "Normalized Income": 61690120.0,
        "Net Income From Continuing And Discontinued Operation": 62347000.0,
        "Diluted Average Shares": 33795243.0,
        "Basic Average Shares": 33255015.0,
        "Diluted EPS": 1.85,
        "Basic EPS": 1.87,
        "Diluted NI Availto Com Stockholders": 62347000.0,
        "Net Income Common Stockholders": 62347000.0,
        "Net Income": 62347000.0,
        "Net Income Including Noncontrolling Interests": 62347000.0,
        "Net Income Continuous Operations": 62347000.0,
        "Tax Provision": 17371000.0,
        "Pretax Income": 79718000.0,
        "Gain On Sale Of Security": -740000.0,
        "Depreciation Amortization Depletion Income Statement": 5553000.0,
        "Depreciation And Amortization In Income Statement": 5553000.0,
        "Amortization": 862000.0,
        "Amortization Of Intangibles Income Statement": 862000.0,
        "Depreciation Income Statement": 4691000.0,
        "Selling General And Administration": 59147000.0,
        "Selling And Marketing Expense": 2325000.0,
        "General And Administrative Expense": 56822000.0,
        "Insurance And Claims": 1675000.0,
        "Salaries And Wages": 55147000.0,
        "Total Revenue": 169304000.0,
        "Operating Revenue": 169304000.0,
        "Occupancy And Equipment": 6037000.0,
        "Other Non Interest Expense": 17462000.0
    },
    "2025-09-30": {
        "Tax Effect Of Unusual Items": 11799.0,
        "Tax Rate For Calcs": 0.207,
        "Total Unusual Items": 57000.0,
        "Total Unusual Items Excluding Goodwill": 57000.0,
        "Net Income From Continuing Operation Net Minority Interest": 62654000.0,
        "Reconciled Depreciation": 5587000.0,
        "Net Interest Income": 125615000.0,
        "Interest Expense": 68778000.0,
        "Interest Income": 194393000.0,
        "Normalized Income": 62608799.0,
        "Net Income From Continuing And Discontinued Operation": 62654000.0,
        "Diluted Average Shares": 33864129.0,
        "Basic Average Shares": 33310290.0,
        "Diluted EPS": 1.85,
        "Basic EPS": 1.88,
        "Diluted NI Availto Com Stockholders": 62654000.0,
        "Net Income Common Stockholders": 62654000.0,
        "Net Income": 62654000.0,
        "Net Income Including Noncontrolling Interests": 62654000.0,
        "Net Income Continuous Operations": 62654000.0,
        "Tax Provision": 16317000.0,
        "Pretax Income": 78971000.0,
        "Gain On Sale Of Security": 492000.0,
        "Depreciation Amortization Depletion Income Statement": 5587000.0,
        "Depreciation And Amortization In Income Statement": 5587000.0,
        "Amortization": 862000.0,
        "Amortization Of Intangibles Income Statement": 862000.0,
        "Depreciation Income Statement": 4725000.0,
        "Selling General And Administration": 61543000.0,
        "Selling And Marketing Expense": 2126000.0,
        "General And Administrative Expense": 59417000.0,
        "Insurance And Claims": 1736000.0,
        "Salaries And Wages": 57681000.0,
        "Total Revenue": 175481000.0,
        "Operating Revenue": 175481000.0,
        "Occupancy And Equipment": 6434000.0,
        "Other Non Interest Expense": 18508000.0
    }
}