{
    "2023-06-30": {
        "Tax Effect Of Unusual Items": NaN,
        "Tax Rate For Calcs": NaN,
        "Total Unusual Items": 0.0,
        "Total Unusual Items Excluding Goodwill": 0.0,
        "Net Income From Continuing Operation Net Minority Interest": NaN,
        "Reconciled Depreciation": NaN,
        "Net Interest Income": NaN,
        "Interest Expense": NaN,
        "Interest Income": NaN,
        "Normalized Income": NaN,
        "Net Income From Continuing And Discontinued Operation": NaN,
        "Diluted Average Shares": NaN,
        "Basic Average Shares": NaN,
        "Diluted EPS": NaN,
        "Basic EPS": NaN,
        "Diluted NI Availto Com Stockholders": NaN,
        "Net Income Common Stockholders": NaN,
        "Net Income": NaN,
        "Net Income Including Noncontrolling Interests": NaN,
        "Net Income Continuous Operations": NaN,
        "Tax Provision": NaN,
        "Pretax Income": NaN,
        "Special Income Charges": 0.0,
        "Gain On Sale Of Business": 0.0,
        "Gain On Sale Of Security": NaN,
        "Depreciation Amortization Depletion Income Statement": NaN,
        "Depreciation And Amortization In Income Statement": NaN,
        "Amortization": NaN,
        "Amortization Of Intangibles Income Statement": NaN,
        "Selling General And Administration": NaN,
        "Selling And Marketing Expense": NaN,
        "General And Administrative Expense": NaN,
        "Insurance And Claims": NaN,
        "Salaries And Wages": NaN,
        "Total Revenue": NaN,
        "Operating Revenue": NaN,
        "Occupancy And Equipment": NaN,
        "Professional Expense And Contract Services Expense": NaN,
        "Other Non Interest Expense": NaN
    },
    "2023-03-31": {
        "Tax Effect Of Unusual Items": NaN,
        "Tax Rate For Calcs": NaN,
        "Total Unusual Items": 0.0,
        "Total Unusual Items Excluding Goodwill": 0.0,
        "Net Income From Continuing Operation Net Minority Interest": NaN,
        "Reconciled Depreciation": NaN,
        "Net Interest Income": NaN,
        "Interest Expense": NaN,
        "Interest Income": NaN,
        "Normalized Income": NaN,
        "Net Income From Continuing And Discontinued Operation": NaN,
        "Diluted Average Shares": NaN,
        "Basic Average Shares": NaN,
        "Diluted EPS": NaN,
        "Basic EPS": NaN,
        "Diluted NI Availto Com Stockholders": NaN,
        "Net Income Common Stockholders": NaN,
        "Net Income": NaN,
        "Net Income Including Noncontrolling Interests": NaN,
        "Net Income Continuous Operations": NaN,
        "Tax Provision": NaN,
        "Pretax Income": NaN,
        "Special Income Charges": 0.0,
        "Gain On Sale Of Business": NaN,
        "Gain On Sale Of Security": NaN,
        "Depreciation Amortization Depletion Income Statement": NaN,
        "Depreciation And Amortization In Income Statement": NaN,
        "Amortization": NaN,
        "Amortization Of Intangibles Income Statement": NaN,
        "Selling General And Administration": NaN,
        "Selling And Marketing Expense": NaN,
        "General And Administrative Expense": NaN,
        "Insurance And Claims": NaN,
        "Salaries And Wages": NaN,
        "Total Revenue": NaN,
        "Operating Revenue": NaN,
        "Occupancy And Equipment": NaN,
        "Professional Expense And Contract Services Expense": NaN,
        "Other Non Interest Expense": NaN
    },
    "2022-12-31": {
        "Tax Effect Of Unusual Items": NaN,
        "Tax Rate For Calcs": NaN,
        "Total Unusual Items": 0.0,
        "Total Unusual Items Excluding Goodwill": 0.0,
        "Net Income From Continuing Operation Net Minority Interest": NaN,
        "Reconciled Depreciation": NaN,
        "Net Interest Income": NaN,
        "Interest Expense": NaN,
        "Interest Income": NaN,
        "Normalized Income": NaN,
        "Net Income From Continuing And Discontinued Operation": NaN,
        "Diluted Average Shares": NaN,
        "Basic Average Shares": NaN,
        "Diluted EPS": NaN,
        "Basic EPS": NaN,
        "Diluted NI Availto Com Stockholders": NaN,
        "Net Income Common Stockholders": NaN,
        "Net Income": NaN,
        "Net Income Including Noncontrolling Interests": NaN,
        "Net Income Continuous Operations": NaN,
        "Tax Provision": NaN,
        "Pretax Income": NaN,
        "Special Income Charges": 0.0,
        "Gain On Sale Of Business": 0.0,
        "Restructuring And Mergern Acquisition": 0.0,
        "Gain On Sale Of Security": NaN,
        "Depreciation Amortization Depletion Income Statement": NaN,
        "Depreciation And Amortization In Income Statement": NaN,
        "Amortization": NaN,
        "Amortization Of Intangibles Income Statement": NaN,
        "Selling General And Administration": NaN,
        "Selling And Marketing Expense": NaN,
        "General And Administrative Expense": NaN,
        "Insurance And Claims": NaN,
        "Salaries And Wages": NaN,
        "Total Revenue": NaN,
        "Operating Revenue": NaN,
        "Occupancy And Equipment": NaN,
        "Professional Expense And Contract Services Expense": NaN,
        "Other Non Interest Expense": NaN
    },
    "2022-09-30": {
        "Tax Effect Of Unusual Items": NaN,
        "Tax Rate For Calcs": NaN,
        "Total Unusual Items": NaN,
        "Total Unusual Items Excluding Goodwill": NaN,
        "Net Income From Continuing Operation Net Minority Interest": NaN,
        "Reconciled Depreciation": NaN,
        "Net Interest Income": NaN,
        "Interest Expense": NaN,
        "Interest Income": NaN,
        "Normalized Income": NaN,
        "Net Income From Continuing And Discontinued Operation": NaN,
        "Diluted Average Shares": NaN,
        "Basic Average Shares": NaN,
        "Diluted EPS": NaN,
        "Basic EPS": NaN,
        "Diluted NI Availto Com Stockholders": NaN,
        "Net Income Common Stockholders": NaN,
        "Net Income": NaN,
        "Net Income Including Noncontrolling Interests": NaN,
        "Net Income Continuous Operations": NaN,
        "Tax Provision": NaN,
        "Pretax Income": NaN,
        "Special Income Charges": NaN,
        "Gain On Sale Of Business": 0.0,
        "Restructuring And Mergern Acquisition": 0.0,
        "Gain On Sale Of Security": NaN,
        "Depreciation Amortization Depletion Income Statement": NaN,
        "Depreciation And Amortization In Income Statement": NaN,
        "Amortization": NaN,
        "Amortization Of Intangibles Income Statement": NaN,
        "Selling General And Administration": NaN,
        "Selling And Marketing Expense": NaN,
        "General And Administrative Expense": NaN,
        "Other Gand A": 6803000.0,
        "Insurance And Claims": NaN,
        "Salaries And Wages": NaN,
        "Total Revenue": NaN,
        "Operating Revenue": NaN
    },
    "2022-06-30": {
        "Tax Effect Of Unusual Items": 1521780.0,
        "Tax Rate For Calcs": 0.195,
        "Total Unusual Items": 7804000.0,
        "Total Unusual Items Excluding Goodwill": 7804000.0,
        "Net Income From Continuing Operation Net Minority Interest": 47965000.0,
        "Reconciled Depreciation": 1425000.0,
        "Net Interest Income": 129011000.0,
        "Interest Expense": 3990000.0,
        "Interest Income": 133001000.0,
        "Normalized Income": 41682780.0,
        "Net Income From Continuing And Discontinued Operation": 47965000.0,
        "Diluted Average Shares": 34451740.0,
        "Basic Average Shares": 34307001.0,
        "Diluted EPS": 1.39,
        "Basic EPS": 1.4,
        "Diluted NI Availto Com Stockholders": 47965000.0,
        "Net Income Common Stockholders": 47965000.0,
        "Net Income": 47965000.0,
        "Net Income Including Noncontrolling Interests": 47965000.0,
        "Net Income Continuous Operations": 47965000.0,
        "Tax Provision": 11632000.0,
        "Pretax Income": 59597000.0,
        "Special Income Charges": 7804000.0,
        "Gain On Sale Of Business": 7804000.0,
        "Restructuring And Mergern Acquisition": 0.0,
        "Gain On Sale Of Security": 101000.0,
        "Depreciation Amortization Depletion Income Statement": 1425000.0,
        "Depreciation And Amortization In Income Statement": 1425000.0,
        "Amortization": 1425000.0,
        "Amortization Of Intangibles Income Statement": 1425000.0,
        "Selling General And Administration": 63094000.0,
        "Selling And Marketing Expense": 822000.0,
        "General And Administrative Expense": 62272000.0,
        "Other Gand A": 5997000.0,
        "Insurance And Claims": 1440000.0,
        "Salaries And Wages": 60832000.0,
        "Total Revenue": 149920000.0,
        "Operating Revenue": 149920000.0
    },
    "2022-03-31": {
        "Diluted EPS": 1.27,
        "Total Revenue": 142,
        "Gross Profit": 138,
        "Operating Income": 54,
        "EBIT": NaN,
        "Net Income": 44
    },
    "2021-12-31": {
        "Diluted EPS": 1.43,
        "Total Revenue": 151,
        "Gross Profit": 146,
        "Operating Income": 59,
        "EBIT": NaN,
        "Net Income": 50
    },
    "2021-09-30": {
        "Diluted EPS": 1.44,
        "Total Revenue": 161,
        "Gross Profit": 155,
        "Operating Income": 62,
        "EBIT": NaN,
        "Net Income": 50
    },
    "2021-06-30": {
        "Diluted EPS": 1.56,
        "Total Revenue": 156,
        "Gross Profit": 150,
        "Operating Income": 68,
        "EBIT": NaN,
        "Net Income": 54
    },
    "2021-03-31": {
        "Diluted EPS": 1.33,
        "Total Revenue": 149,
        "Gross Profit": 142,
        "Operating Income": 58,
        "EBIT": NaN,
        "Net Income": 47
    },
    "2020-12-31": {
        "Diluted EPS": 1.09,
        "Total Revenue": 153,
        "Gross Profit": 145,
        "Operating Income": 49,
        "EBIT": NaN,
        "Net Income": 39
    },
    "2020-09-30": {
        "Diluted EPS": 1.03,
        "Total Revenue": 158,
        "Gross Profit": 149,
        "Operating Income": 44,
        "EBIT": NaN,
        "Net Income": 37
    },
    "2020-06-30": {
        "Diluted EPS": 0.67,
        "Total Revenue": 156,
        "Gross Profit": 147,
        "Operating Income": 28,
        "EBIT": NaN,
        "Net Income": 24
    },
    "2020-03-31": {
        "Diluted EPS": 0.47,
        "Total Revenue": 151,
        "Gross Profit": 138,
        "Operating Income": 23,
        "EBIT": NaN,
        "Net Income": 17
    },
    "2019-12-31": {
        "Diluted EPS": 0.94,
        "Total Revenue": 154,
        "Gross Profit": 140,
        "Operating Income": 47,
        "EBIT": NaN,
        "Net Income": 34
    },
    "2019-09-30": {
        "Diluted EPS": 1.15,
        "Total Revenue": 152,
        "Gross Profit": 137,
        "Operating Income": 49,
        "EBIT": NaN,
        "Net Income": 40
    },
    "2019-06-30": {
        "Diluted EPS": 1.14,
        "Total Revenue": 154,
        "Gross Profit": 139,
        "Operating Income": 51,
        "EBIT": NaN,
        "Net Income": 40
    },
    "2019-03-31": {
        "Diluted EPS": 0.95,
        "Total Revenue": 148,
        "Gross Profit": 134,
        "Operating Income": 44,
        "EBIT": NaN,
        "Net Income": 33
    },
    "2018-12-31": {
        "Diluted EPS": 1.09,
        "Total Revenue": 150,
        "Gross Profit": 138,
        "Operating Income": 45,
        "EBIT": NaN,
        "Net Income": 38
    },
    "2018-09-30": {
        "Diluted EPS": 1.17,
        "Total Revenue": 138,
        "Gross Profit": 129,
        "Operating Income": 47,
        "EBIT": NaN,
        "Net Income": 38
    },
    "2018-06-30": {
        "Diluted EPS": 1.0,
        "Total Revenue": 134,
        "Gross Profit": 126,
        "Operating Income": 42,
        "EBIT": NaN,
        "Net Income": 32
    },
    "2018-03-31": {
        "Diluted EPS": 0.89,
        "Total Revenue": 126,
        "Gross Profit": 121,
        "Operating Income": 37,
        "EBIT": NaN,
        "Net Income": 29
    },
    "2017-12-31": {
        "Diluted EPS": -0.41,
        "Total Revenue": 131,
        "Gross Profit": 126,
        "Operating Income": 41,
        "EBIT": NaN,
        "Net Income": -14
    },
    "2017-09-30": {
        "Diluted EPS": 0.76,
        "Total Revenue": 123,
        "Gross Profit": 118,
        "Operating Income": 36,
        "EBIT": NaN,
        "Net Income": 25
    },
    "2017-06-30": {
        "Diluted EPS": 0.77,
        "Total Revenue": 125,
        "Gross Profit": 120,
        "Operating Income": 38,
        "EBIT": NaN,
        "Net Income": 25
    },
    "2017-03-31": {
        "Diluted EPS": 0.72,
        "Total Revenue": 118,
        "Gross Profit": 114,
        "Operating Income": 36,
        "EBIT": NaN,
        "Net Income": 24
    },
    "2016-12-31": {
        "Diluted EPS": 0.69,
        "Total Revenue": 113,
        "Gross Profit": 109,
        "Operating Income": 36,
        "EBIT": NaN,
        "Net Income": 23
    },
    "2016-09-30": {
        "Diluted EPS": 0.7,
        "Total Revenue": 121,
        "Gross Profit": 117,
        "Operating Income": 38,
        "EBIT": NaN,
        "Net Income": 24
    },
    "2016-06-30": {
        "Diluted EPS": 0.61,
        "Total Revenue": 118,
        "Gross Profit": 114,
        "Operating Income": 34,
        "EBIT": NaN,
        "Net Income": 21
    },
    "2016-03-31": {
        "Diluted EPS": 0.52,
        "Total Revenue": 115,
        "Gross Profit": 111,
        "Operating Income": 34,
        "EBIT": NaN,
        "Net Income": 18
    },
    "2015-12-31": {
        "Diluted EPS": 0.02,
        "Total Revenue": 115,
        "Gross Profit": 110,
        "Operating Income": 29,
        "EBIT": NaN,
        "Net Income": 7
    },
    "2015-09-30": {
        "Diluted EPS": 0.62,
        "Total Revenue": 69,
        "Gross Profit": 66,
        "Operating Income": 22,
        "EBIT": NaN,
        "Net Income": 13
    },
    "2015-06-30": {
        "Diluted EPS": 0.64,
        "Total Revenue": 70,
        "Gross Profit": 68,
        "Operating Income": 24,
        "EBIT": NaN,
        "Net Income": 13
    },
    "2015-03-31": {
        "Diluted EPS": 0.61,
        "Total Revenue": 63,
        "Gross Profit": 60,
        "Operating Income": 20,
        "EBIT": NaN,
        "Net Income": 12
    },
    "2014-12-31": {
        "Diluted EPS": 0.61,
        "Total Revenue": 61,
        "Gross Profit": 59,
        "Operating Income": 20,
        "EBIT": NaN,
        "Net Income": 12
    },
    "2014-09-30": {
        "Diluted EPS": 0.76,
        "Total Revenue": 63,
        "Gross Profit": 61,
        "Operating Income": 22,
        "EBIT": NaN,
        "Net Income": 15
    },
    "2014-06-30": {
        "Diluted EPS": 0.88,
        "Total Revenue": 67,
        "Gross Profit": 64,
        "Operating Income": 28,
        "EBIT": NaN,
        "Net Income": 17
    },
    "2014-03-31": {
        "Diluted EPS": 0.54,
        "Total Revenue": 54,
        "Gross Profit": 51,
        "Operating Income": 16,
        "EBIT": NaN,
        "Net Income": 11
    },
    "2013-12-31": {
        "Diluted EPS": 0.58,
        "Total Revenue": 58,
        "Gross Profit": 56,
        "Operating Income": 19,
        "EBIT": NaN,
        "Net Income": 11
    },
    "2013-09-30": {
        "Diluted EPS": 0.6,
        "Total Revenue": 55,
        "Gross Profit": 52,
        "Operating Income": 18,
        "EBIT": NaN,
        "Net Income": 12
    },
    "2013-06-30": {
        "Diluted EPS": 0.6,
        "Total Revenue": 56,
        "Gross Profit": 53,
        "Operating Income": 17,
        "EBIT": NaN,
        "Net Income": 12
    },
    "2013-03-31": {
        "Diluted EPS": 0.6,
        "Total Revenue": 55,
        "Gross Profit": 51,
        "Operating Income": 17,
        "EBIT": NaN,
        "Net Income": 12
    },
    "2012-12-31": {
        "Diluted EPS": 0.7,
        "Total Revenue": 59,
        "Gross Profit": 55,
        "Operating Income": 19,
        "EBIT": NaN,
        "Net Income": 13
    },
    "2012-09-30": {
        "Diluted EPS": 0.79,
        "Total Revenue": 59,
        "Gross Profit": 54,
        "Operating Income": 18,
        "EBIT": NaN,
        "Net Income": 15
    },
    "2012-06-30": {
        "Diluted EPS": 1.27,
        "Total Revenue": 38,
        "Gross Profit": 33,
        "Operating Income": -6,
        "EBIT": NaN,
        "Net Income": 23
    },
    "2012-03-31": {
        "Diluted EPS": 0.4,
        "Total Revenue": 58,
        "Gross Profit": 52,
        "Operating Income": 9,
        "EBIT": NaN,
        "Net Income": 7
    },
    "2011-12-31": {
        "Diluted EPS": 0.2,
        "Total Revenue": 56,
        "Gross Profit": 49,
        "Operating Income": 5,
        "EBIT": NaN,
        "Net Income": 3
    },
    "2011-09-30": {
        "Diluted EPS": 0.24,
        "Total Revenue": 60,
        "Gross Profit": 52,
        "Operating Income": 6,
        "EBIT": NaN,
        "Net Income": 4
    },
    "2011-06-30": {
        "Diluted EPS": 0.01,
        "Total Revenue": 59,
        "Gross Profit": 50,
        "Operating Income": 2,
        "EBIT": NaN,
        "Net Income": 0
    },
    "2011-03-31": {
        "Diluted EPS": -0.6,
        "Total Revenue": 57,
        "Gross Profit": 47,
        "Operating Income": -8,
        "EBIT": NaN,
        "Net Income": -10
    },
    "2010-12-31": {
        "Diluted EPS": -1.29,
        "Total Revenue": 60,
        "Gross Profit": 48,
        "Operating Income": -13,
        "EBIT": NaN,
        "Net Income": -15
    },
    "2010-09-30": {
        "Diluted EPS": -2.83,
        "Total Revenue": 62,
        "Gross Profit": 48,
        "Operating Income": -19,
        "EBIT": NaN,
        "Net Income": -45
    },
    "2010-06-30": {
        "Diluted EPS": -1.97,
        "Total Revenue": 62,
        "Gross Profit": 45,
        "Operating Income": -9,
        "EBIT": NaN,
        "Net Income": -7
    },
    "2010-03-31": {
        "Diluted EPS": -1.12,
        "Total Revenue": 64,
        "Gross Profit": 46,
        "Operating Income": -4,
        "EBIT": NaN,
        "Net Income": -3
    },
    "2009-12-31": {
        "Diluted EPS": -1.41,
        "Total Revenue": 64,
        "Gross Profit": 44,
        "Operating Income": -8,
        "EBIT": NaN,
        "Net Income": -5
    },
    "2009-09-30": {
        "Diluted EPS": -3.08,
        "Total Revenue": 73,
        "Gross Profit": 50,
        "Operating Income": -12,
        "EBIT": NaN,
        "Net Income": -8
    },
    "2009-06-30": {
        "Diluted EPS": -7.28,
        "Total Revenue": 79,
        "Gross Profit": 55,
        "Operating Income": -27,
        "EBIT": NaN,
        "Net Income": -18
    },
    "2009-03-31": {
        "Diluted EPS": -4.55,
        "Total Revenue": 65,
        "Gross Profit": 40,
        "Operating Income": -16,
        "EBIT": NaN,
        "Net Income": -11
    },
    "2023-09-30": {
        "Tax Effect Of Unusual Items": NaN,
        "Tax Rate For Calcs": NaN,
        "Total Unusual Items": 0.0,
        "Total Unusual Items Excluding Goodwill": 0.0,
        "Net Income From Continuing Operation Net Minority Interest": NaN,
        "Reconciled Depreciation": NaN,
        "Net Interest Income": NaN,
        "Interest Expense": NaN,
        "Interest Income": NaN,
        "Normalized Income": NaN,
        "Net Income From Continuing And Discontinued Operation": NaN,
        "Diluted Average Shares": NaN,
        "Basic Average Shares": NaN,
        "Diluted EPS": NaN,
        "Basic EPS": NaN,
        "Diluted NI Availto Com Stockholders": NaN,
        "Net Income Common Stockholders": NaN,
        "Net Income": NaN,
        "Net Income Including Noncontrolling Interests": NaN,
        "Net Income Continuous Operations": NaN,
        "Tax Provision": NaN,
        "Pretax Income": NaN,
        "Special Income Charges": 0.0,
        "Gain On Sale Of Business": 0.0,
        "Gain On Sale Of Security": NaN,
        "Depreciation Amortization Depletion Income Statement": NaN,
        "Depreciation And Amortization In Income Statement": NaN,
        "Amortization": NaN,
        "Amortization Of Intangibles Income Statement": NaN,
        "Selling General And Administration": NaN,
        "Selling And Marketing Expense": NaN,
        "General And Administrative Expense": NaN,
        "Insurance And Claims": NaN,
        "Salaries And Wages": NaN,
        "Total Revenue": NaN,
        "Operating Revenue": NaN,
        "Occupancy And Equipment": NaN,
        "Professional Expense And Contract Services Expense": NaN,
        "Other Non Interest Expense": NaN
    },
    "2023-12-31": {
        "Tax Effect Of Unusual Items": NaN,
        "Tax Rate For Calcs": NaN,
        "Total Unusual Items": 0.0,
        "Total Unusual Items Excluding Goodwill": 0.0,
        "Net Income From Continuing Operation Net Minority Interest": NaN,
        "Reconciled Depreciation": NaN,
        "Net Interest Income": NaN,
        "Interest Expense": NaN,
        "Interest Income": NaN,
        "Normalized Income": NaN,
        "Net Income From Continuing And Discontinued Operation": NaN,
        "Diluted Average Shares": NaN,
        "Basic Average Shares": NaN,
        "Diluted EPS": NaN,
        "Basic EPS": NaN,
        "Diluted NI Availto Com Stockholders": NaN,
        "Net Income Common Stockholders": NaN,
        "Net Income": NaN,
        "Net Income Including Noncontrolling Interests": NaN,
        "Net Income Continuous Operations": NaN,
        "Tax Provision": NaN,
        "Pretax Income": NaN,
        "Special Income Charges": 0.0,
        "Gain On Sale Of Business": 0.0,
        "Gain On Sale Of Security": NaN,
        "Depreciation Amortization Depletion Income Statement": NaN,
        "Depreciation And Amortization In Income Statement": NaN,
        "Amortization": NaN,
        "Amortization Of Intangibles Income Statement": NaN,
        "Selling General And Administration": NaN,
        "Selling And Marketing Expense": NaN,
        "General And Administrative Expense": NaN,
        "Insurance And Claims": NaN,
        "Salaries And Wages": NaN,
        "Total Revenue": NaN,
        "Operating Revenue": NaN,
        "Occupancy And Equipment": NaN,
        "Professional Expense And Contract Services Expense": NaN,
        "Other Non Interest Expense": NaN
    },
    "2024-03-31": {
        "Tax Effect Of Unusual Items": 0.0,
        "Tax Rate For Calcs": 0.190347,
        "Total Unusual Items": NaN,
        "Total Unusual Items Excluding Goodwill": NaN,
        "Net Income From Continuing Operation Net Minority Interest": 37559000.0,
        "Reconciled Depreciation": 5292000.0,
        "Net Interest Income": 132959000.0,
        "Interest Expense": 51729000.0,
        "Interest Income": 184688000.0,
        "Normalized Income": 37559000.0,
        "Net Income From Continuing And Discontinued Operation": 37559000.0,
        "Diluted Average Shares": 34521105.0,
        "Basic Average Shares": 34391564.0,
        "Diluted EPS": 1.09,
        "Basic EPS": 1.09,
        "Diluted NI Availto Com Stockholders": 37559000.0,
        "Net Income Common Stockholders": 37559000.0,
        "Net Income": 37559000.0,
        "Net Income Including Noncontrolling Interests": 37559000.0,
        "Net Income Continuous Operations": 37559000.0,
        "Tax Provision": 8830000.0,
        "Pretax Income": 46389000.0,
        "Special Income Charges": NaN,
        "Gain On Sale Of Business": NaN,
        "Gain On Sale Of Security": -5895000.0,
        "Depreciation Amortization Depletion Income Statement": 723000.0,
        "Depreciation And Amortization In Income Statement": 723000.0,
        "Amortization": 723000.0,
        "Amortization Of Intangibles Income Statement": 723000.0,
        "Selling General And Administration": 66257000.0,
        "Selling And Marketing Expense": 1079000.0,
        "General And Administrative Expense": 65178000.0,
        "Insurance And Claims": 2809000.0,
        "Salaries And Wages": 62369000.0,
        "Total Revenue": 142516000.0,
        "Operating Revenue": 142516000.0,
        "Occupancy And Equipment": 12462000.0,
        "Professional Expense And Contract Services Expense": 1530000.0,
        "Other Non Interest Expense": 14635000.0
    },
    "2024-06-30": {
        "Tax Effect Of Unusual Items": 0.0,
        "Tax Rate For Calcs": 0.191947,
        "Total Unusual Items": NaN,
        "Total Unusual Items Excluding Goodwill": NaN,
        "Net Income From Continuing Operation Net Minority Interest": 39795000.0,
        "Reconciled Depreciation": 5239000.0,
        "Net Interest Income": 132546000.0,
        "Interest Expense": 56592000.0,
        "Interest Income": 189138000.0,
        "Normalized Income": 39795000.0,
        "Net Income From Continuing And Discontinued Operation": 39795000.0,
        "Diluted Average Shares": 34537012.0,
        "Basic Average Shares": 34488163.0,
        "Diluted EPS": 1.15,
        "Basic EPS": 1.15,
        "Diluted NI Availto Com Stockholders": 39795000.0,
        "Net Income Common Stockholders": 39795000.0,
        "Net Income": 39795000.0,
        "Net Income Including Noncontrolling Interests": 39795000.0,
        "Net Income Continuous Operations": 39795000.0,
        "Tax Provision": 9453000.0,
        "Pretax Income": 49248000.0,
        "Special Income Charges": NaN,
        "Gain On Sale Of Business": NaN,
        "Gain On Sale Of Security": -752000.0,
        "Depreciation Amortization Depletion Income Statement": 724000.0,
        "Depreciation And Amortization In Income Statement": 724000.0,
        "Amortization": 724000.0,
        "Amortization Of Intangibles Income Statement": 724000.0,
        "Selling General And Administration": 67887000.0,
        "Selling And Marketing Expense": 1198000.0,
        "General And Administrative Expense": 66689000.0,
        "Insurance And Claims": 2858000.0,
        "Salaries And Wages": 63831000.0,
        "Total Revenue": 148693000.0,
        "Operating Revenue": 148693000.0,
        "Occupancy And Equipment": 12128000.0,
        "Professional Expense And Contract Services Expense": 1201000.0,
        "Other Non Interest Expense": 15136000.0
    },
    "2024-09-30": {
        "Tax Effect Of Unusual Items": 0.0,
        "Tax Rate For Calcs": 0.19,
        "Total Unusual Items": NaN,
        "Total Unusual Items Excluding Goodwill": NaN,
        "Net Income From Continuing Operation Net Minority Interest": 45153000.0,
        "Reconciled Depreciation": 5121000.0,
        "Net Interest Income": 135675000.0,
        "Interest Expense": 60166000.0,
        "Interest Income": 195841000.0,
        "Normalized Income": 45153000.0,
        "Net Income From Continuing And Discontinued Operation": 45153000.0,
        "Diluted Average Shares": 34650322.0,
        "Basic Average Shares": 34498830.0,
        "Diluted EPS": 1.3,
        "Basic EPS": 1.31,
        "Diluted NI Availto Com Stockholders": 45153000.0,
        "Net Income Common Stockholders": 45153000.0,
        "Net Income": 45153000.0,
        "Net Income Including Noncontrolling Interests": 45153000.0,
        "Net Income Continuous Operations": 45153000.0,
        "Tax Provision": 10602000.0,
        "Pretax Income": 55755000.0,
        "Special Income Charges": NaN,
        "Gain On Sale Of Business": NaN,
        "Gain On Sale Of Security": 39000.0,
        "Depreciation Amortization Depletion Income Statement": 590000.0,
        "Depreciation And Amortization In Income Statement": 590000.0,
        "Amortization": 590000.0,
        "Amortization Of Intangibles Income Statement": 590000.0,
        "Selling General And Administration": 65867000.0,
        "Selling And Marketing Expense": 1161000.0,
        "General And Administrative Expense": 64706000.0,
        "Insurance And Claims": 2874000.0,
        "Salaries And Wages": 61832000.0,
        "Total Revenue": 152746000.0,
        "Operating Revenue": 152746000.0,
        "Occupancy And Equipment": 12040000.0,
        "Professional Expense And Contract Services Expense": 2102000.0,
        "Other Non Interest Expense": 14700000.0
    },
    "2024-12-31": {
        "Tax Effect Of Unusual Items": 0.0,
        "Tax Rate For Calcs": 0.201436,
        "Total Unusual Items": NaN,
        "Total Unusual Items Excluding Goodwill": NaN,
        "Net Income From Continuing Operation Net Minority Interest": 46391000.0,
        "Reconciled Depreciation": 5050000.0,
        "Net Interest Income": 140536000.0,
        "Interest Expense": 55900000.0,
        "Interest Income": 196436000.0,
        "Normalized Income": 46391000.0,
        "Net Income From Continuing And Discontinued Operation": 46391000.0,
        "Diluted Average Shares": 34743024.0,
        "Basic Average Shares": 34501016.0,
        "Diluted EPS": 1.34,
        "Basic EPS": 1.34,
        "Diluted NI Availto Com Stockholders": 46391000.0,
        "Net Income Common Stockholders": 46391000.0,
        "Net Income": 46391000.0,
        "Net Income Including Noncontrolling Interests": 46391000.0,
        "Net Income Continuous Operations": 46391000.0,
        "Tax Provision": 11702000.0,
        "Pretax Income": 58093000.0,
        "Special Income Charges": NaN,
        "Gain On Sale Of Business": NaN,
        "Gain On Sale Of Security": 436000.0,
        "Depreciation Amortization Depletion Income Statement": 589000.0,
        "Depreciation And Amortization In Income Statement": 589000.0,
        "Amortization": 589000.0,
        "Amortization Of Intangibles Income Statement": 589000.0,
        "Selling General And Administration": 67091000.0,
        "Selling And Marketing Expense": 1711000.0,
        "General And Administrative Expense": 65380000.0,
        "Insurance And Claims": 2857000.0,
        "Salaries And Wages": 62523000.0,
        "Total Revenue": 158988000.0,
        "Operating Revenue": 158988000.0,
        "Occupancy And Equipment": 12141000.0,
        "Professional Expense And Contract Services Expense": 3025000.0,
        "Other Non Interest Expense": 15049000.0
    },
    "2025-03-31": {
        "Tax Effect Of Unusual Items": 0.0,
        "Tax Rate For Calcs": 0.191,
        "Total Unusual Items": NaN,
        "Total Unusual Items Excluding Goodwill": NaN,
        "Net Income From Continuing Operation Net Minority Interest": 45135000.0,
        "Reconciled Depreciation": 4760000.0,
        "Net Interest Income": 141083000.0,
        "Interest Expense": 52785000.0,
        "Interest Income": 193868000.0,
        "Normalized Income": 45135000.0,
        "Net Income From Continuing And Discontinued Operation": 45135000.0,
        "Diluted Average Shares": 34778687.0,
        "Basic Average Shares": 34509815.0,
        "Diluted EPS": 1.3,
        "Basic EPS": 1.31,
        "Diluted NI Availto Com Stockholders": 45135000.0,
        "Net Income Common Stockholders": 45135000.0,
        "Net Income": 45135000.0,
        "Net Income Including Noncontrolling Interests": 45135000.0,
        "Net Income Continuous Operations": 45135000.0,
        "Tax Provision": 10658000.0,
        "Pretax Income": 55793000.0,
        "Special Income Charges": NaN,
        "Gain On Sale Of Business": NaN,
        "Gain On Sale Of Security": 315000.0,
        "Depreciation Amortization Depletion Income Statement": 456000.0,
        "Depreciation And Amortization In Income Statement": 456000.0,
        "Amortization": 456000.0,
        "Amortization Of Intangibles Income Statement": 456000.0,
        "Selling General And Administration": 68244000.0,
        "Selling And Marketing Expense": 590000.0,
        "General And Administrative Expense": 67654000.0,
        "Insurance And Claims": 2797000.0,
        "Salaries And Wages": 64857000.0,
        "Total Revenue": 157771000.0,
        "Operating Revenue": 157771000.0,
        "Occupancy And Equipment": 12097000.0,
        "Professional Expense And Contract Services Expense": 2430000.0,
        "Other Non Interest Expense": 15612000.0
    },
    "2025-06-30": {
        "Tax Effect Of Unusual Items": 0.0,
        "Tax Rate For Calcs": 0.188,
        "Total Unusual Items": NaN,
        "Total Unusual Items Excluding Goodwill": NaN,
        "Net Income From Continuing Operation Net Minority Interest": 45496000.0,
        "Reconciled Depreciation": 4625000.0,
        "Net Interest Income": 144399000.0,
        "Interest Expense": 55860000.0,
        "Interest Income": 200259000.0,
        "Normalized Income": 45496000.0,
        "Net Income From Continuing And Discontinued Operation": 45496000.0,
        "Diluted Average Shares": 34738948.0,
        "Basic Average Shares": 34627433.0,
        "Diluted EPS": 1.31,
        "Basic EPS": 1.31,
        "Diluted NI Availto Com Stockholders": 45496000.0,
        "Net Income Common Stockholders": 45496000.0,
        "Net Income": 45496000.0,
        "Net Income Including Noncontrolling Interests": 45496000.0,
        "Net Income Continuous Operations": 45496000.0,
        "Tax Provision": 10511000.0,
        "Pretax Income": 56007000.0,
        "Special Income Charges": NaN,
        "Gain On Sale Of Business": NaN,
        "Gain On Sale Of Security": 85000.0,
        "Depreciation Amortization Depletion Income Statement": 455000.0,
        "Depreciation And Amortization In Income Statement": 455000.0,
        "Amortization": 455000.0,
        "Amortization Of Intangibles Income Statement": 455000.0,
        "Selling General And Administration": 69373000.0,
        "Selling And Marketing Expense": 1087000.0,
        "General And Administrative Expense": 68286000.0,
        "Insurance And Claims": 2800000.0,
        "Salaries And Wages": 65486000.0,
        "Total Revenue": 161175000.0,
        "Operating Revenue": 161175000.0,
        "Occupancy And Equipment": 12256000.0,
        "Professional Expense And Contract Services Expense": 2271000.0,
        "Other Non Interest Expense": 16018000.0
    }
}