{
    "2023-03-31": {
        "Tax Effect Of Unusual Items": NaN,
        "Tax Rate For Calcs": NaN,
        "Normalized EBITDA": NaN,
        "Total Unusual Items": NaN,
        "Total Unusual Items Excluding Goodwill": NaN,
        "Net Income From Continuing Operation Net Minority Interest": NaN,
        "Reconciled Depreciation": NaN,
        "Reconciled Cost Of Revenue": NaN,
        "EBITDA": NaN,
        "EBIT": NaN,
        "Net Interest Income": NaN,
        "Interest Expense": NaN,
        "Interest Income": NaN,
        "Normalized Income": NaN,
        "Net Income From Continuing And Discontinued Operation": NaN,
        "Total Expenses": NaN,
        "Total Operating Income As Reported": NaN,
        "Diluted Average Shares": NaN,
        "Basic Average Shares": NaN,
        "Diluted EPS": NaN,
        "Basic EPS": NaN,
        "Diluted NI Availto Com Stockholders": NaN,
        "Net Income Common Stockholders": NaN,
        "Net Income": NaN,
        "Net Income Including Noncontrolling Interests": NaN,
        "Net Income Continuous Operations": NaN,
        "Tax Provision": NaN,
        "Pretax Income": NaN,
        "Other Income Expense": NaN,
        "Other Non Operating Income Expenses": NaN,
        "Special Income Charges": 0.0,
        "Other Special Charges": NaN,
        "Gain On Sale Of Security": NaN,
        "Net Non Operating Interest Income Expense": NaN,
        "Total Other Finance Cost": NaN,
        "Interest Expense Non Operating": NaN,
        "Interest Income Non Operating": NaN,
        "Operating Income": NaN,
        "Operating Expense": NaN,
        "Selling General And Administration": NaN,
        "Selling And Marketing Expense": NaN,
        "General And Administrative Expense": NaN,
        "Other Gand A": NaN,
        "Gross Profit": NaN,
        "Cost Of Revenue": NaN,
        "Total Revenue": NaN,
        "Operating Revenue": NaN
    },
    "2022-12-31": {
        "Tax Effect Of Unusual Items": NaN,
        "Tax Rate For Calcs": NaN,
        "Normalized EBITDA": NaN,
        "Total Unusual Items": NaN,
        "Total Unusual Items Excluding Goodwill": NaN,
        "Net Income From Continuing Operation Net Minority Interest": NaN,
        "Reconciled Depreciation": NaN,
        "Reconciled Cost Of Revenue": NaN,
        "EBITDA": NaN,
        "EBIT": NaN,
        "Net Interest Income": NaN,
        "Interest Expense": NaN,
        "Interest Income": NaN,
        "Normalized Income": NaN,
        "Net Income From Continuing And Discontinued Operation": NaN,
        "Total Expenses": NaN,
        "Total Operating Income As Reported": NaN,
        "Diluted Average Shares": 177672036.0,
        "Basic Average Shares": 177672036.0,
        "Diluted EPS": -0.119715,
        "Basic EPS": -0.119715,
        "Diluted NI Availto Com Stockholders": NaN,
        "Net Income Common Stockholders": NaN,
        "Net Income": NaN,
        "Net Income Including Noncontrolling Interests": NaN,
        "Net Income Continuous Operations": NaN,
        "Tax Provision": NaN,
        "Pretax Income": NaN,
        "Other Income Expense": NaN,
        "Other Non Operating Income Expenses": NaN,
        "Special Income Charges": 0.0,
        "Other Special Charges": NaN,
        "Gain On Sale Of Security": NaN,
        "Net Non Operating Interest Income Expense": NaN,
        "Total Other Finance Cost": 1266000.0,
        "Interest Expense Non Operating": NaN,
        "Interest Income Non Operating": NaN,
        "Operating Income": NaN,
        "Operating Expense": NaN,
        "Selling General And Administration": NaN,
        "Selling And Marketing Expense": NaN,
        "General And Administrative Expense": NaN,
        "Other Gand A": NaN,
        "Gross Profit": NaN,
        "Cost Of Revenue": NaN,
        "Total Revenue": NaN,
        "Operating Revenue": NaN
    },
    "2022-09-30": {
        "Tax Effect Of Unusual Items": NaN,
        "Tax Rate For Calcs": NaN,
        "Normalized EBITDA": NaN,
        "Total Unusual Items": NaN,
        "Total Unusual Items Excluding Goodwill": NaN,
        "Net Income From Continuing Operation Net Minority Interest": NaN,
        "Reconciled Depreciation": NaN,
        "Reconciled Cost Of Revenue": NaN,
        "EBITDA": NaN,
        "EBIT": NaN,
        "Net Interest Income": NaN,
        "Interest Expense": 1340000.0,
        "Interest Income": 0.0,
        "Normalized Income": NaN,
        "Net Income From Continuing And Discontinued Operation": NaN,
        "Total Expenses": NaN,
        "Total Operating Income As Reported": NaN,
        "Diluted Average Shares": 176463723.0,
        "Basic Average Shares": 176463723.0,
        "Diluted EPS": -0.06,
        "Basic EPS": -0.06,
        "Diluted NI Availto Com Stockholders": NaN,
        "Net Income Common Stockholders": NaN,
        "Net Income": NaN,
        "Net Income Including Noncontrolling Interests": NaN,
        "Net Income Continuous Operations": NaN,
        "Tax Provision": NaN,
        "Pretax Income": NaN,
        "Other Income Expense": NaN,
        "Other Non Operating Income Expenses": NaN,
        "Special Income Charges": 0.0,
        "Other Special Charges": NaN,
        "Gain On Sale Of Security": NaN,
        "Net Non Operating Interest Income Expense": NaN,
        "Total Other Finance Cost": NaN,
        "Interest Expense Non Operating": 1340000.0,
        "Interest Income Non Operating": 0.0,
        "Operating Income": NaN,
        "Operating Expense": NaN,
        "Selling General And Administration": NaN,
        "Selling And Marketing Expense": NaN,
        "General And Administrative Expense": NaN,
        "Other Gand A": NaN,
        "Gross Profit": NaN,
        "Cost Of Revenue": NaN,
        "Total Revenue": NaN,
        "Operating Revenue": NaN
    },
    "2022-06-30": {
        "Tax Effect Of Unusual Items": 0.0,
        "Tax Rate For Calcs": 0.0,
        "Normalized EBITDA": -16753000.0,
        "Total Unusual Items": 5996000.0,
        "Total Unusual Items Excluding Goodwill": 5996000.0,
        "Net Income From Continuing Operation Net Minority Interest": -15408000.0,
        "Reconciled Depreciation": 3262000.0,
        "Reconciled Cost Of Revenue": 55336000.0,
        "EBITDA": -10757000.0,
        "EBIT": -14019000.0,
        "Net Interest Income": -1389000.0,
        "Interest Expense": 1389000.0,
        "Normalized Income": -21404000.0,
        "Net Income From Continuing And Discontinued Operation": -15408000.0,
        "Total Expenses": 151288000.0,
        "Total Operating Income As Reported": -20138000.0,
        "Diluted Average Shares": 175491912.0,
        "Basic Average Shares": 175491912.0,
        "Diluted EPS": -0.09,
        "Basic EPS": -0.09,
        "Diluted NI Availto Com Stockholders": -15408000.0,
        "Net Income Common Stockholders": -15408000.0,
        "Net Income": -15408000.0,
        "Net Income Including Noncontrolling Interests": -15408000.0,
        "Net Income Continuous Operations": -15408000.0,
        "Tax Provision": 0.0,
        "Pretax Income": -15408000.0,
        "Other Income Expense": 6119000.0,
        "Other Non Operating Income Expenses": 123000.0,
        "Special Income Charges": 0.0,
        "Gain On Sale Of Security": 5996000.0,
        "Net Non Operating Interest Income Expense": -1389000.0,
        "Total Other Finance Cost": NaN,
        "Interest Expense Non Operating": 1389000.0,
        "Operating Income": -20138000.0,
        "Operating Expense": 95952000.0,
        "Selling General And Administration": 95952000.0,
        "Selling And Marketing Expense": 16363000.0,
        "General And Administrative Expense": 79589000.0,
        "Other Gand A": 79589000.0,
        "Gross Profit": 75814000.0,
        "Cost Of Revenue": 55336000.0,
        "Total Revenue": 131150000.0,
        "Operating Revenue": 131150000.0
    },
    "2022-03-31": {
        "Diluted EPS": -0.17,
        "Total Revenue": 129,
        "Gross Profit": 64,
        "Operating Income": -35,
        "EBIT": -29,
        "Net Income": -37
    },
    "2021-12-31": {
        "Diluted EPS": -0.08,
        "Total Revenue": 141,
        "Gross Profit": 78,
        "Operating Income": -27,
        "EBIT": -26,
        "Net Income": -13
    },
    "2021-09-30": {
        "Diluted EPS": 0.04,
        "Total Revenue": 120,
        "Gross Profit": 70,
        "Operating Income": -15,
        "EBIT": -14,
        "Net Income": 6
    },
    "2021-06-30": {
        "Diluted EPS": -0.23,
        "Total Revenue": 118,
        "Gross Profit": 70,
        "Operating Income": -17,
        "EBIT": -16,
        "Net Income": -25
    },
    "2021-03-31": {
        "Diluted EPS": -0.16,
        "Total Revenue": 112,
        "Gross Profit": 68,
        "Operating Income": -4,
        "EBIT": -2,
        "Net Income": -7
    },
    "2020-12-31": {
        "Diluted EPS": -0.54,
        "Total Revenue": 105,
        "Gross Profit": 60,
        "Operating Income": -19,
        "EBIT": -17,
        "Net Income": -25
    },
    "2020-09-30": {
        "Diluted EPS": -0.03,
        "Total Revenue": 86,
        "Gross Profit": 52,
        "Operating Income": -1,
        "EBIT": 0,
        "Net Income": -1
    },
    "2020-06-30": {
        "Diluted EPS": 0.05,
        "Total Revenue": 75,
        "Gross Profit": 47,
        "Operating Income": 3,
        "EBIT": 4,
        "Net Income": 2
    },
    "2020-03-31": {
        "Diluted EPS": 0.0,
        "Total Revenue": NaN,
        "Gross Profit": NaN,
        "Operating Income": NaN,
        "EBIT": NaN,
        "Net Income": NaN
    },
    "2023-06-30": {
        "Tax Effect Of Unusual Items": NaN,
        "Tax Rate For Calcs": NaN,
        "Normalized EBITDA": NaN,
        "Total Unusual Items": NaN,
        "Total Unusual Items Excluding Goodwill": NaN,
        "Net Income From Continuing Operation Net Minority Interest": NaN,
        "Reconciled Depreciation": NaN,
        "Reconciled Cost Of Revenue": NaN,
        "EBITDA": NaN,
        "EBIT": NaN,
        "Net Interest Income": NaN,
        "Interest Expense": NaN,
        "Interest Income": NaN,
        "Normalized Income": NaN,
        "Net Income From Continuing And Discontinued Operation": NaN,
        "Total Expenses": NaN,
        "Total Operating Income As Reported": NaN,
        "Diluted Average Shares": NaN,
        "Basic Average Shares": NaN,
        "Diluted EPS": NaN,
        "Basic EPS": NaN,
        "Diluted NI Availto Com Stockholders": NaN,
        "Net Income Common Stockholders": NaN,
        "Net Income": NaN,
        "Net Income Including Noncontrolling Interests": NaN,
        "Net Income Continuous Operations": NaN,
        "Tax Provision": NaN,
        "Pretax Income": NaN,
        "Other Income Expense": NaN,
        "Other Non Operating Income Expenses": NaN,
        "Special Income Charges": NaN,
        "Other Special Charges": NaN,
        "Gain On Sale Of Security": NaN,
        "Net Non Operating Interest Income Expense": NaN,
        "Total Other Finance Cost": -758000.0,
        "Interest Expense Non Operating": NaN,
        "Interest Income Non Operating": NaN,
        "Operating Income": NaN,
        "Operating Expense": NaN,
        "Selling General And Administration": NaN,
        "Selling And Marketing Expense": NaN,
        "General And Administrative Expense": NaN,
        "Other Gand A": NaN,
        "Gross Profit": NaN,
        "Cost Of Revenue": NaN,
        "Total Revenue": NaN,
        "Operating Revenue": NaN
    },
    "2023-09-30": {
        "Tax Effect Of Unusual Items": NaN,
        "Tax Rate For Calcs": NaN,
        "Normalized EBITDA": NaN,
        "Total Unusual Items": NaN,
        "Total Unusual Items Excluding Goodwill": NaN,
        "Net Income From Continuing Operation Net Minority Interest": NaN,
        "Reconciled Depreciation": NaN,
        "Reconciled Cost Of Revenue": NaN,
        "EBITDA": NaN,
        "EBIT": NaN,
        "Net Interest Income": NaN,
        "Interest Expense": NaN,
        "Interest Income": NaN,
        "Normalized Income": NaN,
        "Net Income From Continuing And Discontinued Operation": NaN,
        "Total Expenses": NaN,
        "Total Operating Income As Reported": NaN,
        "Diluted Average Shares": 176975883.0,
        "Basic Average Shares": 176975883.0,
        "Diluted EPS": -0.06,
        "Basic EPS": -0.06,
        "Diluted NI Availto Com Stockholders": NaN,
        "Net Income Common Stockholders": NaN,
        "Net Income": NaN,
        "Net Income Including Noncontrolling Interests": NaN,
        "Net Income Continuous Operations": NaN,
        "Tax Provision": NaN,
        "Pretax Income": NaN,
        "Other Income Expense": NaN,
        "Other Non Operating Income Expenses": NaN,
        "Special Income Charges": NaN,
        "Other Special Charges": NaN,
        "Gain On Sale Of Security": NaN,
        "Net Non Operating Interest Income Expense": NaN,
        "Interest Expense Non Operating": NaN,
        "Interest Income Non Operating": NaN,
        "Operating Income": NaN,
        "Operating Expense": NaN,
        "Selling General And Administration": NaN,
        "Selling And Marketing Expense": NaN,
        "General And Administrative Expense": NaN,
        "Other Gand A": NaN,
        "Gross Profit": NaN,
        "Cost Of Revenue": NaN,
        "Total Revenue": NaN,
        "Operating Revenue": NaN
    },
    "2023-12-31": {
        "Tax Effect Of Unusual Items": NaN,
        "Tax Rate For Calcs": NaN,
        "Normalized EBITDA": NaN,
        "Total Unusual Items": NaN,
        "Total Unusual Items Excluding Goodwill": NaN,
        "Net Income From Continuing Operation Net Minority Interest": NaN,
        "Reconciled Depreciation": NaN,
        "Reconciled Cost Of Revenue": NaN,
        "EBITDA": NaN,
        "EBIT": NaN,
        "Net Interest Income": NaN,
        "Interest Expense": NaN,
        "Interest Income": NaN,
        "Normalized Income": NaN,
        "Net Income From Continuing And Discontinued Operation": NaN,
        "Total Expenses": NaN,
        "Total Operating Income As Reported": NaN,
        "Diluted Average Shares": 175540096.0,
        "Basic Average Shares": 175540096.0,
        "Diluted EPS": -0.06,
        "Basic EPS": -0.06,
        "Diluted NI Availto Com Stockholders": NaN,
        "Net Income Common Stockholders": NaN,
        "Net Income": NaN,
        "Net Income Including Noncontrolling Interests": NaN,
        "Net Income Continuous Operations": NaN,
        "Tax Provision": NaN,
        "Pretax Income": NaN,
        "Other Income Expense": NaN,
        "Other Non Operating Income Expenses": NaN,
        "Special Income Charges": 1828000.0,
        "Other Special Charges": -1828000.0,
        "Gain On Sale Of Security": NaN,
        "Net Non Operating Interest Income Expense": NaN,
        "Interest Expense Non Operating": NaN,
        "Interest Income Non Operating": NaN,
        "Operating Income": NaN,
        "Operating Expense": NaN,
        "Selling General And Administration": NaN,
        "Selling And Marketing Expense": NaN,
        "General And Administrative Expense": NaN,
        "Other Gand A": NaN,
        "Gross Profit": NaN,
        "Cost Of Revenue": NaN,
        "Total Revenue": NaN,
        "Operating Revenue": NaN
    },
    "2024-03-31": {
        "Tax Effect Of Unusual Items": 0.0,
        "Tax Rate For Calcs": 0.0,
        "Normalized EBITDA": -4138000.0,
        "Total Unusual Items": 522000.0,
        "Total Unusual Items Excluding Goodwill": 522000.0,
        "Net Income From Continuing Operation Net Minority Interest": -4902000.0,
        "Reconciled Depreciation": 583000.0,
        "Reconciled Cost Of Revenue": 45253000.0,
        "EBITDA": -3616000.0,
        "EBIT": -4199000.0,
        "Net Interest Income": 979000.0,
        "Interest Expense": 703000.0,
        "Interest Income": 1682000.0,
        "Normalized Income": -5424000.0,
        "Net Income From Continuing And Discontinued Operation": -4902000.0,
        "Total Expenses": 127935000.0,
        "Total Operating Income As Reported": -6451000.0,
        "Diluted Average Shares": NaN,
        "Basic Average Shares": NaN,
        "Diluted EPS": NaN,
        "Basic EPS": NaN,
        "Diluted NI Availto Com Stockholders": -4902000.0,
        "Net Income Common Stockholders": -4902000.0,
        "Net Income": -4902000.0,
        "Net Income Including Noncontrolling Interests": -4902000.0,
        "Net Income Continuous Operations": -4902000.0,
        "Tax Provision": 0.0,
        "Pretax Income": -4902000.0,
        "Other Income Expense": 570000.0,
        "Other Non Operating Income Expenses": 48000.0,
        "Special Income Charges": 0.0,
        "Other Special Charges": 0.0,
        "Gain On Sale Of Security": 522000.0,
        "Net Non Operating Interest Income Expense": 979000.0,
        "Interest Expense Non Operating": 703000.0,
        "Interest Income Non Operating": 1682000.0,
        "Operating Income": -6451000.0,
        "Operating Expense": 82682000.0,
        "Selling General And Administration": 82682000.0,
        "Selling And Marketing Expense": 18759000.0,
        "General And Administrative Expense": 63923000.0,
        "Other Gand A": 63923000.0,
        "Gross Profit": 76231000.0,
        "Cost Of Revenue": 45253000.0,
        "Total Revenue": 121484000.0,
        "Operating Revenue": 121484000.0
    },
    "2024-06-30": {
        "Tax Effect Of Unusual Items": 0.0,
        "Tax Rate For Calcs": 0.0,
        "Normalized EBITDA": -6058000.0,
        "Total Unusual Items": -391000.0,
        "Total Unusual Items Excluding Goodwill": -391000.0,
        "Net Income From Continuing Operation Net Minority Interest": -10039000.0,
        "Reconciled Depreciation": 2879000.0,
        "Reconciled Cost Of Revenue": 42946000.0,
        "EBITDA": -6449000.0,
        "EBIT": -9328000.0,
        "Net Interest Income": 768000.0,
        "Interest Expense": 711000.0,
        "Interest Income": 1479000.0,
        "Normalized Income": -9648000.0,
        "Net Income From Continuing And Discontinued Operation": -10039000.0,
        "Total Expenses": 126804000.0,
        "Total Operating Income As Reported": -10592000.0,
        "Diluted Average Shares": 175561535.0,
        "Basic Average Shares": 175561535.0,
        "Diluted EPS": -0.06,
        "Basic EPS": -0.06,
        "Diluted NI Availto Com Stockholders": -10039000.0,
        "Net Income Common Stockholders": -10039000.0,
        "Net Income": -10039000.0,
        "Net Income Including Noncontrolling Interests": -10039000.0,
        "Net Income Continuous Operations": -10039000.0,
        "Tax Provision": 0.0,
        "Pretax Income": -10039000.0,
        "Other Income Expense": -215000.0,
        "Other Non Operating Income Expenses": 176000.0,
        "Special Income Charges": NaN,
        "Other Special Charges": NaN,
        "Gain On Sale Of Security": -391000.0,
        "Net Non Operating Interest Income Expense": 768000.0,
        "Interest Expense Non Operating": 711000.0,
        "Interest Income Non Operating": 1479000.0,
        "Operating Income": -10592000.0,
        "Operating Expense": 83858000.0,
        "Selling General And Administration": 83858000.0,
        "Selling And Marketing Expense": 54832000.0,
        "General And Administrative Expense": 29026000.0,
        "Other Gand A": 29026000.0,
        "Gross Profit": 73266000.0,
        "Cost Of Revenue": 42946000.0,
        "Total Revenue": 116212000.0,
        "Operating Revenue": 116212000.0
    },
    "2024-09-30": {
        "Tax Effect Of Unusual Items": 0.0,
        "Tax Rate For Calcs": 0.0,
        "Normalized EBITDA": -1255000.0,
        "Total Unusual Items": -521000.0,
        "Total Unusual Items Excluding Goodwill": -521000.0,
        "Net Income From Continuing Operation Net Minority Interest": -5263000.0,
        "Reconciled Depreciation": 2800000.0,
        "Reconciled Cost Of Revenue": 49999000.0,
        "EBITDA": -1776000.0,
        "EBIT": -4576000.0,
        "Net Interest Income": 666000.0,
        "Interest Expense": 687000.0,
        "Interest Income": 1353000.0,
        "Normalized Income": -4742000.0,
        "Net Income From Continuing And Discontinued Operation": -5263000.0,
        "Total Expenses": 131807000.0,
        "Total Operating Income As Reported": -5696000.0,
        "Diluted Average Shares": 175063942.0,
        "Basic Average Shares": 175063942.0,
        "Diluted EPS": -0.03,
        "Basic EPS": -0.03,
        "Diluted NI Availto Com Stockholders": -5263000.0,
        "Net Income Common Stockholders": -5263000.0,
        "Net Income": -5263000.0,
        "Net Income Including Noncontrolling Interests": -5263000.0,
        "Net Income Continuous Operations": -5263000.0,
        "Tax Provision": 0.0,
        "Pretax Income": -5263000.0,
        "Other Income Expense": -233000.0,
        "Other Non Operating Income Expenses": 288000.0,
        "Special Income Charges": NaN,
        "Other Special Charges": NaN,
        "Gain On Sale Of Security": -521000.0,
        "Net Non Operating Interest Income Expense": 666000.0,
        "Interest Expense Non Operating": 687000.0,
        "Interest Income Non Operating": 1353000.0,
        "Operating Income": -5696000.0,
        "Operating Expense": 81808000.0,
        "Selling General And Administration": 81808000.0,
        "Selling And Marketing Expense": 52753000.0,
        "General And Administrative Expense": 29055000.0,
        "Other Gand A": 29055000.0,
        "Gross Profit": 76112000.0,
        "Cost Of Revenue": 49999000.0,
        "Total Revenue": 126111000.0,
        "Operating Revenue": 126111000.0
    },
    "2024-12-31": {
        "Tax Effect Of Unusual Items": 0.0,
        "Tax Rate For Calcs": 0.0,
        "Normalized EBITDA": -8389000.0,
        "Total Unusual Items": 261000.0,
        "Total Unusual Items Excluding Goodwill": 261000.0,
        "Net Income From Continuing Operation Net Minority Interest": -11509000.0,
        "Reconciled Depreciation": 2704000.0,
        "Reconciled Cost Of Revenue": 47189000.0,
        "EBITDA": -8128000.0,
        "EBIT": -10832000.0,
        "Net Interest Income": 502000.0,
        "Interest Expense": 677000.0,
        "Interest Income": 1179000.0,
        "Normalized Income": -11770000.0,
        "Net Income From Continuing And Discontinued Operation": -11509000.0,
        "Total Expenses": 138694000.0,
        "Total Operating Income As Reported": -12245000.0,
        "Diluted Average Shares": 175589759.0,
        "Basic Average Shares": 175589759.0,
        "Diluted EPS": -0.07,
        "Basic EPS": -0.07,
        "Diluted NI Availto Com Stockholders": -11509000.0,
        "Net Income Common Stockholders": -11509000.0,
        "Net Income": -11509000.0,
        "Net Income Including Noncontrolling Interests": -11509000.0,
        "Net Income Continuous Operations": -11509000.0,
        "Tax Provision": 0.0,
        "Pretax Income": -11509000.0,
        "Other Income Expense": 234000.0,
        "Other Non Operating Income Expenses": -27000.0,
        "Special Income Charges": 0.0,
        "Other Special Charges": NaN,
        "Gain On Sale Of Security": 261000.0,
        "Net Non Operating Interest Income Expense": 502000.0,
        "Interest Expense Non Operating": 677000.0,
        "Interest Income Non Operating": 1179000.0,
        "Operating Income": -12245000.0,
        "Operating Expense": 91505000.0,
        "Selling General And Administration": 91505000.0,
        "Selling And Marketing Expense": 64056000.0,
        "General And Administrative Expense": 27449000.0,
        "Other Gand A": 27449000.0,
        "Gross Profit": 79260000.0,
        "Cost Of Revenue": 47189000.0,
        "Total Revenue": 126449000.0,
        "Operating Revenue": 126449000.0
    },
    "2025-03-31": {
        "Tax Effect Of Unusual Items": 0.0,
        "Tax Rate For Calcs": 0.0,
        "Normalized EBITDA": -3687000.0,
        "Total Unusual Items": 1173000.0,
        "Total Unusual Items Excluding Goodwill": 1173000.0,
        "Net Income From Continuing Operation Net Minority Interest": -6067000.0,
        "Reconciled Depreciation": 2839000.0,
        "Reconciled Cost Of Revenue": 42060000.0,
        "EBITDA": -2514000.0,
        "EBIT": -5353000.0,
        "Net Interest Income": 201000.0,
        "Interest Expense": 714000.0,
        "Interest Income": 915000.0,
        "Normalized Income": -7240000.0,
        "Net Income From Continuing And Discontinued Operation": -6067000.0,
        "Total Expenses": 122027000.0,
        "Total Operating Income As Reported": -6617000.0,
        "Diluted Average Shares": 174914853.0,
        "Basic Average Shares": 174914853.0,
        "Diluted EPS": -0.034685,
        "Basic EPS": -0.034685,
        "Diluted NI Availto Com Stockholders": -6067000.0,
        "Net Income Common Stockholders": -6067000.0,
        "Net Income": -6067000.0,
        "Net Income Including Noncontrolling Interests": -6067000.0,
        "Net Income Continuous Operations": -6067000.0,
        "Tax Provision": 0.0,
        "Pretax Income": -6067000.0,
        "Other Income Expense": 349000.0,
        "Other Non Operating Income Expenses": -824000.0,
        "Special Income Charges": 0.0,
        "Other Special Charges": NaN,
        "Gain On Sale Of Security": 1173000.0,
        "Net Non Operating Interest Income Expense": 201000.0,
        "Interest Expense Non Operating": 714000.0,
        "Interest Income Non Operating": 915000.0,
        "Operating Income": -6617000.0,
        "Operating Expense": 79967000.0,
        "Selling General And Administration": 79967000.0,
        "Selling And Marketing Expense": 51239000.0,
        "General And Administrative Expense": 28728000.0,
        "Other Gand A": 28728000.0,
        "Gross Profit": 73350000.0,
        "Cost Of Revenue": 42060000.0,
        "Total Revenue": 115410000.0,
        "Operating Revenue": 115410000.0
    }
}