{
    "2023-03-31": {
        "Tax Effect Of Unusual Items": NaN,
        "Tax Rate For Calcs": NaN,
        "Total Unusual Items": NaN,
        "Total Unusual Items Excluding Goodwill": NaN,
        "Net Income From Continuing Operation Net Minority Interest": NaN,
        "Reconciled Depreciation": NaN,
        "Net Interest Income": NaN,
        "Interest Expense": NaN,
        "Interest Income": NaN,
        "Normalized Income": NaN,
        "Net Income From Continuing And Discontinued Operation": NaN,
        "Rent Expense Supplemental": NaN,
        "Diluted Average Shares": NaN,
        "Basic Average Shares": NaN,
        "Diluted EPS": NaN,
        "Basic EPS": NaN,
        "Diluted NI Availto Com Stockholders": NaN,
        "Net Income Common Stockholders": NaN,
        "Net Income": NaN,
        "Minority Interests": NaN,
        "Net Income Including Noncontrolling Interests": NaN,
        "Net Income Continuous Operations": NaN,
        "Tax Provision": NaN,
        "Pretax Income": NaN,
        "Special Income Charges": NaN,
        "Gain On Sale Of Business": NaN,
        "Other Special Charges": 275397000.0,
        "Write Off": NaN,
        "Restructuring And Mergern Acquisition": 0.0,
        "Gain On Sale Of Security": NaN,
        "Depreciation Amortization Depletion Income Statement": NaN,
        "Depreciation And Amortization In Income Statement": NaN,
        "Amortization": 330293000.0,
        "Amortization Of Intangibles Income Statement": 330293000.0,
        "Depreciation Income Statement": 2490028000.0,
        "Selling General And Administration": NaN,
        "Selling And Marketing Expense": NaN,
        "General And Administrative Expense": NaN,
        "Other Gand A": NaN,
        "Insurance And Claims": NaN,
        "Rent And Landing Fees": NaN,
        "Salaries And Wages": NaN,
        "Total Revenue": NaN,
        "Operating Revenue": NaN,
        "Other Non Interest Expense": NaN
    },
    "2022-12-31": {
        "Tax Effect Of Unusual Items": NaN,
        "Tax Rate For Calcs": NaN,
        "Total Unusual Items": NaN,
        "Total Unusual Items Excluding Goodwill": NaN,
        "Net Income From Continuing Operation Net Minority Interest": NaN,
        "Reconciled Depreciation": NaN,
        "Net Interest Income": NaN,
        "Interest Expense": NaN,
        "Interest Income": NaN,
        "Normalized Income": NaN,
        "Net Income From Continuing And Discontinued Operation": NaN,
        "Rent Expense Supplemental": NaN,
        "Diluted Average Shares": NaN,
        "Basic Average Shares": NaN,
        "Diluted EPS": NaN,
        "Basic EPS": NaN,
        "Diluted NI Availto Com Stockholders": NaN,
        "Net Income Common Stockholders": NaN,
        "Net Income": NaN,
        "Minority Interests": NaN,
        "Net Income Including Noncontrolling Interests": NaN,
        "Net Income Continuous Operations": NaN,
        "Tax Provision": NaN,
        "Pretax Income": NaN,
        "Special Income Charges": NaN,
        "Gain On Sale Of Business": NaN,
        "Other Special Charges": 1092566000.0,
        "Write Off": NaN,
        "Restructuring And Mergern Acquisition": 479704000.0,
        "Gain On Sale Of Security": NaN,
        "Depreciation Amortization Depletion Income Statement": NaN,
        "Depreciation And Amortization In Income Statement": NaN,
        "Amortization": 308031000.0,
        "Amortization Of Intangibles Income Statement": 308031000.0,
        "Depreciation Income Statement": 3462375000.0,
        "Selling General And Administration": NaN,
        "Selling And Marketing Expense": NaN,
        "General And Administrative Expense": NaN,
        "Other Gand A": NaN,
        "Insurance And Claims": NaN,
        "Rent And Landing Fees": NaN,
        "Salaries And Wages": NaN,
        "Total Revenue": NaN,
        "Operating Revenue": NaN,
        "Other Non Interest Expense": NaN
    },
    "2022-09-30": {
        "Tax Effect Of Unusual Items": NaN,
        "Tax Rate For Calcs": NaN,
        "Total Unusual Items": NaN,
        "Total Unusual Items Excluding Goodwill": NaN,
        "Net Income From Continuing Operation Net Minority Interest": NaN,
        "Reconciled Depreciation": NaN,
        "Net Interest Income": NaN,
        "Interest Expense": NaN,
        "Interest Income": NaN,
        "Normalized Income": NaN,
        "Net Income From Continuing And Discontinued Operation": NaN,
        "Rent Expense Supplemental": NaN,
        "Diluted Average Shares": NaN,
        "Basic Average Shares": NaN,
        "Diluted EPS": NaN,
        "Basic EPS": NaN,
        "Diluted NI Availto Com Stockholders": NaN,
        "Net Income Common Stockholders": NaN,
        "Net Income": NaN,
        "Minority Interests": NaN,
        "Net Income Including Noncontrolling Interests": NaN,
        "Net Income Continuous Operations": NaN,
        "Tax Provision": NaN,
        "Pretax Income": NaN,
        "Special Income Charges": NaN,
        "Gain On Sale Of Business": NaN,
        "Other Special Charges": -926449000.0,
        "Write Off": -242575000.0,
        "Restructuring And Mergern Acquisition": 643590000.0,
        "Gain On Sale Of Security": NaN,
        "Depreciation Amortization Depletion Income Statement": NaN,
        "Depreciation And Amortization In Income Statement": NaN,
        "Amortization": 139154000.0,
        "Amortization Of Intangibles Income Statement": 139154000.0,
        "Depreciation Income Statement": NaN,
        "Selling General And Administration": NaN,
        "Selling And Marketing Expense": NaN,
        "General And Administrative Expense": NaN,
        "Other Gand A": NaN,
        "Insurance And Claims": NaN,
        "Rent And Landing Fees": NaN,
        "Salaries And Wages": NaN,
        "Total Revenue": NaN,
        "Operating Revenue": NaN
    },
    "2022-06-30": {
        "Tax Effect Of Unusual Items": -320040400.0,
        "Tax Rate For Calcs": 0.4,
        "Total Unusual Items": -800101000.0,
        "Total Unusual Items Excluding Goodwill": -800101000.0,
        "Net Income From Continuing Operation Net Minority Interest": 16014143000.0,
        "Reconciled Depreciation": 1945728000.0,
        "Net Interest Income": 54275334000.0,
        "Interest Expense": 45420616000.0,
        "Interest Income": 99695950000.0,
        "Normalized Income": 16494203600.0,
        "Net Income From Continuing And Discontinued Operation": 16014143000.0,
        "Rent Expense Supplemental": 2190762000.0,
        "Diluted Average Shares": 204236667.0,
        "Basic Average Shares": 204236667.0,
        "Diluted EPS": 169.02,
        "Basic EPS": 169.02,
        "Diluted NI Availto Com Stockholders": 16014143000.0,
        "Net Income Common Stockholders": 16014143000.0,
        "Net Income": 16014143000.0,
        "Minority Interests": 126886000.0,
        "Net Income Including Noncontrolling Interests": 15887257000.0,
        "Net Income Continuous Operations": 15887257000.0,
        "Tax Provision": -7455252000.0,
        "Pretax Income": 8432005000.0,
        "Special Income Charges": -800101000.0,
        "Other Special Charges": 206151000.0,
        "Write Off": -567232000.0,
        "Restructuring And Mergern Acquisition": 1161182000.0,
        "Gain On Sale Of Security": 1247431000.0,
        "Depreciation Amortization Depletion Income Statement": 1665565000.0,
        "Depreciation And Amortization In Income Statement": 1665565000.0,
        "Amortization": 85537000.0,
        "Amortization Of Intangibles Income Statement": 85537000.0,
        "Depreciation Income Statement": 1580028000.0,
        "Selling General And Administration": 21085678000.0,
        "Selling And Marketing Expense": 601563000.0,
        "General And Administrative Expense": 20484115000.0,
        "Other Gand A": 5086508000.0,
        "Insurance And Claims": 472308000.0,
        "Rent And Landing Fees": 2190762000.0,
        "Salaries And Wages": 12734537000.0,
        "Total Revenue": 68482761000.0,
        "Operating Revenue": 68482761000.0
    },
    "2022-03-31": {
        "Diluted EPS": 0.19,
        "Total Revenue": 571,
        "Gross Profit": 291,
        "Operating Income": 54,
        "EBIT": NaN,
        "Net Income": 39
    },
    "2021-12-31": {
        "Diluted EPS": 0.02,
        "Total Revenue": 903,
        "Gross Profit": 555,
        "Operating Income": -91,
        "EBIT": NaN,
        "Net Income": -47
    },
    "2021-09-30": {
        "Diluted EPS": 0.17,
        "Total Revenue": 637,
        "Gross Profit": 401,
        "Operating Income": 76,
        "EBIT": NaN,
        "Net Income": 35
    },
    "2021-06-30": {
        "Diluted EPS": 0.13,
        "Total Revenue": 535,
        "Gross Profit": 330,
        "Operating Income": 161,
        "EBIT": NaN,
        "Net Income": 77
    },
    "2021-03-31": {
        "Diluted EPS": 0.17,
        "Total Revenue": 470,
        "Gross Profit": 299,
        "Operating Income": 114,
        "EBIT": NaN,
        "Net Income": 34
    },
    "2020-12-31": {
        "Diluted EPS": 0.08,
        "Total Revenue": 900,
        "Gross Profit": 670,
        "Operating Income": 236,
        "EBIT": NaN,
        "Net Income": 17
    },
    "2020-09-30": {
        "Diluted EPS": 0.19,
        "Total Revenue": 380,
        "Gross Profit": 251,
        "Operating Income": 55,
        "EBIT": NaN,
        "Net Income": 39
    },
    "2020-06-30": {
        "Diluted EPS": 0.18,
        "Total Revenue": 392,
        "Gross Profit": 296,
        "Operating Income": 141,
        "EBIT": NaN,
        "Net Income": 37
    },
    "2020-03-31": {
        "Diluted EPS": 0.25,
        "Total Revenue": 404,
        "Gross Profit": 270,
        "Operating Income": 86,
        "EBIT": NaN,
        "Net Income": 50
    },
    "2019-12-31": {
        "Diluted EPS": -0.96,
        "Total Revenue": 975,
        "Gross Profit": 651,
        "Operating Income": 342,
        "EBIT": NaN,
        "Net Income": -195
    },
    "2019-09-30": {
        "Diluted EPS": 1.07,
        "Total Revenue": 610,
        "Gross Profit": 378,
        "Operating Income": 214,
        "EBIT": NaN,
        "Net Income": 218
    },
    "2019-06-30": {
        "Diluted EPS": 0.76,
        "Total Revenue": 624,
        "Gross Profit": 396,
        "Operating Income": 207,
        "EBIT": NaN,
        "Net Income": 155
    },
    "2019-03-31": {
        "Diluted EPS": 0.76,
        "Total Revenue": 577,
        "Gross Profit": 355,
        "Operating Income": 215,
        "EBIT": NaN,
        "Net Income": 154
    },
    "2018-12-31": {
        "Diluted EPS": -1.57,
        "Total Revenue": 889,
        "Gross Profit": 489,
        "Operating Income": 111,
        "EBIT": NaN,
        "Net Income": -320
    },
    "2018-09-30": {
        "Diluted EPS": 0.47,
        "Total Revenue": 496,
        "Gross Profit": 312,
        "Operating Income": 134,
        "EBIT": NaN,
        "Net Income": 96
    },
    "2018-06-30": {
        "Diluted EPS": 0.45,
        "Total Revenue": 426,
        "Gross Profit": 274,
        "Operating Income": 196,
        "EBIT": NaN,
        "Net Income": 92
    },
    "2018-03-31": {
        "Diluted EPS": 0.39,
        "Total Revenue": 455,
        "Gross Profit": 312,
        "Operating Income": 113,
        "EBIT": NaN,
        "Net Income": 79
    },
    "2017-12-31": {
        "Diluted EPS": 0.43,
        "Total Revenue": 590,
        "Gross Profit": 386,
        "Operating Income": 193,
        "EBIT": NaN,
        "Net Income": 84
    },
    "2017-09-30": {
        "Diluted EPS": 0.32,
        "Total Revenue": 374,
        "Gross Profit": 267,
        "Operating Income": 115,
        "EBIT": NaN,
        "Net Income": 66
    },
    "2017-06-30": {
        "Diluted EPS": -0.1,
        "Total Revenue": 446,
        "Gross Profit": 332,
        "Operating Income": 14,
        "EBIT": NaN,
        "Net Income": -18
    },
    "2017-03-31": {
        "Diluted EPS": 0.57,
        "Total Revenue": 416,
        "Gross Profit": 278,
        "Operating Income": 69,
        "EBIT": NaN,
        "Net Income": 103
    },
    "2016-12-31": {
        "Diluted EPS": 0.2,
        "Total Revenue": 432,
        "Gross Profit": 337,
        "Operating Income": 75,
        "EBIT": NaN,
        "Net Income": 35
    },
    "2016-09-30": {
        "Diluted EPS": 0.35,
        "Total Revenue": 455,
        "Gross Profit": 305,
        "Operating Income": 104,
        "EBIT": NaN,
        "Net Income": 63
    },
    "2016-06-30": {
        "Diluted EPS": 0.38,
        "Total Revenue": 510,
        "Gross Profit": 342,
        "Operating Income": 133,
        "EBIT": NaN,
        "Net Income": 68
    },
    "2016-03-31": {
        "Diluted EPS": 0.45,
        "Total Revenue": 431,
        "Gross Profit": 268,
        "Operating Income": 103,
        "EBIT": NaN,
        "Net Income": 81
    },
    "2015-12-31": {
        "Diluted EPS": 0.68,
        "Total Revenue": 605,
        "Gross Profit": 426,
        "Operating Income": 202,
        "EBIT": NaN,
        "Net Income": 122
    },
    "2015-09-30": {
        "Diluted EPS": 0.6,
        "Total Revenue": 560,
        "Gross Profit": 400,
        "Operating Income": 171,
        "EBIT": NaN,
        "Net Income": 108
    },
    "2015-06-30": {
        "Diluted EPS": 0.42,
        "Total Revenue": 499,
        "Gross Profit": 349,
        "Operating Income": 129,
        "EBIT": NaN,
        "Net Income": 75
    },
    "2015-03-31": {
        "Diluted EPS": 0.6,
        "Total Revenue": 538,
        "Gross Profit": 400,
        "Operating Income": 168,
        "EBIT": NaN,
        "Net Income": 107
    },
    "2014-12-31": {
        "Diluted EPS": 0.51,
        "Total Revenue": 486,
        "Gross Profit": 354,
        "Operating Income": 127,
        "EBIT": NaN,
        "Net Income": 90
    },
    "2014-09-30": {
        "Diluted EPS": 0.42,
        "Total Revenue": 498,
        "Gross Profit": 356,
        "Operating Income": 121,
        "EBIT": NaN,
        "Net Income": 76
    },
    "2014-06-30": {
        "Diluted EPS": 0.28,
        "Total Revenue": 468,
        "Gross Profit": 308,
        "Operating Income": 99,
        "EBIT": NaN,
        "Net Income": 50
    },
    "2014-03-31": {
        "Diluted EPS": 1.01,
        "Total Revenue": 608,
        "Gross Profit": 457,
        "Operating Income": 245,
        "EBIT": NaN,
        "Net Income": 181
    },
    "2013-12-31": {
        "Diluted EPS": 0.86,
        "Total Revenue": 564,
        "Gross Profit": 413,
        "Operating Income": 190,
        "EBIT": NaN,
        "Net Income": 154
    },
    "2013-09-30": {
        "Diluted EPS": 0.57,
        "Total Revenue": 518,
        "Gross Profit": 390,
        "Operating Income": 157,
        "EBIT": NaN,
        "Net Income": 101
    },
    "2013-06-30": {
        "Diluted EPS": 0.27,
        "Total Revenue": 439,
        "Gross Profit": 330,
        "Operating Income": 103,
        "EBIT": NaN,
        "Net Income": 49
    },
    "2013-03-31": {
        "Diluted EPS": 0.38,
        "Total Revenue": 457,
        "Gross Profit": 354,
        "Operating Income": 127,
        "EBIT": NaN,
        "Net Income": 69
    },
    "2012-12-31": {
        "Diluted EPS": 0.32,
        "Total Revenue": 448,
        "Gross Profit": 347,
        "Operating Income": 118,
        "EBIT": NaN,
        "Net Income": 58
    },
    "2012-09-30": {
        "Diluted EPS": 0.51,
        "Total Revenue": 436,
        "Gross Profit": 342,
        "Operating Income": 137,
        "EBIT": NaN,
        "Net Income": 91
    },
    "2012-06-30": {
        "Diluted EPS": 0.41,
        "Total Revenue": 391,
        "Gross Profit": 309,
        "Operating Income": 124,
        "EBIT": NaN,
        "Net Income": 75
    },
    "2012-03-31": {
        "Diluted EPS": 0.31,
        "Total Revenue": 395,
        "Gross Profit": 293,
        "Operating Income": 103,
        "EBIT": NaN,
        "Net Income": 56
    },
    "2011-12-31": {
        "Diluted EPS": 0.66,
        "Total Revenue": 394,
        "Gross Profit": 296,
        "Operating Income": 107,
        "EBIT": NaN,
        "Net Income": 119
    },
    "2011-09-30": {
        "Diluted EPS": 0.16,
        "Total Revenue": 283,
        "Gross Profit": 216,
        "Operating Income": 51,
        "EBIT": NaN,
        "Net Income": 28
    },
    "2011-06-30": {
        "Diluted EPS": 0.27,
        "Total Revenue": 296,
        "Gross Profit": 239,
        "Operating Income": 98,
        "EBIT": NaN,
        "Net Income": 48
    },
    "2011-03-31": {
        "Diluted EPS": 0.27,
        "Total Revenue": 302,
        "Gross Profit": 250,
        "Operating Income": 91,
        "EBIT": NaN,
        "Net Income": 49
    },
    "2010-12-31": {
        "Diluted EPS": 0.57,
        "Total Revenue": 415,
        "Gross Profit": 369,
        "Operating Income": 204,
        "EBIT": NaN,
        "Net Income": 102
    },
    "2010-09-30": {
        "Diluted EPS": 0.62,
        "Total Revenue": 351,
        "Gross Profit": 308,
        "Operating Income": 142,
        "EBIT": NaN,
        "Net Income": 111
    },
    "2010-06-30": {
        "Diluted EPS": 0.29,
        "Total Revenue": 221,
        "Gross Profit": 183,
        "Operating Income": 51,
        "EBIT": NaN,
        "Net Income": 52
    },
    "2010-03-31": {
        "Diluted EPS": 0.24,
        "Total Revenue": 274,
        "Gross Profit": 236,
        "Operating Income": 92,
        "EBIT": NaN,
        "Net Income": 42
    },
    "2009-12-31": {
        "Diluted EPS": 0.54,
        "Total Revenue": 400,
        "Gross Profit": 355,
        "Operating Income": 199,
        "EBIT": NaN,
        "Net Income": 71
    },
    "2009-09-30": {
        "Diluted EPS": 0.42,
        "Total Revenue": 308,
        "Gross Profit": 258,
        "Operating Income": 112,
        "EBIT": NaN,
        "Net Income": 81
    },
    "2009-06-30": {
        "Diluted EPS": 0.09,
        "Total Revenue": 236,
        "Gross Profit": 183,
        "Operating Income": 52,
        "EBIT": NaN,
        "Net Income": 17
    },
    "2009-03-31": {
        "Diluted EPS": 0.14,
        "Total Revenue": 263,
        "Gross Profit": 197,
        "Operating Income": 65,
        "EBIT": NaN,
        "Net Income": 24
    },
    "2023-06-30": {
        "Tax Effect Of Unusual Items": NaN,
        "Tax Rate For Calcs": NaN,
        "Total Unusual Items": NaN,
        "Total Unusual Items Excluding Goodwill": NaN,
        "Net Income From Continuing Operation Net Minority Interest": NaN,
        "Reconciled Depreciation": NaN,
        "Net Interest Income": NaN,
        "Interest Expense": NaN,
        "Interest Income": NaN,
        "Normalized Income": NaN,
        "Net Income From Continuing And Discontinued Operation": NaN,
        "Rent Expense Supplemental": NaN,
        "Diluted Average Shares": 204236693.0,
        "Basic Average Shares": 204236693.0,
        "Diluted EPS": 546.787403,
        "Basic EPS": 546.787403,
        "Diluted NI Availto Com Stockholders": NaN,
        "Net Income Common Stockholders": NaN,
        "Net Income": NaN,
        "Minority Interests": NaN,
        "Net Income Including Noncontrolling Interests": NaN,
        "Net Income Continuous Operations": NaN,
        "Tax Provision": NaN,
        "Pretax Income": NaN,
        "Special Income Charges": NaN,
        "Gain On Sale Of Business": 0.0,
        "Other Special Charges": -542000000.0,
        "Write Off": -8509238000.0,
        "Restructuring And Mergern Acquisition": NaN,
        "Gain On Sale Of Security": NaN,
        "Depreciation Amortization Depletion Income Statement": NaN,
        "Depreciation And Amortization In Income Statement": NaN,
        "Amortization": 411548000.0,
        "Amortization Of Intangibles Income Statement": 411548000.0,
        "Depreciation Income Statement": 3080855000.0,
        "Selling General And Administration": NaN,
        "Selling And Marketing Expense": NaN,
        "General And Administrative Expense": NaN,
        "Other Gand A": NaN,
        "Insurance And Claims": NaN,
        "Rent And Landing Fees": NaN,
        "Salaries And Wages": NaN,
        "Total Revenue": NaN,
        "Operating Revenue": NaN,
        "Other Non Interest Expense": NaN
    },
    "2023-09-30": {
        "Tax Effect Of Unusual Items": NaN,
        "Tax Rate For Calcs": NaN,
        "Total Unusual Items": NaN,
        "Total Unusual Items Excluding Goodwill": NaN,
        "Net Income From Continuing Operation Net Minority Interest": NaN,
        "Reconciled Depreciation": NaN,
        "Net Interest Income": NaN,
        "Interest Expense": NaN,
        "Interest Income": NaN,
        "Normalized Income": NaN,
        "Net Income From Continuing And Discontinued Operation": NaN,
        "Rent Expense Supplemental": NaN,
        "Diluted Average Shares": NaN,
        "Basic Average Shares": NaN,
        "Diluted EPS": NaN,
        "Basic EPS": NaN,
        "Diluted NI Availto Com Stockholders": NaN,
        "Net Income Common Stockholders": NaN,
        "Net Income": NaN,
        "Minority Interests": NaN,
        "Net Income Including Noncontrolling Interests": NaN,
        "Net Income Continuous Operations": NaN,
        "Tax Provision": NaN,
        "Pretax Income": NaN,
        "Special Income Charges": NaN,
        "Other Special Charges": NaN,
        "Write Off": -12570133000.0,
        "Restructuring And Mergern Acquisition": 0.0,
        "Gain On Sale Of Security": NaN,
        "Depreciation Amortization Depletion Income Statement": NaN,
        "Depreciation And Amortization In Income Statement": NaN,
        "Depreciation Income Statement": 4370952000.0,
        "Selling General And Administration": NaN,
        "Selling And Marketing Expense": NaN,
        "General And Administrative Expense": NaN,
        "Other Gand A": NaN,
        "Insurance And Claims": NaN,
        "Rent And Landing Fees": NaN,
        "Salaries And Wages": NaN,
        "Total Revenue": NaN,
        "Operating Revenue": NaN,
        "Other Non Interest Expense": NaN
    },
    "2023-12-31": {
        "Tax Effect Of Unusual Items": NaN,
        "Tax Rate For Calcs": NaN,
        "Total Unusual Items": NaN,
        "Total Unusual Items Excluding Goodwill": NaN,
        "Net Income From Continuing Operation Net Minority Interest": NaN,
        "Reconciled Depreciation": NaN,
        "Net Interest Income": NaN,
        "Interest Expense": NaN,
        "Interest Income": NaN,
        "Normalized Income": NaN,
        "Net Income From Continuing And Discontinued Operation": NaN,
        "Rent Expense Supplemental": NaN,
        "Diluted Average Shares": NaN,
        "Basic Average Shares": NaN,
        "Diluted EPS": NaN,
        "Basic EPS": NaN,
        "Diluted NI Availto Com Stockholders": NaN,
        "Net Income Common Stockholders": NaN,
        "Net Income": NaN,
        "Minority Interests": NaN,
        "Net Income Including Noncontrolling Interests": NaN,
        "Net Income Continuous Operations": NaN,
        "Tax Provision": NaN,
        "Pretax Income": NaN,
        "Special Income Charges": NaN,
        "Other Special Charges": NaN,
        "Write Off": NaN,
        "Restructuring And Mergern Acquisition": 0.0,
        "Gain On Sale Of Security": NaN,
        "Depreciation Amortization Depletion Income Statement": NaN,
        "Depreciation And Amortization In Income Statement": NaN,
        "Depreciation Income Statement": 10366758000.0,
        "Selling General And Administration": NaN,
        "Selling And Marketing Expense": NaN,
        "General And Administrative Expense": NaN,
        "Other Gand A": NaN,
        "Insurance And Claims": NaN,
        "Rent And Landing Fees": NaN,
        "Salaries And Wages": NaN,
        "Total Revenue": NaN,
        "Operating Revenue": NaN,
        "Other Non Interest Expense": NaN
    },
    "2024-03-31": {
        "Tax Effect Of Unusual Items": NaN,
        "Tax Rate For Calcs": NaN,
        "Total Unusual Items": NaN,
        "Total Unusual Items Excluding Goodwill": NaN,
        "Net Income From Continuing Operation Net Minority Interest": NaN,
        "Reconciled Depreciation": NaN,
        "Net Interest Income": NaN,
        "Interest Expense": NaN,
        "Interest Income": NaN,
        "Normalized Income": NaN,
        "Net Income From Continuing And Discontinued Operation": NaN,
        "Rent Expense Supplemental": NaN,
        "Diluted Average Shares": NaN,
        "Basic Average Shares": NaN,
        "Diluted EPS": NaN,
        "Basic EPS": NaN,
        "Diluted NI Availto Com Stockholders": NaN,
        "Net Income Common Stockholders": NaN,
        "Net Income": NaN,
        "Minority Interests": NaN,
        "Net Income Including Noncontrolling Interests": NaN,
        "Net Income Continuous Operations": NaN,
        "Tax Provision": NaN,
        "Pretax Income": NaN,
        "Special Income Charges": NaN,
        "Other Special Charges": 889158397000.0,
        "Write Off": -98117701000.0,
        "Gain On Sale Of Security": NaN,
        "Depreciation Amortization Depletion Income Statement": NaN,
        "Depreciation And Amortization In Income Statement": NaN,
        "Selling General And Administration": NaN,
        "Selling And Marketing Expense": NaN,
        "General And Administrative Expense": NaN,
        "Other Gand A": NaN,
        "Insurance And Claims": NaN,
        "Rent And Landing Fees": NaN,
        "Salaries And Wages": NaN,
        "Total Revenue": NaN,
        "Operating Revenue": NaN,
        "Other Non Interest Expense": NaN
    },
    "2024-06-30": {
        "Tax Effect Of Unusual Items": NaN,
        "Tax Rate For Calcs": NaN,
        "Total Unusual Items": NaN,
        "Total Unusual Items Excluding Goodwill": NaN,
        "Net Income From Continuing Operation Net Minority Interest": NaN,
        "Reconciled Depreciation": NaN,
        "Net Interest Income": NaN,
        "Interest Expense": NaN,
        "Interest Income": NaN,
        "Normalized Income": NaN,
        "Net Income From Continuing And Discontinued Operation": NaN,
        "Rent Expense Supplemental": NaN,
        "Diluted Average Shares": NaN,
        "Basic Average Shares": NaN,
        "Diluted EPS": NaN,
        "Basic EPS": NaN,
        "Diluted NI Availto Com Stockholders": NaN,
        "Net Income Common Stockholders": NaN,
        "Net Income": NaN,
        "Minority Interests": NaN,
        "Net Income Including Noncontrolling Interests": NaN,
        "Net Income Continuous Operations": NaN,
        "Tax Provision": NaN,
        "Pretax Income": NaN,
        "Special Income Charges": NaN,
        "Other Special Charges": 377573473000.0,
        "Write Off": -19057509000.0,
        "Gain On Sale Of Security": NaN,
        "Depreciation Amortization Depletion Income Statement": NaN,
        "Depreciation And Amortization In Income Statement": NaN,
        "Depreciation Income Statement": NaN,
        "Selling General And Administration": NaN,
        "Selling And Marketing Expense": NaN,
        "General And Administrative Expense": NaN,
        "Other Gand A": NaN,
        "Insurance And Claims": NaN,
        "Rent And Landing Fees": NaN,
        "Salaries And Wages": NaN,
        "Total Revenue": NaN,
        "Operating Revenue": NaN,
        "Other Non Interest Expense": NaN
    },
    "2024-09-30": {
        "Tax Effect Of Unusual Items": -30162090883.47016,
        "Tax Rate For Calcs": 0.199124,
        "Total Unusual Items": -151474000000.0,
        "Total Unusual Items Excluding Goodwill": -151474000000.0,
        "Net Income From Continuing Operation Net Minority Interest": 131326000000.0,
        "Reconciled Depreciation": 8314241000.0,
        "Net Interest Income": 607665000000.0,
        "Interest Expense": 396469000000.0,
        "Interest Income": 1004134000000.0,
        "Normalized Income": 252637909116.52985,
        "Net Income From Continuing And Discontinued Operation": 131326000000.0,
        "Rent Expense Supplemental": 13888000000.0,
        "Diluted Average Shares": 204236667.0,
        "Basic Average Shares": 204236667.0,
        "Diluted EPS": 643.008927,
        "Basic EPS": 643.008927,
        "Diluted NI Availto Com Stockholders": 131326000000.0,
        "Net Income Common Stockholders": 131326000000.0,
        "Net Income": 131326000000.0,
        "Minority Interests": 607000000.0,
        "Net Income Including Noncontrolling Interests": 130719000000.0,
        "Net Income Continuous Operations": 130719000000.0,
        "Tax Provision": 32501000000.0,
        "Pretax Income": 163220000000.0,
        "Special Income Charges": -151724000000.0,
        "Other Special Charges": 224643000000.0,
        "Write Off": -72919000000.0,
        "Gain On Sale Of Security": 38440000000.0,
        "Depreciation Amortization Depletion Income Statement": 21796000000.0,
        "Depreciation And Amortization In Income Statement": 21796000000.0,
        "Depreciation Income Statement": 21796000000.0,
        "Selling General And Administration": 264742000000.0,
        "Selling And Marketing Expense": 9688000000.0,
        "General And Administrative Expense": 255054000000.0,
        "Other Gand A": 103220000000.0,
        "Insurance And Claims": 5028000000.0,
        "Rent And Landing Fees": 13888000000.0,
        "Salaries And Wages": 132918000000.0,
        "Total Revenue": 771555000000.0,
        "Operating Revenue": 771555000000.0,
        "Other Non Interest Expense": 120011000000.0
    },
    "2024-12-31": {
        "Tax Effect Of Unusual Items": 364130441850.0,
        "Tax Rate For Calcs": 0.35,
        "Total Unusual Items": 1040372691000.0,
        "Total Unusual Items Excluding Goodwill": 1040372691000.0,
        "Net Income From Continuing Operation Net Minority Interest": 90021180000.0,
        "Reconciled Depreciation": 29292633000.0,
        "Net Interest Income": 677116650000.0,
        "Interest Expense": 484142166000.0,
        "Interest Income": 1161258816000.0,
        "Normalized Income": -586221069150.0,
        "Net Income From Continuing And Discontinued Operation": 90021180000.0,
        "Rent Expense Supplemental": 20337818000.0,
        "Diluted Average Shares": 204236218.0,
        "Basic Average Shares": 204236218.0,
        "Diluted EPS": 299.418,
        "Basic EPS": 299.418,
        "Diluted NI Availto Com Stockholders": 90021180000.0,
        "Net Income Common Stockholders": 90021180000.0,
        "Net Income": 90021180000.0,
        "Minority Interests": -3595753000.0,
        "Net Income Including Noncontrolling Interests": 93616933000.0,
        "Net Income Continuous Operations": 93616933000.0,
        "Tax Provision": -53604923000.0,
        "Pretax Income": 40012010000.0,
        "Special Income Charges": 1077960269000.0,
        "Other Special Charges": NaN,
        "Write Off": NaN,
        "Gain On Sale Of Security": 1106004000.0,
        "Depreciation Amortization Depletion Income Statement": 29285611000.0,
        "Depreciation And Amortization In Income Statement": 29285611000.0,
        "Depreciation Income Statement": NaN,
        "Selling General And Administration": 313765618000.0,
        "Selling And Marketing Expense": 9103914000.0,
        "General And Administrative Expense": 304661704000.0,
        "Other Gand A": 106405907000.0,
        "Insurance And Claims": 5145320000.0,
        "Rent And Landing Fees": 20337818000.0,
        "Salaries And Wages": 172772659000.0,
        "Total Revenue": 731146232000.0,
        "Operating Revenue": 731146232000.0,
        "Other Non Interest Expense": 113153696000.0
    },
    "2025-03-31": {
        "Tax Effect Of Unusual Items": -26410543020.0,
        "Tax Rate For Calcs": 0.38,
        "Total Unusual Items": -69501429000.0,
        "Total Unusual Items Excluding Goodwill": -69501429000.0,
        "Net Income From Continuing Operation Net Minority Interest": 78432023000.0,
        "Reconciled Depreciation": 20779232000.0,
        "Net Interest Income": 553094258000.0,
        "Interest Expense": 377768134000.0,
        "Interest Income": 930862392000.0,
        "Normalized Income": 121522908980.0,
        "Net Income From Continuing And Discontinued Operation": 78432023000.0,
        "Rent Expense Supplemental": 14334599000.0,
        "Diluted Average Shares": 204236693.0,
        "Basic Average Shares": 204236693.0,
        "Diluted EPS": 384.0252,
        "Basic EPS": 384.0252,
        "Diluted NI Availto Com Stockholders": 78432023000.0,
        "Net Income Common Stockholders": 78432023000.0,
        "Net Income": 78432023000.0,
        "Minority Interests": -3176041000.0,
        "Net Income Including Noncontrolling Interests": 81608064000.0,
        "Net Income Continuous Operations": 81608064000.0,
        "Tax Provision": 50235596000.0,
        "Pretax Income": 131843660000.0,
        "Special Income Charges": -69501429000.0,
        "Other Special Charges": 149643974000.0,
        "Write Off": -80142545000.0,
        "Gain On Sale Of Security": 32201067000.0,
        "Depreciation Amortization Depletion Income Statement": 20779232000.0,
        "Depreciation And Amortization In Income Statement": 20779232000.0,
        "Depreciation Income Statement": NaN,
        "Selling General And Administration": 254226710000.0,
        "Selling And Marketing Expense": 13477383000.0,
        "General And Administrative Expense": 240749327000.0,
        "Other Gand A": 99223340000.0,
        "Insurance And Claims": 5825944000.0,
        "Rent And Landing Fees": 14334599000.0,
        "Salaries And Wages": 121365444000.0,
        "Total Revenue": 692650137000.0,
        "Operating Revenue": 692650137000.0,
        "Other Non Interest Expense": 124291465000.0
    },
    "2025-06-30": {
        "Tax Effect Of Unusual Items": -37461568037.67546,
        "Tax Rate For Calcs": 0.336555,
        "Total Unusual Items": -111308950000.0,
        "Total Unusual Items Excluding Goodwill": -111308950000.0,
        "Net Income From Continuing Operation Net Minority Interest": 55355997000.0,
        "Reconciled Depreciation": 24836308000.0,
        "Net Interest Income": 597798164000.0,
        "Interest Expense": 459763713000.0,
        "Interest Income": 1057561877000.0,
        "Normalized Income": 129203378962.32454,
        "Net Income From Continuing And Discontinued Operation": 55355997000.0,
        "Rent Expense Supplemental": 15930540000.0,
        "Diluted Average Shares": 204236693.0,
        "Basic Average Shares": 204236693.0,
        "Diluted EPS": 271.038451,
        "Basic EPS": 271.038451,
        "Diluted NI Availto Com Stockholders": 55355997000.0,
        "Net Income Common Stockholders": 55355997000.0,
        "Net Income": 55355997000.0,
        "Minority Interests": -4260425000.0,
        "Net Income Including Noncontrolling Interests": 59616422000.0,
        "Net Income Continuous Operations": 59616422000.0,
        "Tax Provision": 30242435000.0,
        "Pretax Income": 89858857000.0,
        "Special Income Charges": -111308950000.0,
        "Other Special Charges": 111015049000.0,
        "Write Off": 293901000.0,
        "Gain On Sale Of Security": 45851497000.0,
        "Depreciation Amortization Depletion Income Statement": 23586949000.0,
        "Depreciation And Amortization In Income Statement": 23586949000.0,
        "Depreciation Income Statement": NaN,
        "Selling General And Administration": 275155707000.0,
        "Selling And Marketing Expense": 11930089000.0,
        "General And Administrative Expense": 263225618000.0,
        "Other Gand A": 99131790000.0,
        "Insurance And Claims": 6146365000.0,
        "Rent And Landing Fees": 15930540000.0,
        "Salaries And Wages": 142016923000.0,
        "Total Revenue": 794408629000.0,
        "Operating Revenue": 794408629000.0,
        "Other Non Interest Expense": 157245724000.0
    },
    "2025-09-30": {
        "Tax Effect Of Unusual Items": -43956239923.068146,
        "Tax Rate For Calcs": 0.379476,
        "Total Unusual Items": -115834000000.0,
        "Total Unusual Items Excluding Goodwill": -115834000000.0,
        "Net Income From Continuing Operation Net Minority Interest": 35086000000.0,
        "Reconciled Depreciation": 24816000000.0,
        "Net Interest Income": 588290000000.0,
        "Interest Expense": 727569000000.0,
        "Interest Income": 1315859000000.0,
        "Normalized Income": 106963760076.93185,
        "Net Income From Continuing And Discontinued Operation": 35086000000.0,
        "Rent Expense Supplemental": 17359000000.0,
        "Diluted Average Shares": 204236693.0,
        "Basic Average Shares": 204236693.0,
        "Diluted EPS": 171.0,
        "Basic EPS": 171.0,
        "Diluted NI Availto Com Stockholders": 35086000000.0,
        "Net Income Common Stockholders": 35086000000.0,
        "Net Income": 35086000000.0,
        "Minority Interests": -2985000000.0,
        "Net Income Including Noncontrolling Interests": 38071000000.0,
        "Net Income Continuous Operations": 38071000000.0,
        "Tax Provision": 23282000000.0,
        "Pretax Income": 61353000000.0,
        "Special Income Charges": -114374000000.0,
        "Other Special Charges": 110947000000.0,
        "Write Off": 3427000000.0,
        "Gain On Sale Of Security": 25253000000.0,
        "Depreciation Amortization Depletion Income Statement": 24816000000.0,
        "Depreciation And Amortization In Income Statement": 24816000000.0,
        "Depreciation Income Statement": 24816000000.0,
        "Selling General And Administration": 277372000000.0,
        "Selling And Marketing Expense": 10070000000.0,
        "General And Administrative Expense": 267302000000.0,
        "Other Gand A": 95562000000.0,
        "Insurance And Claims": 6974000000.0,
        "Rent And Landing Fees": 17359000000.0,
        "Salaries And Wages": 147407000000.0,
        "Total Revenue": 844912000000.0,
        "Operating Revenue": 844912000000.0,
        "Other Non Interest Expense": 167223000000.0
    }
}