{
    "2023-04-30": {
        "Tax Effect Of Unusual Items": NaN,
        "Tax Rate For Calcs": NaN,
        "Normalized EBITDA": NaN,
        "Total Unusual Items": 1172000.0,
        "Total Unusual Items Excluding Goodwill": 1172000.0,
        "Net Income From Continuing Operation Net Minority Interest": NaN,
        "Reconciled Depreciation": NaN,
        "Reconciled Cost Of Revenue": NaN,
        "EBITDA": NaN,
        "EBIT": NaN,
        "Net Interest Income": NaN,
        "Interest Expense": NaN,
        "Interest Income": NaN,
        "Normalized Income": NaN,
        "Net Income From Continuing And Discontinued Operation": NaN,
        "Total Expenses": NaN,
        "Total Operating Income As Reported": NaN,
        "Diluted Average Shares": NaN,
        "Basic Average Shares": NaN,
        "Diluted EPS": NaN,
        "Basic EPS": NaN,
        "Diluted NI Availto Com Stockholders": NaN,
        "Average Dilution Earnings": NaN,
        "Net Income Common Stockholders": NaN,
        "Otherunder Preferred Stock Dividend": NaN,
        "Preferred Stock Dividends": NaN,
        "Net Income": NaN,
        "Net Income Including Noncontrolling Interests": NaN,
        "Net Income Continuous Operations": NaN,
        "Tax Provision": NaN,
        "Pretax Income": NaN,
        "Other Income Expense": NaN,
        "Other Non Operating Income Expenses": NaN,
        "Gain On Sale Of Security": 1172000.0,
        "Net Non Operating Interest Income Expense": NaN,
        "Interest Expense Non Operating": NaN,
        "Interest Income Non Operating": NaN,
        "Operating Income": NaN,
        "Operating Expense": NaN,
        "Selling General And Administration": NaN,
        "General And Administrative Expense": NaN,
        "Other Gand A": NaN,
        "Gross Profit": NaN,
        "Cost Of Revenue": NaN,
        "Total Revenue": NaN,
        "Operating Revenue": NaN
    },
    "2023-01-31": {
        "Tax Effect Of Unusual Items": NaN,
        "Tax Rate For Calcs": NaN,
        "Normalized EBITDA": NaN,
        "Total Unusual Items": 4556000.0,
        "Total Unusual Items Excluding Goodwill": 4556000.0,
        "Net Income From Continuing Operation Net Minority Interest": NaN,
        "Reconciled Depreciation": NaN,
        "Reconciled Cost Of Revenue": NaN,
        "EBITDA": NaN,
        "EBIT": NaN,
        "Net Interest Income": NaN,
        "Interest Expense": NaN,
        "Interest Income": NaN,
        "Normalized Income": NaN,
        "Net Income From Continuing And Discontinued Operation": NaN,
        "Total Expenses": NaN,
        "Total Operating Income As Reported": NaN,
        "Diluted Average Shares": NaN,
        "Basic Average Shares": NaN,
        "Diluted EPS": NaN,
        "Basic EPS": NaN,
        "Diluted NI Availto Com Stockholders": NaN,
        "Average Dilution Earnings": NaN,
        "Net Income Common Stockholders": NaN,
        "Otherunder Preferred Stock Dividend": NaN,
        "Preferred Stock Dividends": NaN,
        "Net Income": NaN,
        "Net Income Including Noncontrolling Interests": NaN,
        "Net Income Continuous Operations": NaN,
        "Tax Provision": NaN,
        "Pretax Income": NaN,
        "Other Income Expense": NaN,
        "Other Non Operating Income Expenses": NaN,
        "Special Income Charges": -3000.0,
        "Restructuring And Mergern Acquisition": 3000.0,
        "Gain On Sale Of Security": 4556000.0,
        "Net Non Operating Interest Income Expense": NaN,
        "Interest Expense Non Operating": NaN,
        "Interest Income Non Operating": NaN,
        "Operating Income": NaN,
        "Operating Expense": NaN,
        "Selling General And Administration": NaN,
        "General And Administrative Expense": NaN,
        "Other Gand A": NaN,
        "Gross Profit": NaN,
        "Cost Of Revenue": NaN,
        "Total Revenue": NaN,
        "Operating Revenue": NaN
    },
    "2022-10-31": {
        "Tax Effect Of Unusual Items": NaN,
        "Tax Rate For Calcs": NaN,
        "Normalized EBITDA": NaN,
        "Total Unusual Items": NaN,
        "Total Unusual Items Excluding Goodwill": NaN,
        "Net Income From Continuing Operation Net Minority Interest": NaN,
        "Reconciled Depreciation": NaN,
        "Reconciled Cost Of Revenue": NaN,
        "EBITDA": NaN,
        "EBIT": NaN,
        "Net Interest Income": NaN,
        "Interest Expense": NaN,
        "Normalized Income": NaN,
        "Net Income From Continuing And Discontinued Operation": NaN,
        "Total Expenses": NaN,
        "Total Operating Income As Reported": NaN,
        "Diluted Average Shares": NaN,
        "Basic Average Shares": NaN,
        "Diluted EPS": NaN,
        "Basic EPS": NaN,
        "Diluted NI Availto Com Stockholders": NaN,
        "Average Dilution Earnings": NaN,
        "Net Income Common Stockholders": NaN,
        "Otherunder Preferred Stock Dividend": NaN,
        "Preferred Stock Dividends": NaN,
        "Net Income": NaN,
        "Net Income Including Noncontrolling Interests": NaN,
        "Net Income Continuous Operations": NaN,
        "Tax Provision": NaN,
        "Pretax Income": NaN,
        "Other Income Expense": NaN,
        "Other Non Operating Income Expenses": NaN,
        "Special Income Charges": -259000.0,
        "Restructuring And Mergern Acquisition": 259000.0,
        "Gain On Sale Of Security": NaN,
        "Net Non Operating Interest Income Expense": NaN,
        "Interest Expense Non Operating": NaN,
        "Operating Income": NaN,
        "Operating Expense": NaN,
        "Selling General And Administration": NaN,
        "General And Administrative Expense": NaN,
        "Other Gand A": NaN,
        "Gross Profit": NaN,
        "Cost Of Revenue": NaN,
        "Total Revenue": NaN,
        "Operating Revenue": NaN
    },
    "2022-07-31": {
        "Tax Effect Of Unusual Items": 1092202.75197,
        "Tax Rate For Calcs": 0.147595,
        "Normalized EBITDA": 30314000.0,
        "Total Unusual Items": 7400000.0,
        "Total Unusual Items Excluding Goodwill": 7400000.0,
        "Net Income From Continuing Operation Net Minority Interest": 14496000.0,
        "Reconciled Depreciation": 14191000.0,
        "Reconciled Cost Of Revenue": 61135000.0,
        "EBITDA": 37714000.0,
        "EBIT": 23523000.0,
        "Net Interest Income": -6517000.0,
        "Interest Expense": 6517000.0,
        "Normalized Income": 8188202.75197,
        "Net Income From Continuing And Discontinued Operation": 14496000.0,
        "Total Expenses": 88362000.0,
        "Total Operating Income As Reported": 16087000.0,
        "Diluted Average Shares": 57286563.0,
        "Basic Average Shares": 54012404.0,
        "Diluted EPS": 0.22,
        "Basic EPS": 0.22,
        "Diluted NI Availto Com Stockholders": 13853000.0,
        "Average Dilution Earnings": 451000.0,
        "Net Income Common Stockholders": 13402000.0,
        "Otherunder Preferred Stock Dividend": 1094000.0,
        "Preferred Stock Dividends": NaN,
        "Net Income": 14496000.0,
        "Net Income Including Noncontrolling Interests": 14496000.0,
        "Net Income Continuous Operations": 14496000.0,
        "Tax Provision": 2510000.0,
        "Pretax Income": 17006000.0,
        "Other Income Expense": 7416000.0,
        "Other Non Operating Income Expenses": 16000.0,
        "Special Income Charges": -20000.0,
        "Restructuring And Mergern Acquisition": 20000.0,
        "Gain On Sale Of Security": 7420000.0,
        "Net Non Operating Interest Income Expense": -6517000.0,
        "Interest Expense Non Operating": 6517000.0,
        "Operating Income": 16107000.0,
        "Operating Expense": 27227000.0,
        "Selling General And Administration": 27227000.0,
        "General And Administrative Expense": 27227000.0,
        "Other Gand A": 27227000.0,
        "Gross Profit": 43334000.0,
        "Cost Of Revenue": 61135000.0,
        "Total Revenue": 104469000.0,
        "Operating Revenue": 104469000.0
    },
    "2022-04-30": {
        "Diluted EPS": 0.1,
        "Total Revenue": 96,
        "Gross Profit": 39,
        "Operating Income": 10,
        "EBIT": 25,
        "Net Income": 6
    },
    "2022-01-31": {
        "Diluted EPS": 0.01,
        "Total Revenue": 85,
        "Gross Profit": 34,
        "Operating Income": 7,
        "EBIT": 22,
        "Net Income": 1
    },
    "2021-10-31": {
        "Diluted EPS": 0.07,
        "Total Revenue": 88,
        "Gross Profit": 37,
        "Operating Income": 12,
        "EBIT": 26,
        "Net Income": 3
    },
    "2021-07-31": {
        "Diluted EPS": 0.07,
        "Total Revenue": 81,
        "Gross Profit": 37,
        "Operating Income": 12,
        "EBIT": 26,
        "Net Income": 4
    },
    "2021-04-30": {
        "Diluted EPS": -0.21,
        "Total Revenue": 77,
        "Gross Profit": 33,
        "Operating Income": 7,
        "EBIT": 21,
        "Net Income": -11
    },
    "2021-01-31": {
        "Diluted EPS": -0.24,
        "Total Revenue": 70,
        "Gross Profit": 30,
        "Operating Income": 7,
        "EBIT": 22,
        "Net Income": -13
    },
    "2020-10-31": {
        "Diluted EPS": -0.08,
        "Total Revenue": 79,
        "Gross Profit": 35,
        "Operating Income": 4,
        "EBIT": 22,
        "Net Income": -4
    },
    "2020-07-31": {
        "Diluted EPS": 0.0,
        "Total Revenue": 77,
        "Gross Profit": 38,
        "Operating Income": 11,
        "EBIT": 27,
        "Net Income": 0
    },
    "2020-04-30": {
        "Diluted EPS": -1.06,
        "Total Revenue": 74,
        "Gross Profit": 32,
        "Operating Income": -52,
        "EBIT": 22,
        "Net Income": -56
    },
    "2020-01-31": {
        "Diluted EPS": -0.06,
        "Total Revenue": 74,
        "Gross Profit": 32,
        "Operating Income": 6,
        "EBIT": 22,
        "Net Income": -3
    },
    "2019-10-31": {
        "Diluted EPS": 0.05,
        "Total Revenue": 84,
        "Gross Profit": 39,
        "Operating Income": 11,
        "EBIT": 29,
        "Net Income": -6
    },
    "2019-07-31": {
        "Diluted EPS": 0.05,
        "Total Revenue": 79,
        "Gross Profit": 39,
        "Operating Income": 11,
        "EBIT": 26,
        "Net Income": 2
    },
    "2019-04-30": {
        "Diluted EPS": -0.35,
        "Total Revenue": 62,
        "Gross Profit": 24,
        "Operating Income": 1,
        "EBIT": 15,
        "Net Income": -10
    },
    "2019-01-31": {
        "Diluted EPS": -0.73,
        "Total Revenue": 58,
        "Gross Profit": 23,
        "Operating Income": -10,
        "EBIT": 2,
        "Net Income": -27
    },
    "2018-12-31": {
        "Diluted EPS": -0.67,
        "Total Revenue": NaN,
        "Gross Profit": NaN,
        "Operating Income": 34,
        "EBIT": 34,
        "Net Income": -5
    },
    "2018-10-31": {
        "Diluted EPS": 2.82,
        "Total Revenue": 67,
        "Gross Profit": 29,
        "Operating Income": -91,
        "EBIT": -84,
        "Net Income": 23
    },
    "2018-09-30": {
        "Diluted EPS": -0.37,
        "Total Revenue": NaN,
        "Gross Profit": NaN,
        "Operating Income": -3,
        "EBIT": -3,
        "Net Income": -3
    },
    "2018-07-31": {
        "Diluted EPS": 0.34,
        "Total Revenue": 67,
        "Gross Profit": 30,
        "Operating Income": 12,
        "EBIT": 19,
        "Net Income": 3
    },
    "2018-06-30": {
        "Diluted EPS": 0.01,
        "Total Revenue": NaN,
        "Gross Profit": NaN,
        "Operating Income": -1,
        "EBIT": -1,
        "Net Income": 0
    },
    "2018-04-30": {
        "Diluted EPS": 0.39,
        "Total Revenue": 56,
        "Gross Profit": 24,
        "Operating Income": 11,
        "EBIT": 17,
        "Net Income": 3
    },
    "2018-03-31": {
        "Diluted EPS": 0.01,
        "Total Revenue": NaN,
        "Gross Profit": NaN,
        "Operating Income": -1,
        "EBIT": -1,
        "Net Income": 0
    },
    "2018-01-31": {
        "Diluted EPS": 1.55,
        "Total Revenue": 53,
        "Gross Profit": 23,
        "Operating Income": 9,
        "EBIT": 15,
        "Net Income": 13
    },
    "2017-12-31": {
        "Diluted EPS": 0.0,
        "Total Revenue": NaN,
        "Gross Profit": NaN,
        "Operating Income": NaN,
        "EBIT": NaN,
        "Net Income": NaN
    },
    "2017-09-30": {
        "Diluted EPS": 0.01,
        "Total Revenue": NaN,
        "Gross Profit": NaN,
        "Operating Income": 0,
        "EBIT": 0,
        "Net Income": 0
    },
    "2017-07-31": {
        "Diluted EPS": 0.0,
        "Total Revenue": NaN,
        "Gross Profit": NaN,
        "Operating Income": 0,
        "EBIT": 0,
        "Net Income": 0
    },
    "2023-07-31": {
        "Tax Effect Of Unusual Items": NaN,
        "Tax Rate For Calcs": NaN,
        "Normalized EBITDA": NaN,
        "Total Unusual Items": 911000.0,
        "Total Unusual Items Excluding Goodwill": 911000.0,
        "Net Income From Continuing Operation Net Minority Interest": NaN,
        "Reconciled Depreciation": NaN,
        "Reconciled Cost Of Revenue": NaN,
        "EBITDA": NaN,
        "EBIT": NaN,
        "Net Interest Income": NaN,
        "Interest Expense": NaN,
        "Interest Income": 0.0,
        "Normalized Income": NaN,
        "Net Income From Continuing And Discontinued Operation": NaN,
        "Total Expenses": NaN,
        "Total Operating Income As Reported": NaN,
        "Diluted Average Shares": NaN,
        "Basic Average Shares": NaN,
        "Diluted EPS": NaN,
        "Basic EPS": NaN,
        "Diluted NI Availto Com Stockholders": NaN,
        "Average Dilution Earnings": NaN,
        "Net Income Common Stockholders": NaN,
        "Otherunder Preferred Stock Dividend": NaN,
        "Preferred Stock Dividends": 441000.0,
        "Net Income": NaN,
        "Net Income Including Noncontrolling Interests": NaN,
        "Net Income Continuous Operations": NaN,
        "Tax Provision": NaN,
        "Pretax Income": NaN,
        "Other Income Expense": NaN,
        "Other Non Operating Income Expenses": NaN,
        "Special Income Charges": NaN,
        "Other Special Charges": NaN,
        "Gain On Sale Of Security": 911000.0,
        "Net Non Operating Interest Income Expense": NaN,
        "Interest Expense Non Operating": NaN,
        "Interest Income Non Operating": 0.0,
        "Operating Income": NaN,
        "Operating Expense": NaN,
        "Selling General And Administration": NaN,
        "General And Administrative Expense": NaN,
        "Other Gand A": NaN,
        "Gross Profit": NaN,
        "Cost Of Revenue": NaN,
        "Total Revenue": NaN,
        "Operating Revenue": NaN
    },
    "2023-10-31": {
        "Tax Effect Of Unusual Items": NaN,
        "Tax Rate For Calcs": NaN,
        "Normalized EBITDA": NaN,
        "Total Unusual Items": NaN,
        "Total Unusual Items Excluding Goodwill": NaN,
        "Net Income From Continuing Operation Net Minority Interest": NaN,
        "Reconciled Depreciation": NaN,
        "Reconciled Cost Of Revenue": NaN,
        "EBITDA": NaN,
        "EBIT": NaN,
        "Net Interest Income": NaN,
        "Interest Expense": NaN,
        "Interest Income": NaN,
        "Normalized Income": NaN,
        "Net Income From Continuing And Discontinued Operation": NaN,
        "Total Expenses": NaN,
        "Total Operating Income As Reported": NaN,
        "Diluted Average Shares": NaN,
        "Basic Average Shares": NaN,
        "Diluted EPS": NaN,
        "Basic EPS": NaN,
        "Diluted NI Availto Com Stockholders": NaN,
        "Average Dilution Earnings": NaN,
        "Net Income Common Stockholders": NaN,
        "Otherunder Preferred Stock Dividend": NaN,
        "Preferred Stock Dividends": 441000.0,
        "Net Income": NaN,
        "Net Income Including Noncontrolling Interests": NaN,
        "Net Income Continuous Operations": NaN,
        "Tax Provision": NaN,
        "Pretax Income": NaN,
        "Other Income Expense": NaN,
        "Other Non Operating Income Expenses": NaN,
        "Special Income Charges": NaN,
        "Other Special Charges": NaN,
        "Gain On Sale Of Security": 260000.0,
        "Net Non Operating Interest Income Expense": NaN,
        "Interest Expense Non Operating": NaN,
        "Interest Income Non Operating": NaN,
        "Operating Income": NaN,
        "Operating Expense": NaN,
        "Selling General And Administration": NaN,
        "General And Administrative Expense": NaN,
        "Other Gand A": NaN,
        "Gross Profit": NaN,
        "Cost Of Revenue": NaN,
        "Total Revenue": NaN,
        "Operating Revenue": NaN
    },
    "2024-01-31": {
        "Tax Effect Of Unusual Items": NaN,
        "Tax Rate For Calcs": NaN,
        "Normalized EBITDA": NaN,
        "Total Unusual Items": 130000.0,
        "Total Unusual Items Excluding Goodwill": 130000.0,
        "Net Income From Continuing Operation Net Minority Interest": NaN,
        "Reconciled Depreciation": NaN,
        "Reconciled Cost Of Revenue": NaN,
        "EBITDA": NaN,
        "EBIT": NaN,
        "Net Interest Income": NaN,
        "Interest Expense": NaN,
        "Interest Income": NaN,
        "Normalized Income": NaN,
        "Net Income From Continuing And Discontinued Operation": NaN,
        "Total Expenses": NaN,
        "Total Operating Income As Reported": NaN,
        "Diluted Average Shares": NaN,
        "Basic Average Shares": NaN,
        "Diluted EPS": NaN,
        "Basic EPS": NaN,
        "Diluted NI Availto Com Stockholders": NaN,
        "Average Dilution Earnings": 0.0,
        "Net Income Common Stockholders": NaN,
        "Otherunder Preferred Stock Dividend": NaN,
        "Preferred Stock Dividends": NaN,
        "Net Income": NaN,
        "Net Income Including Noncontrolling Interests": NaN,
        "Net Income Continuous Operations": NaN,
        "Tax Provision": NaN,
        "Pretax Income": NaN,
        "Other Income Expense": NaN,
        "Other Non Operating Income Expenses": NaN,
        "Special Income Charges": 0.0,
        "Other Special Charges": NaN,
        "Gain On Sale Of Security": 130000.0,
        "Net Non Operating Interest Income Expense": NaN,
        "Interest Expense Non Operating": NaN,
        "Interest Income Non Operating": NaN,
        "Operating Income": NaN,
        "Operating Expense": NaN,
        "Selling General And Administration": NaN,
        "General And Administrative Expense": NaN,
        "Other Gand A": NaN,
        "Gross Profit": NaN,
        "Cost Of Revenue": NaN,
        "Total Revenue": NaN,
        "Operating Revenue": NaN
    },
    "2024-04-30": {
        "Tax Effect Of Unusual Items": 0.0,
        "Tax Rate For Calcs": 0.21,
        "Normalized EBITDA": 26368000.0,
        "Total Unusual Items": 0.0,
        "Total Unusual Items Excluding Goodwill": 0.0,
        "Net Income From Continuing Operation Net Minority Interest": 3046000.0,
        "Reconciled Depreciation": 14239000.0,
        "Reconciled Cost Of Revenue": 65295000.0,
        "EBITDA": 26368000.0,
        "EBIT": 12129000.0,
        "Net Interest Income": -6873000.0,
        "Interest Expense": 6903000.0,
        "Interest Income": 30000.0,
        "Normalized Income": 3046000.0,
        "Net Income From Continuing And Discontinued Operation": 3046000.0,
        "Total Expenses": 95007000.0,
        "Total Operating Income As Reported": 12055000.0,
        "Diluted Average Shares": 54380000.0,
        "Basic Average Shares": 53430000.0,
        "Diluted EPS": 0.05,
        "Basic EPS": 0.05,
        "Diluted NI Availto Com Stockholders": 2579000.0,
        "Average Dilution Earnings": 1000.0,
        "Net Income Common Stockholders": 2578000.0,
        "Otherunder Preferred Stock Dividend": 468000.0,
        "Preferred Stock Dividends": NaN,
        "Net Income": 3046000.0,
        "Net Income Including Noncontrolling Interests": 3046000.0,
        "Net Income Continuous Operations": 3046000.0,
        "Tax Provision": 2180000.0,
        "Pretax Income": 5226000.0,
        "Other Income Expense": 44000.0,
        "Other Non Operating Income Expenses": 44000.0,
        "Special Income Charges": 0.0,
        "Other Special Charges": NaN,
        "Gain On Sale Of Security": NaN,
        "Net Non Operating Interest Income Expense": -6873000.0,
        "Interest Expense Non Operating": 6903000.0,
        "Interest Income Non Operating": 30000.0,
        "Operating Income": 12055000.0,
        "Operating Expense": 29712000.0,
        "Selling General And Administration": 29712000.0,
        "General And Administrative Expense": 29712000.0,
        "Other Gand A": 29712000.0,
        "Gross Profit": 41767000.0,
        "Cost Of Revenue": 65295000.0,
        "Total Revenue": 107062000.0,
        "Operating Revenue": 107062000.0
    },
    "2024-07-31": {
        "Tax Effect Of Unusual Items": 0.0,
        "Tax Rate For Calcs": 0.29,
        "Normalized EBITDA": 31450000.0,
        "Total Unusual Items": NaN,
        "Total Unusual Items Excluding Goodwill": NaN,
        "Net Income From Continuing Operation Net Minority Interest": 7560000.0,
        "Reconciled Depreciation": 14491000.0,
        "Reconciled Cost Of Revenue": 65112000.0,
        "EBITDA": 31450000.0,
        "EBIT": 16959000.0,
        "Net Interest Income": -6260000.0,
        "Interest Expense": 6318000.0,
        "Interest Income": 58000.0,
        "Normalized Income": 7560000.0,
        "Net Income From Continuing And Discontinued Operation": 7560000.0,
        "Total Expenses": 92992000.0,
        "Total Operating Income As Reported": 16625000.0,
        "Diluted Average Shares": 53775000.0,
        "Basic Average Shares": 53699000.0,
        "Diluted EPS": 0.13,
        "Basic EPS": 0.13,
        "Diluted NI Availto Com Stockholders": 7089000.0,
        "Average Dilution Earnings": 0.0,
        "Net Income Common Stockholders": 7089000.0,
        "Otherunder Preferred Stock Dividend": 471000.0,
        "Preferred Stock Dividends": NaN,
        "Net Income": 7560000.0,
        "Net Income Including Noncontrolling Interests": 7560000.0,
        "Net Income Continuous Operations": 7560000.0,
        "Tax Provision": 3081000.0,
        "Pretax Income": 10641000.0,
        "Other Income Expense": 276000.0,
        "Other Non Operating Income Expenses": 276000.0,
        "Special Income Charges": NaN,
        "Other Special Charges": NaN,
        "Gain On Sale Of Security": NaN,
        "Net Non Operating Interest Income Expense": -6260000.0,
        "Interest Expense Non Operating": 6318000.0,
        "Interest Income Non Operating": 58000.0,
        "Operating Income": 16625000.0,
        "Operating Expense": 27880000.0,
        "Selling General And Administration": 27880000.0,
        "General And Administrative Expense": 27880000.0,
        "Other Gand A": 27880000.0,
        "Gross Profit": 44505000.0,
        "Cost Of Revenue": 65112000.0,
        "Total Revenue": 109617000.0,
        "Operating Revenue": 109617000.0
    },
    "2024-10-31": {
        "Tax Effect Of Unusual Items": 0.0,
        "Tax Rate For Calcs": 0.290189,
        "Normalized EBITDA": 33700000.0,
        "Total Unusual Items": 0.0,
        "Total Unusual Items Excluding Goodwill": 0.0,
        "Net Income From Continuing Operation Net Minority Interest": 9427000.0,
        "Reconciled Depreciation": 14283000.0,
        "Reconciled Cost Of Revenue": 65234000.0,
        "EBITDA": 33700000.0,
        "EBIT": 19417000.0,
        "Net Interest Income": -5976000.0,
        "Interest Expense": 6136000.0,
        "Interest Income": 160000.0,
        "Normalized Income": 9427000.0,
        "Net Income From Continuing And Discontinued Operation": 9427000.0,
        "Total Expenses": 92271000.0,
        "Total Operating Income As Reported": 19211000.0,
        "Diluted Average Shares": 53597000.0,
        "Basic Average Shares": 53505000.0,
        "Diluted EPS": 0.16,
        "Basic EPS": 0.17,
        "Diluted NI Availto Com Stockholders": 8887000.0,
        "Average Dilution Earnings": 1000.0,
        "Net Income Common Stockholders": 8886000.0,
        "Otherunder Preferred Stock Dividend": 541000.0,
        "Preferred Stock Dividends": NaN,
        "Net Income": 9427000.0,
        "Net Income Including Noncontrolling Interests": 9427000.0,
        "Net Income Continuous Operations": 9427000.0,
        "Tax Provision": 3854000.0,
        "Pretax Income": 13281000.0,
        "Other Income Expense": 46000.0,
        "Other Non Operating Income Expenses": 46000.0,
        "Special Income Charges": NaN,
        "Other Special Charges": NaN,
        "Gain On Sale Of Security": 0.0,
        "Net Non Operating Interest Income Expense": -5976000.0,
        "Interest Expense Non Operating": 6136000.0,
        "Interest Income Non Operating": 160000.0,
        "Operating Income": 19211000.0,
        "Operating Expense": 27037000.0,
        "Selling General And Administration": 27037000.0,
        "General And Administrative Expense": 27037000.0,
        "Other Gand A": 27037000.0,
        "Gross Profit": 46248000.0,
        "Cost Of Revenue": 65234000.0,
        "Total Revenue": 111482000.0,
        "Operating Revenue": 111482000.0
    },
    "2025-01-31": {
        "Tax Effect Of Unusual Items": -392544.0,
        "Tax Rate For Calcs": 0.282,
        "Normalized EBITDA": 17132000.0,
        "Total Unusual Items": -1392000.0,
        "Total Unusual Items Excluding Goodwill": -1392000.0,
        "Net Income From Continuing Operation Net Minority Interest": -2639000.0,
        "Reconciled Depreciation": 13200000.0,
        "Reconciled Cost Of Revenue": 55212000.0,
        "EBITDA": 15740000.0,
        "EBIT": 2540000.0,
        "Net Interest Income": -5802000.0,
        "Interest Expense": 6215000.0,
        "Interest Income": 413000.0,
        "Normalized Income": -1639544.0,
        "Net Income From Continuing And Discontinued Operation": -2639000.0,
        "Total Expenses": 82962000.0,
        "Total Operating Income As Reported": 3485000.0,
        "Diluted Average Shares": 53045000.0,
        "Basic Average Shares": 53045000.0,
        "Diluted EPS": -0.06,
        "Basic EPS": -0.06,
        "Diluted NI Availto Com Stockholders": -3079000.0,
        "Average Dilution Earnings": NaN,
        "Net Income Common Stockholders": -3079000.0,
        "Otherunder Preferred Stock Dividend": 440000.0,
        "Preferred Stock Dividends": NaN,
        "Net Income": -2639000.0,
        "Net Income Including Noncontrolling Interests": -2639000.0,
        "Net Income Continuous Operations": -2639000.0,
        "Tax Provision": -1036000.0,
        "Pretax Income": -3675000.0,
        "Other Income Expense": -1358000.0,
        "Other Non Operating Income Expenses": 34000.0,
        "Special Income Charges": -1392000.0,
        "Other Special Charges": 1392000.0,
        "Gain On Sale Of Security": NaN,
        "Net Non Operating Interest Income Expense": -5802000.0,
        "Interest Expense Non Operating": 6215000.0,
        "Interest Income Non Operating": 413000.0,
        "Operating Income": 3485000.0,
        "Operating Expense": 27750000.0,
        "Selling General And Administration": 27750000.0,
        "General And Administrative Expense": 27750000.0,
        "Other Gand A": 27750000.0,
        "Gross Profit": 31235000.0,
        "Cost Of Revenue": 55212000.0,
        "Total Revenue": 86447000.0,
        "Operating Revenue": 86447000.0
    },
    "2025-04-30": {
        "Tax Effect Of Unusual Items": 0.0,
        "Tax Rate For Calcs": 0.333333,
        "Normalized EBITDA": 22132000.0,
        "Total Unusual Items": 0.0,
        "Total Unusual Items Excluding Goodwill": 0.0,
        "Net Income From Continuing Operation Net Minority Interest": -4000.0,
        "Reconciled Depreciation": 13584000.0,
        "Reconciled Cost Of Revenue": 57776000.0,
        "EBITDA": 22132000.0,
        "EBIT": 8548000.0,
        "Net Interest Income": -8294000.0,
        "Interest Expense": 8554000.0,
        "Interest Income": 260000.0,
        "Normalized Income": -4000.0,
        "Net Income From Continuing And Discontinued Operation": -4000.0,
        "Total Expenses": 85698000.0,
        "Total Operating Income As Reported": 8260000.0,
        "Diluted Average Shares": 52699000.0,
        "Basic Average Shares": 52699000.0,
        "Diluted EPS": -0.01,
        "Basic EPS": -0.01,
        "Diluted NI Availto Com Stockholders": -430000.0,
        "Average Dilution Earnings": 0.0,
        "Net Income Common Stockholders": -430000.0,
        "Otherunder Preferred Stock Dividend": 426000.0,
        "Preferred Stock Dividends": NaN,
        "Net Income": -4000.0,
        "Net Income Including Noncontrolling Interests": -4000.0,
        "Net Income Continuous Operations": -4000.0,
        "Tax Provision": -2000.0,
        "Pretax Income": -6000.0,
        "Other Income Expense": 28000.0,
        "Other Non Operating Income Expenses": 28000.0,
        "Special Income Charges": 0.0,
        "Other Special Charges": NaN,
        "Gain On Sale Of Security": NaN,
        "Net Non Operating Interest Income Expense": -8294000.0,
        "Interest Expense Non Operating": 8554000.0,
        "Interest Income Non Operating": 260000.0,
        "Operating Income": 8260000.0,
        "Operating Expense": 27922000.0,
        "Selling General And Administration": 27922000.0,
        "General And Administrative Expense": 27922000.0,
        "Other Gand A": 27922000.0,
        "Gross Profit": 36182000.0,
        "Cost Of Revenue": 57776000.0,
        "Total Revenue": 93958000.0,
        "Operating Revenue": 93958000.0
    }
}