{
    "2024-03-31": {
        "Tax Effect Of Unusual Items": -175661.843737,
        "Tax Rate For Calcs": 0.319967,
        "Total Unusual Items": -549000.0,
        "Total Unusual Items Excluding Goodwill": -549000.0,
        "Net Income From Continuing Operation Net Minority Interest": 4935000.0,
        "Reconciled Depreciation": 435000.0,
        "Net Interest Income": 20494000.0,
        "Interest Expense": 10770000.0,
        "Interest Income": 31264000.0,
        "Normalized Income": 5308338.156263,
        "Net Income From Continuing And Discontinued Operation": 4935000.0,
        "Diluted Average Shares": 18801716.0,
        "Basic Average Shares": 18426848.0,
        "Diluted EPS": 0.26,
        "Basic EPS": 0.27,
        "Diluted NI Availto Com Stockholders": 4935000.0,
        "Net Income Common Stockholders": 4935000.0,
        "Net Income": 4935000.0,
        "Net Income Including Noncontrolling Interests": 4935000.0,
        "Net Income Continuous Operations": 4935000.0,
        "Tax Provision": 2322000.0,
        "Pretax Income": 7257000.0,
        "Special Income Charges": -549000.0,
        "Other Special Charges": NaN,
        "Restructuring And Mergern Acquisition": 549000.0,
        "Gain On Sale Of Security": NaN,
        "Depreciation Amortization Depletion Income Statement": 65000.0,
        "Depreciation And Amortization In Income Statement": 65000.0,
        "Amortization": 65000.0,
        "Amortization Of Intangibles Income Statement": 65000.0,
        "Selling General And Administration": 9813000.0,
        "General And Administrative Expense": 9813000.0,
        "Salaries And Wages": 9813000.0,
        "Total Revenue": 21907000.0,
        "Operating Revenue": 21907000.0,
        "Occupancy And Equipment": 1452000.0,
        "Professional Expense And Contract Services Expense": 516000.0,
        "Other Non Interest Expense": 2586000.0
    },
    "2023-12-31": {
        "Tax Effect Of Unusual Items": NaN,
        "Tax Rate For Calcs": NaN,
        "Total Unusual Items": NaN,
        "Total Unusual Items Excluding Goodwill": NaN,
        "Net Income From Continuing Operation Net Minority Interest": NaN,
        "Reconciled Depreciation": NaN,
        "Net Interest Income": NaN,
        "Interest Expense": NaN,
        "Interest Income": NaN,
        "Normalized Income": NaN,
        "Net Income From Continuing And Discontinued Operation": NaN,
        "Diluted Average Shares": NaN,
        "Basic Average Shares": NaN,
        "Diluted EPS": NaN,
        "Basic EPS": NaN,
        "Diluted NI Availto Com Stockholders": NaN,
        "Net Income Common Stockholders": NaN,
        "Net Income": NaN,
        "Net Income Including Noncontrolling Interests": NaN,
        "Net Income Continuous Operations": NaN,
        "Tax Provision": NaN,
        "Pretax Income": NaN,
        "Special Income Charges": NaN,
        "Other Special Charges": NaN,
        "Restructuring And Mergern Acquisition": NaN,
        "Gain On Sale Of Security": -1008000.0,
        "Depreciation Amortization Depletion Income Statement": NaN,
        "Depreciation And Amortization In Income Statement": NaN,
        "Amortization": NaN,
        "Amortization Of Intangibles Income Statement": NaN,
        "Selling General And Administration": NaN,
        "General And Administrative Expense": NaN,
        "Salaries And Wages": NaN,
        "Total Revenue": NaN,
        "Operating Revenue": NaN,
        "Occupancy And Equipment": NaN,
        "Professional Expense And Contract Services Expense": NaN,
        "Other Non Interest Expense": NaN
    },
    "2023-09-30": {
        "Tax Effect Of Unusual Items": NaN,
        "Tax Rate For Calcs": NaN,
        "Total Unusual Items": NaN,
        "Total Unusual Items Excluding Goodwill": NaN,
        "Net Income From Continuing Operation Net Minority Interest": NaN,
        "Reconciled Depreciation": NaN,
        "Net Interest Income": NaN,
        "Interest Expense": NaN,
        "Interest Income": NaN,
        "Normalized Income": NaN,
        "Net Income From Continuing And Discontinued Operation": NaN,
        "Diluted Average Shares": NaN,
        "Basic Average Shares": NaN,
        "Diluted EPS": NaN,
        "Basic EPS": NaN,
        "Diluted NI Availto Com Stockholders": NaN,
        "Net Income Common Stockholders": NaN,
        "Net Income": NaN,
        "Net Income Including Noncontrolling Interests": NaN,
        "Net Income Continuous Operations": NaN,
        "Tax Provision": NaN,
        "Pretax Income": NaN,
        "Special Income Charges": NaN,
        "Other Special Charges": NaN,
        "Restructuring And Mergern Acquisition": NaN,
        "Gain On Sale Of Security": 0.0,
        "Depreciation Amortization Depletion Income Statement": NaN,
        "Depreciation And Amortization In Income Statement": NaN,
        "Amortization": NaN,
        "Amortization Of Intangibles Income Statement": NaN,
        "Selling General And Administration": NaN,
        "General And Administrative Expense": NaN,
        "Salaries And Wages": NaN,
        "Total Revenue": NaN,
        "Operating Revenue": NaN,
        "Occupancy And Equipment": NaN,
        "Professional Expense And Contract Services Expense": NaN,
        "Other Non Interest Expense": NaN
    },
    "2023-06-30": {
        "Tax Effect Of Unusual Items": NaN,
        "Tax Rate For Calcs": NaN,
        "Total Unusual Items": NaN,
        "Total Unusual Items Excluding Goodwill": NaN,
        "Net Income From Continuing Operation Net Minority Interest": NaN,
        "Reconciled Depreciation": NaN,
        "Net Interest Income": NaN,
        "Interest Expense": NaN,
        "Interest Income": NaN,
        "Normalized Income": NaN,
        "Net Income From Continuing And Discontinued Operation": NaN,
        "Diluted Average Shares": NaN,
        "Basic Average Shares": NaN,
        "Diluted EPS": NaN,
        "Basic EPS": NaN,
        "Diluted NI Availto Com Stockholders": NaN,
        "Net Income Common Stockholders": NaN,
        "Net Income": NaN,
        "Net Income Including Noncontrolling Interests": NaN,
        "Net Income Continuous Operations": NaN,
        "Tax Provision": NaN,
        "Pretax Income": NaN,
        "Special Income Charges": NaN,
        "Other Special Charges": NaN,
        "Restructuring And Mergern Acquisition": NaN,
        "Gain On Sale Of Security": 34000.0,
        "Depreciation Amortization Depletion Income Statement": NaN,
        "Depreciation And Amortization In Income Statement": NaN,
        "Amortization": NaN,
        "Amortization Of Intangibles Income Statement": NaN,
        "Selling General And Administration": NaN,
        "General And Administrative Expense": NaN,
        "Salaries And Wages": NaN,
        "Total Revenue": NaN,
        "Operating Revenue": NaN,
        "Occupancy And Equipment": NaN,
        "Professional Expense And Contract Services Expense": NaN,
        "Other Non Interest Expense": NaN
    },
    "2023-03-31": {
        "Tax Effect Of Unusual Items": 0.0,
        "Tax Rate For Calcs": 0.268,
        "Total Unusual Items": 0.0,
        "Total Unusual Items Excluding Goodwill": 0.0,
        "Net Income From Continuing Operation Net Minority Interest": 8224000.0,
        "Reconciled Depreciation": 503000.0,
        "Net Interest Income": 24892000.0,
        "Interest Expense": 4317000.0,
        "Interest Income": 29209000.0,
        "Normalized Income": 8224000.0,
        "Net Income From Continuing And Discontinued Operation": 8224000.0,
        "Diluted Average Shares": 18620791.0,
        "Basic Average Shares": 18055287.0,
        "Diluted EPS": 0.44,
        "Basic EPS": 0.46,
        "Diluted NI Availto Com Stockholders": 8224000.0,
        "Net Income Common Stockholders": 8224000.0,
        "Net Income": 8224000.0,
        "Net Income Including Noncontrolling Interests": 8224000.0,
        "Net Income Continuous Operations": 8224000.0,
        "Tax Provision": 3017000.0,
        "Pretax Income": 11241000.0,
        "Special Income Charges": 0.0,
        "Other Special Charges": NaN,
        "Restructuring And Mergern Acquisition": 0.0,
        "Gain On Sale Of Security": NaN,
        "Depreciation Amortization Depletion Income Statement": 91000.0,
        "Depreciation And Amortization In Income Statement": 91000.0,
        "Amortization": 91000.0,
        "Amortization Of Intangibles Income Statement": 91000.0,
        "Selling General And Administration": 10454000.0,
        "General And Administrative Expense": 10454000.0,
        "Salaries And Wages": 10454000.0,
        "Total Revenue": 26462000.0,
        "Operating Revenue": 26462000.0,
        "Occupancy And Equipment": 1447000.0,
        "Professional Expense And Contract Services Expense": 785000.0,
        "Other Non Interest Expense": 2242000.0
    },
    "2022-12-31": {
        "Tax Effect Of Unusual Items": NaN,
        "Tax Rate For Calcs": NaN,
        "Total Unusual Items": NaN,
        "Total Unusual Items Excluding Goodwill": NaN,
        "Net Income From Continuing Operation Net Minority Interest": NaN,
        "Reconciled Depreciation": NaN,
        "Net Interest Income": NaN,
        "Interest Expense": NaN,
        "Interest Income": NaN,
        "Normalized Income": NaN,
        "Net Income From Continuing And Discontinued Operation": NaN,
        "Diluted Average Shares": NaN,
        "Basic Average Shares": NaN,
        "Diluted EPS": NaN,
        "Basic EPS": NaN,
        "Diluted NI Availto Com Stockholders": NaN,
        "Net Income Common Stockholders": NaN,
        "Net Income": NaN,
        "Net Income Including Noncontrolling Interests": NaN,
        "Net Income Continuous Operations": NaN,
        "Tax Provision": NaN,
        "Pretax Income": NaN,
        "Special Income Charges": NaN,
        "Other Special Charges": 0.0,
        "Restructuring And Mergern Acquisition": NaN,
        "Gain On Sale Of Security": -994000.0,
        "Depreciation Amortization Depletion Income Statement": NaN,
        "Depreciation And Amortization In Income Statement": NaN,
        "Amortization": NaN,
        "Amortization Of Intangibles Income Statement": NaN,
        "Selling General And Administration": NaN,
        "General And Administrative Expense": NaN,
        "Salaries And Wages": NaN,
        "Total Revenue": NaN,
        "Operating Revenue": NaN,
        "Occupancy And Equipment": NaN,
        "Professional Expense And Contract Services Expense": NaN,
        "Other Non Interest Expense": NaN
    },
    "2024-06-30": {
        "Tax Effect Of Unusual Items": NaN,
        "Tax Rate For Calcs": NaN,
        "Total Unusual Items": NaN,
        "Total Unusual Items Excluding Goodwill": NaN,
        "Net Income From Continuing Operation Net Minority Interest": NaN,
        "Reconciled Depreciation": NaN,
        "Net Interest Income": NaN,
        "Interest Expense": NaN,
        "Interest Income": NaN,
        "Normalized Income": NaN,
        "Net Income From Continuing And Discontinued Operation": NaN,
        "Diluted Average Shares": NaN,
        "Basic Average Shares": NaN,
        "Diluted EPS": NaN,
        "Basic EPS": NaN,
        "Diluted NI Availto Com Stockholders": NaN,
        "Net Income Common Stockholders": NaN,
        "Net Income": NaN,
        "Net Income Including Noncontrolling Interests": NaN,
        "Net Income Continuous Operations": NaN,
        "Tax Provision": NaN,
        "Pretax Income": NaN,
        "Special Income Charges": NaN,
        "Other Special Charges": 19000.0,
        "Restructuring And Mergern Acquisition": NaN,
        "Gain On Sale Of Security": 0.0,
        "Depreciation Amortization Depletion Income Statement": NaN,
        "Depreciation And Amortization In Income Statement": NaN,
        "Amortization": NaN,
        "Amortization Of Intangibles Income Statement": NaN,
        "Selling General And Administration": NaN,
        "General And Administrative Expense": NaN,
        "Salaries And Wages": NaN,
        "Total Revenue": NaN,
        "Operating Revenue": NaN,
        "Occupancy And Equipment": NaN,
        "Professional Expense And Contract Services Expense": NaN,
        "Other Non Interest Expense": NaN
    },
    "2024-09-30": {
        "Tax Effect Of Unusual Items": -3928745.0,
        "Tax Rate For Calcs": 0.269,
        "Total Unusual Items": -14605000.0,
        "Total Unusual Items Excluding Goodwill": -14605000.0,
        "Net Income From Continuing Operation Net Minority Interest": -16464000.0,
        "Reconciled Depreciation": 1165000.0,
        "Net Interest Income": 36942000.0,
        "Interest Expense": 17185000.0,
        "Interest Income": 54127000.0,
        "Normalized Income": -5787745.0,
        "Net Income From Continuing And Discontinued Operation": -16464000.0,
        "Diluted Average Shares": 27705844.0,
        "Basic Average Shares": 27705844.0,
        "Diluted EPS": -0.59,
        "Basic EPS": -0.59,
        "Diluted NI Availto Com Stockholders": -16464000.0,
        "Net Income Common Stockholders": -16464000.0,
        "Net Income": -16464000.0,
        "Net Income Including Noncontrolling Interests": -16464000.0,
        "Net Income Continuous Operations": -16464000.0,
        "Tax Provision": -6063000.0,
        "Pretax Income": -22527000.0,
        "Special Income Charges": -14605000.0,
        "Other Special Charges": NaN,
        "Restructuring And Mergern Acquisition": 14605000.0,
        "Gain On Sale Of Security": 0.0,
        "Depreciation Amortization Depletion Income Statement": 687000.0,
        "Depreciation And Amortization In Income Statement": 687000.0,
        "Amortization": 687000.0,
        "Amortization Of Intangibles Income Statement": 687000.0,
        "Selling General And Administration": 15905000.0,
        "General And Administrative Expense": 15905000.0,
        "Salaries And Wages": 15905000.0,
        "Total Revenue": 38116000.0,
        "Operating Revenue": 38116000.0,
        "Occupancy And Equipment": 2031000.0,
        "Professional Expense And Contract Services Expense": 669000.0,
        "Other Non Interest Expense": 3783000.0
    },
    "2024-12-31": {
        "Tax Effect Of Unusual Items": -179254.740916,
        "Tax Rate For Calcs": 0.278779,
        "Total Unusual Items": -643000.0,
        "Total Unusual Items Excluding Goodwill": -643000.0,
        "Net Income From Continuing Operation Net Minority Interest": 16772000.0,
        "Reconciled Depreciation": 1603000.0,
        "Net Interest Income": 44541000.0,
        "Interest Expense": 18017000.0,
        "Interest Income": 62558000.0,
        "Normalized Income": 17235745.259084,
        "Net Income From Continuing And Discontinued Operation": 16772000.0,
        "Diluted Average Shares": 32698714.0,
        "Basic Average Shares": 32253846.0,
        "Diluted EPS": 0.51,
        "Basic EPS": 0.52,
        "Diluted NI Availto Com Stockholders": 16772000.0,
        "Net Income Common Stockholders": 16772000.0,
        "Net Income": 16772000.0,
        "Net Income Including Noncontrolling Interests": 16772000.0,
        "Net Income Continuous Operations": 16772000.0,
        "Tax Provision": 6483000.0,
        "Pretax Income": 23255000.0,
        "Special Income Charges": -643000.0,
        "Other Special Charges": 0.0,
        "Restructuring And Mergern Acquisition": 643000.0,
        "Gain On Sale Of Security": 0.0,
        "Depreciation Amortization Depletion Income Statement": 1060000.0,
        "Depreciation And Amortization In Income Statement": 1060000.0,
        "Amortization": 1060000.0,
        "Amortization Of Intangibles Income Statement": 1060000.0,
        "Selling General And Administration": 16532000.0,
        "General And Administrative Expense": 16532000.0,
        "Salaries And Wages": 16532000.0,
        "Total Revenue": 45545000.0,
        "Operating Revenue": 45545000.0,
        "Occupancy And Equipment": 2314000.0,
        "Professional Expense And Contract Services Expense": 817000.0,
        "Other Non Interest Expense": 4759000.0
    },
    "2025-03-31": {
        "Tax Effect Of Unusual Items": -288.0,
        "Tax Rate For Calcs": 0.288,
        "Total Unusual Items": -1000.0,
        "Total Unusual Items Excluding Goodwill": -1000.0,
        "Net Income From Continuing Operation Net Minority Interest": 16853000.0,
        "Reconciled Depreciation": 1494000.0,
        "Net Interest Income": 42255000.0,
        "Interest Expense": 14570000.0,
        "Interest Income": 56825000.0,
        "Normalized Income": 16853712.0,
        "Net Income From Continuing And Discontinued Operation": 16853000.0,
        "Diluted Average Shares": 32698227.0,
        "Basic Average Shares": 32318809.0,
        "Diluted EPS": 0.52,
        "Basic EPS": 0.52,
        "Diluted NI Availto Com Stockholders": 16853000.0,
        "Net Income Common Stockholders": 16853000.0,
        "Net Income": 16853000.0,
        "Net Income Including Noncontrolling Interests": 16853000.0,
        "Net Income Continuous Operations": 16853000.0,
        "Tax Provision": 6824000.0,
        "Pretax Income": 23677000.0,
        "Special Income Charges": -1000.0,
        "Other Special Charges": 1000.0,
        "Restructuring And Mergern Acquisition": 0.0,
        "Gain On Sale Of Security": NaN,
        "Depreciation Amortization Depletion Income Statement": 948000.0,
        "Depreciation And Amortization In Income Statement": 948000.0,
        "Amortization": 948000.0,
        "Amortization Of Intangibles Income Statement": 948000.0,
        "Selling General And Administration": 16268000.0,
        "General And Administrative Expense": 16268000.0,
        "Salaries And Wages": 16268000.0,
        "Total Revenue": 44822000.0,
        "Operating Revenue": 44822000.0,
        "Occupancy And Equipment": 2152000.0,
        "Professional Expense And Contract Services Expense": 859000.0,
        "Other Non Interest Expense": 4693000.0
    },
    "2025-06-30": {
        "Tax Effect Of Unusual Items": 0.0,
        "Tax Rate For Calcs": 0.298,
        "Total Unusual Items": 0.0,
        "Total Unusual Items Excluding Goodwill": 0.0,
        "Net Income From Continuing Operation Net Minority Interest": 14099000.0,
        "Reconciled Depreciation": 1408000.0,
        "Net Interest Income": 41417000.0,
        "Interest Expense": 14369000.0,
        "Interest Income": 55786000.0,
        "Normalized Income": 14099000.0,
        "Net Income From Continuing And Discontinued Operation": 14099000.0,
        "Diluted Average Shares": 32685132.0,
        "Basic Average Shares": 32423935.0,
        "Diluted EPS": 0.43,
        "Basic EPS": 0.43,
        "Diluted NI Availto Com Stockholders": 14099000.0,
        "Net Income Common Stockholders": 14099000.0,
        "Net Income": 14099000.0,
        "Net Income Including Noncontrolling Interests": 14099000.0,
        "Net Income Continuous Operations": 14099000.0,
        "Tax Provision": 5975000.0,
        "Pretax Income": 20074000.0,
        "Special Income Charges": 0.0,
        "Other Special Charges": NaN,
        "Restructuring And Mergern Acquisition": 0.0,
        "Gain On Sale Of Security": NaN,
        "Depreciation Amortization Depletion Income Statement": 948000.0,
        "Depreciation And Amortization In Income Statement": 948000.0,
        "Amortization": 948000.0,
        "Amortization Of Intangibles Income Statement": 948000.0,
        "Selling General And Administration": 15688000.0,
        "General And Administrative Expense": 15688000.0,
        "Salaries And Wages": 15688000.0,
        "Total Revenue": 44273000.0,
        "Operating Revenue": 44273000.0,
        "Occupancy And Equipment": 2094000.0,
        "Professional Expense And Contract Services Expense": 972000.0,
        "Other Non Interest Expense": 5131000.0
    },
    "2025-09-30": {
        "Tax Effect Of Unusual Items": 0.0,
        "Tax Rate For Calcs": 0.281,
        "Total Unusual Items": 0.0,
        "Total Unusual Items Excluding Goodwill": 0.0,
        "Net Income From Continuing Operation Net Minority Interest": 15684000.0,
        "Reconciled Depreciation": 1364000.0,
        "Net Interest Income": 42515000.0,
        "Interest Expense": 14673000.0,
        "Interest Income": 57188000.0,
        "Normalized Income": 15684000.0,
        "Net Income From Continuing And Discontinued Operation": 15684000.0,
        "Diluted Average Shares": 32811827.0,
        "Basic Average Shares": 32451576.0,
        "Diluted EPS": 0.48,
        "Basic EPS": 0.48,
        "Diluted NI Availto Com Stockholders": 15684000.0,
        "Net Income Common Stockholders": 15684000.0,
        "Net Income": 15684000.0,
        "Net Income Including Noncontrolling Interests": 15684000.0,
        "Net Income Continuous Operations": 15684000.0,
        "Tax Provision": 6132000.0,
        "Pretax Income": 21816000.0,
        "Special Income Charges": 0.0,
        "Other Special Charges": NaN,
        "Restructuring And Mergern Acquisition": 0.0,
        "Gain On Sale Of Security": NaN,
        "Depreciation Amortization Depletion Income Statement": 948000.0,
        "Depreciation And Amortization In Income Statement": 948000.0,
        "Amortization": 948000.0,
        "Amortization Of Intangibles Income Statement": 948000.0,
        "Selling General And Administration": 15070000.0,
        "General And Administrative Expense": 15070000.0,
        "Salaries And Wages": 15070000.0,
        "Total Revenue": 45183000.0,
        "Operating Revenue": 45183000.0,
        "Occupancy And Equipment": 2060000.0,
        "Professional Expense And Contract Services Expense": 843000.0,
        "Other Non Interest Expense": 4461000.0
    }
}