{
    "2023-06-30": {
        "Tax Effect Of Unusual Items": 0.0,
        "Tax Rate For Calcs": 0.286034,
        "Total Unusual Items": NaN,
        "Total Unusual Items Excluding Goodwill": NaN,
        "Net Income From Continuing Operation Net Minority Interest": 8604000.0,
        "Reconciled Depreciation": -120000.0,
        "Net Interest Income": 26989000.0,
        "Interest Expense": 20248000.0,
        "Interest Income": 47237000.0,
        "Normalized Income": 8604000.0,
        "Net Income From Continuing And Discontinued Operation": 8604000.0,
        "Diluted Average Shares": 16831000.0,
        "Basic Average Shares": 16824000.0,
        "Diluted EPS": 0.5,
        "Basic EPS": 0.5,
        "Diluted NI Availto Com Stockholders": 8430000.0,
        "Net Income Common Stockholders": 8430000.0,
        "Preferred Stock Dividends": 174000.0,
        "Net Income": 8604000.0,
        "Net Income Including Noncontrolling Interests": 8604000.0,
        "Net Income Continuous Operations": 8604000.0,
        "Tax Provision": 3447000.0,
        "Pretax Income": 12051000.0,
        "Special Income Charges": NaN,
        "Other Special Charges": NaN,
        "Gain On Sale Of Security": -669000.0,
        "Selling General And Administration": 8331000.0,
        "Selling And Marketing Expense": 350000.0,
        "General And Administrative Expense": 7981000.0,
        "Salaries And Wages": 7981000.0,
        "Total Revenue": 28107000.0,
        "Operating Revenue": 28107000.0,
        "Occupancy And Equipment": 2560000.0,
        "Professional Expense And Contract Services Expense": 622000.0,
        "Other Non Interest Expense": 3193000.0
    },
    "2023-03-31": {
        "Tax Effect Of Unusual Items": NaN,
        "Tax Rate For Calcs": NaN,
        "Total Unusual Items": 0.0,
        "Total Unusual Items Excluding Goodwill": 0.0,
        "Net Income From Continuing Operation Net Minority Interest": NaN,
        "Reconciled Depreciation": NaN,
        "Net Interest Income": NaN,
        "Interest Expense": NaN,
        "Interest Income": NaN,
        "Normalized Income": NaN,
        "Net Income From Continuing And Discontinued Operation": NaN,
        "Diluted Average Shares": NaN,
        "Basic Average Shares": NaN,
        "Diluted EPS": NaN,
        "Basic EPS": NaN,
        "Diluted NI Availto Com Stockholders": NaN,
        "Net Income Common Stockholders": NaN,
        "Preferred Stock Dividends": NaN,
        "Net Income": NaN,
        "Net Income Including Noncontrolling Interests": NaN,
        "Net Income Continuous Operations": NaN,
        "Tax Provision": NaN,
        "Pretax Income": NaN,
        "Special Income Charges": 0.0,
        "Other Special Charges": NaN,
        "Gain On Sale Of Security": NaN,
        "Selling General And Administration": NaN,
        "Selling And Marketing Expense": NaN,
        "General And Administrative Expense": NaN,
        "Salaries And Wages": NaN,
        "Total Revenue": NaN,
        "Operating Revenue": NaN,
        "Occupancy And Equipment": NaN,
        "Professional Expense And Contract Services Expense": NaN,
        "Other Non Interest Expense": NaN
    },
    "2022-12-31": {
        "Tax Effect Of Unusual Items": NaN,
        "Tax Rate For Calcs": NaN,
        "Total Unusual Items": 0.0,
        "Total Unusual Items Excluding Goodwill": 0.0,
        "Net Income From Continuing Operation Net Minority Interest": NaN,
        "Reconciled Depreciation": NaN,
        "Net Interest Income": NaN,
        "Interest Expense": NaN,
        "Interest Income": NaN,
        "Normalized Income": NaN,
        "Net Income From Continuing And Discontinued Operation": NaN,
        "Diluted Average Shares": NaN,
        "Basic Average Shares": NaN,
        "Diluted EPS": NaN,
        "Basic EPS": NaN,
        "Diluted NI Availto Com Stockholders": NaN,
        "Net Income Common Stockholders": NaN,
        "Preferred Stock Dividends": NaN,
        "Net Income": NaN,
        "Net Income Including Noncontrolling Interests": NaN,
        "Net Income Continuous Operations": NaN,
        "Tax Provision": NaN,
        "Pretax Income": NaN,
        "Special Income Charges": 0.0,
        "Other Special Charges": NaN,
        "Gain On Sale Of Security": NaN,
        "Selling General And Administration": NaN,
        "Selling And Marketing Expense": NaN,
        "General And Administrative Expense": NaN,
        "Salaries And Wages": NaN,
        "Total Revenue": NaN,
        "Operating Revenue": NaN,
        "Occupancy And Equipment": NaN,
        "Professional Expense And Contract Services Expense": NaN,
        "Other Non Interest Expense": NaN
    },
    "2022-09-30": {
        "Tax Effect Of Unusual Items": NaN,
        "Tax Rate For Calcs": NaN,
        "Total Unusual Items": 0.0,
        "Total Unusual Items Excluding Goodwill": 0.0,
        "Net Income From Continuing Operation Net Minority Interest": NaN,
        "Reconciled Depreciation": NaN,
        "Net Interest Income": NaN,
        "Interest Expense": NaN,
        "Interest Income": NaN,
        "Normalized Income": NaN,
        "Net Income From Continuing And Discontinued Operation": NaN,
        "Diluted Average Shares": NaN,
        "Basic Average Shares": NaN,
        "Diluted EPS": NaN,
        "Basic EPS": NaN,
        "Diluted NI Availto Com Stockholders": NaN,
        "Net Income Common Stockholders": NaN,
        "Preferred Stock Dividends": NaN,
        "Net Income": NaN,
        "Net Income Including Noncontrolling Interests": NaN,
        "Net Income Continuous Operations": NaN,
        "Tax Provision": NaN,
        "Pretax Income": NaN,
        "Special Income Charges": 0.0,
        "Other Special Charges": NaN,
        "Gain On Sale Of Security": NaN,
        "Selling General And Administration": NaN,
        "Selling And Marketing Expense": NaN,
        "General And Administrative Expense": NaN,
        "Other Gand A": 1784000.0,
        "Salaries And Wages": NaN,
        "Total Revenue": NaN,
        "Operating Revenue": NaN
    },
    "2022-06-30": {
        "Tax Effect Of Unusual Items": 0.0,
        "Tax Rate For Calcs": 0.293,
        "Total Unusual Items": 0.0,
        "Total Unusual Items Excluding Goodwill": 0.0,
        "Net Income From Continuing Operation Net Minority Interest": 10163000.0,
        "Reconciled Depreciation": 466000.0,
        "Net Interest Income": 27741000.0,
        "Interest Expense": 2720000.0,
        "Interest Income": 30461000.0,
        "Normalized Income": 10163000.0,
        "Net Income From Continuing And Discontinued Operation": 10163000.0,
        "Diluted Average Shares": 17404000.0,
        "Basic Average Shares": 16997000.0,
        "Diluted EPS": 0.58,
        "Basic EPS": 0.59,
        "Diluted NI Availto Com Stockholders": 10025000.0,
        "Net Income Common Stockholders": 10025000.0,
        "Preferred Stock Dividends": 138000.0,
        "Net Income": 10163000.0,
        "Net Income Including Noncontrolling Interests": 10163000.0,
        "Net Income Continuous Operations": 10163000.0,
        "Tax Provision": 4209000.0,
        "Pretax Income": 14372000.0,
        "Special Income Charges": 0.0,
        "Gain On Sale Of Security": -2302000.0,
        "Selling General And Administration": 8978000.0,
        "Selling And Marketing Expense": 254000.0,
        "General And Administrative Expense": 8724000.0,
        "Other Gand A": 1713000.0,
        "Salaries And Wages": 7011000.0,
        "Total Revenue": 27428000.0,
        "Operating Revenue": 27428000.0
    },
    "2022-03-31": {
        "Diluted EPS": 0.56,
        "Total Revenue": 27,
        "Gross Profit": 24,
        "Operating Income": 14,
        "EBIT": NaN,
        "Net Income": 10
    },
    "2021-12-31": {
        "Diluted EPS": 0.6,
        "Total Revenue": 31,
        "Gross Profit": 28,
        "Operating Income": 15,
        "EBIT": NaN,
        "Net Income": 10
    },
    "2021-09-30": {
        "Diluted EPS": 0.47,
        "Total Revenue": 29,
        "Gross Profit": 26,
        "Operating Income": 12,
        "EBIT": NaN,
        "Net Income": 8
    },
    "2021-06-30": {
        "Diluted EPS": 0.45,
        "Total Revenue": 31,
        "Gross Profit": 27,
        "Operating Income": 11,
        "EBIT": NaN,
        "Net Income": 8
    },
    "2021-03-31": {
        "Diluted EPS": 0.4,
        "Total Revenue": 30,
        "Gross Profit": 26,
        "Operating Income": 10,
        "EBIT": NaN,
        "Net Income": 7
    },
    "2020-12-31": {
        "Diluted EPS": 0.41,
        "Total Revenue": 32,
        "Gross Profit": 26,
        "Operating Income": 10,
        "EBIT": NaN,
        "Net Income": 7
    },
    "2020-09-30": {
        "Diluted EPS": 0.47,
        "Total Revenue": 35,
        "Gross Profit": 28,
        "Operating Income": 12,
        "EBIT": NaN,
        "Net Income": 8
    },
    "2020-06-30": {
        "Diluted EPS": 0.14,
        "Total Revenue": 28,
        "Gross Profit": 19,
        "Operating Income": 4,
        "EBIT": NaN,
        "Net Income": 2
    },
    "2020-03-31": {
        "Diluted EPS": 0.12,
        "Total Revenue": 30,
        "Gross Profit": 19,
        "Operating Income": 4,
        "EBIT": NaN,
        "Net Income": 2
    },
    "2019-12-31": {
        "Diluted EPS": 0.28,
        "Total Revenue": 32,
        "Gross Profit": 21,
        "Operating Income": 7,
        "EBIT": NaN,
        "Net Income": 5
    },
    "2019-09-30": {
        "Diluted EPS": 0.3,
        "Total Revenue": 33,
        "Gross Profit": 22,
        "Operating Income": 8,
        "EBIT": NaN,
        "Net Income": 5
    },
    "2019-06-30": {
        "Diluted EPS": 0.3,
        "Total Revenue": 32,
        "Gross Profit": 22,
        "Operating Income": 8,
        "EBIT": NaN,
        "Net Income": 5
    },
    "2019-03-31": {
        "Diluted EPS": 0.32,
        "Total Revenue": 32,
        "Gross Profit": 23,
        "Operating Income": 8,
        "EBIT": NaN,
        "Net Income": 5
    },
    "2018-12-31": {
        "Diluted EPS": 0.32,
        "Total Revenue": 32,
        "Gross Profit": 22,
        "Operating Income": 8,
        "EBIT": NaN,
        "Net Income": 5
    },
    "2018-09-30": {
        "Diluted EPS": 0.27,
        "Total Revenue": 30,
        "Gross Profit": 22,
        "Operating Income": 7,
        "EBIT": NaN,
        "Net Income": 4
    },
    "2018-06-30": {
        "Diluted EPS": 0.13,
        "Total Revenue": 27,
        "Gross Profit": 22,
        "Operating Income": 6,
        "EBIT": NaN,
        "Net Income": 2
    },
    "2018-03-31": {
        "Diluted EPS": 0.29,
        "Total Revenue": 24,
        "Gross Profit": 20,
        "Operating Income": 7,
        "EBIT": NaN,
        "Net Income": 4
    },
    "2017-12-31": {
        "Diluted EPS": 0.04,
        "Total Revenue": 22,
        "Gross Profit": 18,
        "Operating Income": 7,
        "EBIT": NaN,
        "Net Income": 1
    },
    "2017-09-30": {
        "Diluted EPS": 0.25,
        "Total Revenue": 21,
        "Gross Profit": 17,
        "Operating Income": 5,
        "EBIT": NaN,
        "Net Income": 3
    },
    "2017-06-30": {
        "Diluted EPS": 0.21,
        "Total Revenue": 21,
        "Gross Profit": 17,
        "Operating Income": 4,
        "EBIT": NaN,
        "Net Income": 2
    },
    "2017-03-31": {
        "Diluted EPS": 0.25,
        "Total Revenue": 21,
        "Gross Profit": 17,
        "Operating Income": 5,
        "EBIT": NaN,
        "Net Income": 3
    },
    "2016-12-31": {
        "Diluted EPS": 0.2,
        "Total Revenue": 20,
        "Gross Profit": 16,
        "Operating Income": 4,
        "EBIT": NaN,
        "Net Income": 2
    },
    "2016-09-30": {
        "Diluted EPS": 0.15,
        "Total Revenue": 19,
        "Gross Profit": 15,
        "Operating Income": 3,
        "EBIT": NaN,
        "Net Income": 2
    },
    "2016-06-30": {
        "Diluted EPS": 0.12,
        "Total Revenue": 19,
        "Gross Profit": 15,
        "Operating Income": 3,
        "EBIT": NaN,
        "Net Income": 1
    },
    "2016-03-31": {
        "Diluted EPS": 0.16,
        "Total Revenue": 19,
        "Gross Profit": 15,
        "Operating Income": 3,
        "EBIT": NaN,
        "Net Income": 2
    },
    "2015-12-31": {
        "Diluted EPS": 0.05,
        "Total Revenue": 20,
        "Gross Profit": 16,
        "Operating Income": 2,
        "EBIT": NaN,
        "Net Income": 1
    },
    "2015-09-30": {
        "Diluted EPS": 0.24,
        "Total Revenue": 19,
        "Gross Profit": 16,
        "Operating Income": 4,
        "EBIT": NaN,
        "Net Income": 2
    },
    "2015-06-30": {
        "Diluted EPS": 0.2,
        "Total Revenue": 19,
        "Gross Profit": 15,
        "Operating Income": 3,
        "EBIT": NaN,
        "Net Income": 2
    },
    "2015-03-31": {
        "Diluted EPS": 0.2,
        "Total Revenue": 17,
        "Gross Profit": 14,
        "Operating Income": 3,
        "EBIT": NaN,
        "Net Income": 2
    },
    "2014-12-31": {
        "Diluted EPS": 0.17,
        "Total Revenue": 17,
        "Gross Profit": 14,
        "Operating Income": 3,
        "EBIT": NaN,
        "Net Income": 1
    },
    "2014-09-30": {
        "Diluted EPS": 0.11,
        "Total Revenue": 15,
        "Gross Profit": 12,
        "Operating Income": 2,
        "EBIT": NaN,
        "Net Income": 1
    },
    "2014-06-30": {
        "Diluted EPS": 0.29,
        "Total Revenue": 17,
        "Gross Profit": 14,
        "Operating Income": 4,
        "EBIT": NaN,
        "Net Income": 2
    },
    "2014-03-31": {
        "Diluted EPS": 0.24,
        "Total Revenue": 16,
        "Gross Profit": 13,
        "Operating Income": 4,
        "EBIT": NaN,
        "Net Income": 2
    },
    "2013-12-31": {
        "Diluted EPS": 0.26,
        "Total Revenue": 16,
        "Gross Profit": 13,
        "Operating Income": 4,
        "EBIT": NaN,
        "Net Income": 2
    },
    "2013-09-30": {
        "Diluted EPS": 0.24,
        "Total Revenue": 15,
        "Gross Profit": 12,
        "Operating Income": 4,
        "EBIT": NaN,
        "Net Income": 2
    },
    "2013-06-30": {
        "Diluted EPS": 0.29,
        "Total Revenue": 15,
        "Gross Profit": 12,
        "Operating Income": 4,
        "EBIT": NaN,
        "Net Income": 2
    },
    "2013-03-31": {
        "Diluted EPS": 0.27,
        "Total Revenue": 15,
        "Gross Profit": 12,
        "Operating Income": 4,
        "EBIT": NaN,
        "Net Income": 2
    },
    "2012-12-31": {
        "Diluted EPS": 0.12,
        "Total Revenue": 14,
        "Gross Profit": 11,
        "Operating Income": 1,
        "EBIT": NaN,
        "Net Income": 1
    },
    "2012-09-30": {
        "Diluted EPS": -0.15,
        "Total Revenue": 10,
        "Gross Profit": 8,
        "Operating Income": -3,
        "EBIT": NaN,
        "Net Income": -1
    },
    "2012-06-30": {
        "Diluted EPS": -0.37,
        "Total Revenue": 7,
        "Gross Profit": 4,
        "Operating Income": -5,
        "EBIT": NaN,
        "Net Income": -3
    },
    "2012-03-31": {
        "Diluted EPS": 0.17,
        "Total Revenue": 15,
        "Gross Profit": 12,
        "Operating Income": 3,
        "EBIT": NaN,
        "Net Income": 2
    },
    "2011-12-31": {
        "Diluted EPS": 0.1,
        "Total Revenue": 15,
        "Gross Profit": 12,
        "Operating Income": 1,
        "EBIT": NaN,
        "Net Income": 1
    },
    "2011-09-30": {
        "Diluted EPS": 0.13,
        "Total Revenue": 13,
        "Gross Profit": 10,
        "Operating Income": 2,
        "EBIT": NaN,
        "Net Income": 1
    },
    "2011-06-30": {
        "Diluted EPS": 0.21,
        "Total Revenue": 14,
        "Gross Profit": 10,
        "Operating Income": 4,
        "EBIT": NaN,
        "Net Income": 2
    },
    "2011-03-31": {
        "Diluted EPS": 0.2,
        "Total Revenue": 14,
        "Gross Profit": 10,
        "Operating Income": 3,
        "EBIT": NaN,
        "Net Income": 2
    },
    "2010-12-31": {
        "Diluted EPS": 0.42,
        "Total Revenue": 13,
        "Gross Profit": 10,
        "Operating Income": 2,
        "EBIT": NaN,
        "Net Income": 1
    },
    "2010-09-30": {
        "Diluted EPS": 1.28,
        "Total Revenue": 25,
        "Gross Profit": 21,
        "Operating Income": 12,
        "EBIT": NaN,
        "Net Income": 12
    },
    "2010-06-30": {
        "Diluted EPS": 0.2,
        "Total Revenue": 8,
        "Gross Profit": 5,
        "Operating Income": 2,
        "EBIT": NaN,
        "Net Income": 1
    },
    "2010-03-31": {
        "Diluted EPS": 0.15,
        "Total Revenue": 8,
        "Gross Profit": 5,
        "Operating Income": 1,
        "EBIT": NaN,
        "Net Income": 1
    },
    "2009-12-31": {
        "Diluted EPS": 0.16,
        "Total Revenue": 9,
        "Gross Profit": 5,
        "Operating Income": 2,
        "EBIT": NaN,
        "Net Income": 1
    },
    "2009-09-30": {
        "Diluted EPS": 0.21,
        "Total Revenue": 9,
        "Gross Profit": 5,
        "Operating Income": 2,
        "EBIT": NaN,
        "Net Income": 1
    },
    "2009-06-30": {
        "Diluted EPS": 0.14,
        "Total Revenue": 8,
        "Gross Profit": 5,
        "Operating Income": 1,
        "EBIT": NaN,
        "Net Income": 1
    },
    "2009-03-31": {
        "Diluted EPS": 0.29,
        "Total Revenue": 9,
        "Gross Profit": 5,
        "Operating Income": 2,
        "EBIT": NaN,
        "Net Income": 1
    },
    "2023-09-30": {
        "Tax Effect Of Unusual Items": NaN,
        "Tax Rate For Calcs": NaN,
        "Total Unusual Items": NaN,
        "Total Unusual Items Excluding Goodwill": NaN,
        "Net Income From Continuing Operation Net Minority Interest": NaN,
        "Reconciled Depreciation": NaN,
        "Net Interest Income": NaN,
        "Interest Expense": NaN,
        "Interest Income": NaN,
        "Normalized Income": NaN,
        "Net Income From Continuing And Discontinued Operation": NaN,
        "Diluted Average Shares": 16854000.0,
        "Basic Average Shares": 16830000.0,
        "Diluted EPS": 0.39,
        "Basic EPS": 0.39,
        "Diluted NI Availto Com Stockholders": NaN,
        "Net Income Common Stockholders": NaN,
        "Preferred Stock Dividends": NaN,
        "Net Income": NaN,
        "Net Income Including Noncontrolling Interests": NaN,
        "Net Income Continuous Operations": NaN,
        "Tax Provision": NaN,
        "Pretax Income": NaN,
        "Special Income Charges": NaN,
        "Other Special Charges": NaN,
        "Gain On Sale Of Security": NaN,
        "Selling General And Administration": NaN,
        "Selling And Marketing Expense": NaN,
        "General And Administrative Expense": NaN,
        "Salaries And Wages": NaN,
        "Total Revenue": NaN,
        "Operating Revenue": NaN,
        "Occupancy And Equipment": NaN,
        "Professional Expense And Contract Services Expense": NaN,
        "Other Non Interest Expense": NaN
    },
    "2023-12-31": {
        "Tax Effect Of Unusual Items": 0.0,
        "Tax Rate For Calcs": 0.299596,
        "Total Unusual Items": NaN,
        "Total Unusual Items Excluding Goodwill": NaN,
        "Net Income From Continuing Operation Net Minority Interest": 6062000.0,
        "Reconciled Depreciation": -200000.0,
        "Net Interest Income": 10227000.0,
        "Interest Expense": 25782000.0,
        "Interest Income": 36009000.0,
        "Normalized Income": 6062000.0,
        "Net Income From Continuing And Discontinued Operation": 6062000.0,
        "Diluted Average Shares": 16884000.0,
        "Basic Average Shares": 16876000.0,
        "Diluted EPS": 0.35,
        "Basic EPS": 0.35,
        "Diluted NI Availto Com Stockholders": 5880000.0,
        "Net Income Common Stockholders": 5880000.0,
        "Preferred Stock Dividends": 182000.0,
        "Net Income": 6062000.0,
        "Net Income Including Noncontrolling Interests": 6062000.0,
        "Net Income Continuous Operations": 6062000.0,
        "Tax Provision": 2593000.0,
        "Pretax Income": 8655000.0,
        "Special Income Charges": NaN,
        "Other Special Charges": NaN,
        "Gain On Sale Of Security": 1029000.0,
        "Selling General And Administration": 8651000.0,
        "Selling And Marketing Expense": 403000.0,
        "General And Administrative Expense": 8248000.0,
        "Salaries And Wages": 8248000.0,
        "Total Revenue": 27150000.0,
        "Operating Revenue": 27150000.0,
        "Occupancy And Equipment": 2606000.0,
        "Professional Expense And Contract Services Expense": 987000.0,
        "Other Non Interest Expense": 4324000.0
    },
    "2024-03-31": {
        "Tax Effect Of Unusual Items": NaN,
        "Tax Rate For Calcs": NaN,
        "Total Unusual Items": 4000.0,
        "Total Unusual Items Excluding Goodwill": 4000.0,
        "Net Income From Continuing Operation Net Minority Interest": NaN,
        "Reconciled Depreciation": NaN,
        "Net Interest Income": NaN,
        "Interest Expense": NaN,
        "Interest Income": NaN,
        "Normalized Income": NaN,
        "Net Income From Continuing And Discontinued Operation": NaN,
        "Diluted Average Shares": NaN,
        "Basic Average Shares": NaN,
        "Diluted EPS": NaN,
        "Basic EPS": NaN,
        "Diluted NI Availto Com Stockholders": NaN,
        "Net Income Common Stockholders": NaN,
        "Preferred Stock Dividends": NaN,
        "Net Income": NaN,
        "Net Income Including Noncontrolling Interests": NaN,
        "Net Income Continuous Operations": NaN,
        "Tax Provision": NaN,
        "Pretax Income": NaN,
        "Special Income Charges": 4000.0,
        "Other Special Charges": -4000.0,
        "Gain On Sale Of Security": NaN,
        "Selling General And Administration": NaN,
        "Selling And Marketing Expense": NaN,
        "General And Administrative Expense": NaN,
        "Salaries And Wages": NaN,
        "Total Revenue": NaN,
        "Operating Revenue": NaN,
        "Occupancy And Equipment": NaN,
        "Professional Expense And Contract Services Expense": NaN,
        "Other Non Interest Expense": NaN
    },
    "2024-06-30": {
        "Tax Effect Of Unusual Items": 0.0,
        "Tax Rate For Calcs": 0.292211,
        "Total Unusual Items": NaN,
        "Total Unusual Items Excluding Goodwill": NaN,
        "Net Income From Continuing Operation Net Minority Interest": 2817000.0,
        "Reconciled Depreciation": 112000.0,
        "Net Interest Income": 23639000.0,
        "Interest Expense": 25806000.0,
        "Interest Income": 49445000.0,
        "Normalized Income": 2817000.0,
        "Net Income From Continuing And Discontinued Operation": 2817000.0,
        "Diluted Average Shares": 17005000.0,
        "Basic Average Shares": 17005000.0,
        "Diluted EPS": 0.14,
        "Basic EPS": 0.14,
        "Diluted NI Availto Com Stockholders": 2369000.0,
        "Net Income Common Stockholders": 2369000.0,
        "Preferred Stock Dividends": 448000.0,
        "Net Income": 2817000.0,
        "Net Income Including Noncontrolling Interests": 2817000.0,
        "Net Income Continuous Operations": 2817000.0,
        "Tax Provision": 1163000.0,
        "Pretax Income": 3980000.0,
        "Special Income Charges": NaN,
        "Other Special Charges": NaN,
        "Gain On Sale Of Security": -222000.0,
        "Selling General And Administration": 7499000.0,
        "Selling And Marketing Expense": 253000.0,
        "General And Administrative Expense": 7246000.0,
        "Salaries And Wages": 7246000.0,
        "Total Revenue": 20405000.0,
        "Operating Revenue": 20405000.0,
        "Occupancy And Equipment": 2529000.0,
        "Professional Expense And Contract Services Expense": 604000.0,
        "Other Non Interest Expense": 3355000.0
    },
    "2024-09-30": {
        "Tax Effect Of Unusual Items": 0.0,
        "Tax Rate For Calcs": 0.287,
        "Total Unusual Items": NaN,
        "Total Unusual Items Excluding Goodwill": NaN,
        "Net Income From Continuing Operation Net Minority Interest": 6668000.0,
        "Reconciled Depreciation": 92000.0,
        "Net Interest Income": 23045000.0,
        "Interest Expense": 25581000.0,
        "Interest Income": 48626000.0,
        "Normalized Income": 6668000.0,
        "Net Income From Continuing And Discontinued Operation": 6668000.0,
        "Diluted Average Shares": 17064000.0,
        "Basic Average Shares": 17039000.0,
        "Diluted EPS": 0.36,
        "Basic EPS": 0.36,
        "Diluted NI Availto Com Stockholders": 6193000.0,
        "Net Income Common Stockholders": 6193000.0,
        "Preferred Stock Dividends": 475000.0,
        "Net Income": 6668000.0,
        "Net Income Including Noncontrolling Interests": 6668000.0,
        "Net Income Continuous Operations": 6668000.0,
        "Tax Provision": 2685000.0,
        "Pretax Income": 9353000.0,
        "Special Income Charges": NaN,
        "Other Special Charges": NaN,
        "Gain On Sale Of Security": 1132000.0,
        "Selling General And Administration": 7672000.0,
        "Selling And Marketing Expense": 182000.0,
        "General And Administrative Expense": 7490000.0,
        "Salaries And Wages": 7490000.0,
        "Total Revenue": 26172000.0,
        "Operating Revenue": 26172000.0,
        "Occupancy And Equipment": 2591000.0,
        "Professional Expense And Contract Services Expense": 618000.0,
        "Other Non Interest Expense": 3048000.0
    },
    "2024-12-31": {
        "Tax Effect Of Unusual Items": 0.0,
        "Tax Rate For Calcs": 0.290393,
        "Total Unusual Items": NaN,
        "Total Unusual Items Excluding Goodwill": NaN,
        "Net Income From Continuing Operation Net Minority Interest": 3272000.0,
        "Reconciled Depreciation": 118000.0,
        "Net Interest Income": 5562000.0,
        "Interest Expense": 24459000.0,
        "Interest Income": 30021000.0,
        "Normalized Income": 3272000.0,
        "Net Income From Continuing And Discontinued Operation": 3272000.0,
        "Diluted Average Shares": 17108000.0,
        "Basic Average Shares": 17056000.0,
        "Diluted EPS": 0.16,
        "Basic EPS": 0.16,
        "Diluted NI Availto Com Stockholders": 2797000.0,
        "Net Income Common Stockholders": 2797000.0,
        "Preferred Stock Dividends": 475000.0,
        "Net Income": 3272000.0,
        "Net Income Including Noncontrolling Interests": 3272000.0,
        "Net Income Continuous Operations": 3272000.0,
        "Tax Provision": 1339000.0,
        "Pretax Income": 4611000.0,
        "Special Income Charges": NaN,
        "Other Special Charges": NaN,
        "Gain On Sale Of Security": -661000.0,
        "Selling General And Administration": 7598000.0,
        "Selling And Marketing Expense": 212000.0,
        "General And Administrative Expense": 7386000.0,
        "Salaries And Wages": 7386000.0,
        "Total Revenue": 23132000.0,
        "Operating Revenue": 23132000.0,
        "Occupancy And Equipment": 2483000.0,
        "Professional Expense And Contract Services Expense": 599000.0,
        "Other Non Interest Expense": 3687000.0
    },
    "2025-03-31": {
        "Tax Effect Of Unusual Items": 0.0,
        "Tax Rate For Calcs": 0.289094,
        "Total Unusual Items": 0.0,
        "Total Unusual Items Excluding Goodwill": 0.0,
        "Net Income From Continuing Operation Net Minority Interest": -8324000.0,
        "Reconciled Depreciation": 206000.0,
        "Net Interest Income": 22005000.0,
        "Interest Expense": 22187000.0,
        "Interest Income": 44192000.0,
        "Normalized Income": -8324000.0,
        "Net Income From Continuing And Discontinued Operation": -8324000.0,
        "Diluted Average Shares": 17113000.0,
        "Basic Average Shares": 17113000.0,
        "Diluted EPS": -0.51,
        "Basic EPS": -0.51,
        "Diluted NI Availto Com Stockholders": -8806000.0,
        "Net Income Common Stockholders": -8806000.0,
        "Preferred Stock Dividends": 482000.0,
        "Net Income": -8324000.0,
        "Net Income Including Noncontrolling Interests": -8324000.0,
        "Net Income Continuous Operations": -8324000.0,
        "Tax Provision": -3385000.0,
        "Pretax Income": -11709000.0,
        "Special Income Charges": 0.0,
        "Other Special Charges": NaN,
        "Gain On Sale Of Security": -115000.0,
        "Selling General And Administration": 8000000.0,
        "Selling And Marketing Expense": 179000.0,
        "General And Administrative Expense": 7821000.0,
        "Salaries And Wages": 7821000.0,
        "Total Revenue": 23796000.0,
        "Operating Revenue": 23796000.0,
        "Occupancy And Equipment": 2723000.0,
        "Professional Expense And Contract Services Expense": 692000.0,
        "Other Non Interest Expense": 3245000.0
    },
    "2025-06-30": {
        "Tax Effect Of Unusual Items": 0.0,
        "Tax Rate For Calcs": 0.289898,
        "Total Unusual Items": NaN,
        "Total Unusual Items Excluding Goodwill": NaN,
        "Net Income From Continuing Operation Net Minority Interest": 3564000.0,
        "Reconciled Depreciation": 251000.0,
        "Net Interest Income": 23102000.0,
        "Interest Expense": 20079000.0,
        "Interest Income": 43181000.0,
        "Normalized Income": 3564000.0,
        "Net Income From Continuing And Discontinued Operation": 3564000.0,
        "Diluted Average Shares": 17175000.0,
        "Basic Average Shares": 17175000.0,
        "Diluted EPS": 0.18,
        "Basic EPS": 0.18,
        "Diluted NI Availto Com Stockholders": 3082000.0,
        "Net Income Common Stockholders": 3082000.0,
        "Preferred Stock Dividends": 482000.0,
        "Net Income": 3564000.0,
        "Net Income Including Noncontrolling Interests": 3564000.0,
        "Net Income Continuous Operations": 3564000.0,
        "Tax Provision": 1455000.0,
        "Pretax Income": 5019000.0,
        "Special Income Charges": NaN,
        "Other Special Charges": NaN,
        "Gain On Sale Of Security": -108000.0,
        "Selling General And Administration": 8242000.0,
        "Selling And Marketing Expense": 216000.0,
        "General And Administrative Expense": 8026000.0,
        "Salaries And Wages": 8026000.0,
        "Total Revenue": 25178000.0,
        "Operating Revenue": 25178000.0,
        "Occupancy And Equipment": 2502000.0,
        "Professional Expense And Contract Services Expense": 767000.0,
        "Other Non Interest Expense": 3757000.0
    }
}