{
    "2023-06-30": {
        "Tax Effect Of Unusual Items": NaN,
        "Tax Rate For Calcs": NaN,
        "Total Unusual Items": NaN,
        "Total Unusual Items Excluding Goodwill": NaN,
        "Net Income From Continuing Operation Net Minority Interest": NaN,
        "Reconciled Depreciation": NaN,
        "Net Interest Income": NaN,
        "Interest Expense": NaN,
        "Interest Income": NaN,
        "Normalized Income": NaN,
        "Net Income From Continuing And Discontinued Operation": NaN,
        "Rent Expense Supplemental": NaN,
        "Diluted Average Shares": 504782675.0,
        "Basic Average Shares": 504782675.0,
        "Diluted EPS": 658.0,
        "Basic EPS": 658.0,
        "Diluted NI Availto Com Stockholders": NaN,
        "Net Income Common Stockholders": NaN,
        "Net Income": NaN,
        "Minority Interests": NaN,
        "Net Income Including Noncontrolling Interests": NaN,
        "Net Income Discontinuous Operations": 0.0,
        "Net Income Continuous Operations": NaN,
        "Tax Provision": NaN,
        "Pretax Income": NaN,
        "Special Income Charges": NaN,
        "Other Special Charges": NaN,
        "Write Off": NaN,
        "Impairment Of Capital Assets": 12000000.0,
        "Gain On Sale Of Security": NaN,
        "Depreciation Amortization Depletion Income Statement": NaN,
        "Depreciation And Amortization In Income Statement": NaN,
        "Selling General And Administration": NaN,
        "Selling And Marketing Expense": NaN,
        "General And Administrative Expense": NaN,
        "Other Gand A": NaN,
        "Insurance And Claims": NaN,
        "Rent And Landing Fees": NaN,
        "Salaries And Wages": NaN,
        "Total Revenue": NaN,
        "Operating Revenue": NaN,
        "Professional Expense And Contract Services Expense": NaN,
        "Other Non Interest Expense": NaN
    },
    "2023-03-31": {
        "Tax Effect Of Unusual Items": NaN,
        "Tax Rate For Calcs": NaN,
        "Total Unusual Items": NaN,
        "Total Unusual Items Excluding Goodwill": NaN,
        "Net Income From Continuing Operation Net Minority Interest": NaN,
        "Reconciled Depreciation": NaN,
        "Net Interest Income": NaN,
        "Interest Expense": NaN,
        "Interest Income": NaN,
        "Normalized Income": NaN,
        "Net Income From Continuing And Discontinued Operation": NaN,
        "Rent Expense Supplemental": 743000000.0,
        "Diluted Average Shares": NaN,
        "Basic Average Shares": NaN,
        "Diluted EPS": NaN,
        "Basic EPS": NaN,
        "Diluted NI Availto Com Stockholders": NaN,
        "Net Income Common Stockholders": NaN,
        "Net Income": NaN,
        "Minority Interests": NaN,
        "Net Income Including Noncontrolling Interests": NaN,
        "Net Income Discontinuous Operations": NaN,
        "Net Income Continuous Operations": NaN,
        "Tax Provision": NaN,
        "Pretax Income": NaN,
        "Special Income Charges": NaN,
        "Other Special Charges": NaN,
        "Write Off": -29000000.0,
        "Impairment Of Capital Assets": 0.0,
        "Gain On Sale Of Security": NaN,
        "Depreciation Amortization Depletion Income Statement": NaN,
        "Depreciation And Amortization In Income Statement": NaN,
        "Selling General And Administration": NaN,
        "Selling And Marketing Expense": 9748000000.0,
        "General And Administrative Expense": NaN,
        "Other Gand A": NaN,
        "Insurance And Claims": -513000000.0,
        "Rent And Landing Fees": 743000000.0,
        "Salaries And Wages": NaN,
        "Total Revenue": NaN,
        "Operating Revenue": NaN,
        "Professional Expense And Contract Services Expense": 600000000.0,
        "Other Non Interest Expense": NaN
    },
    "2022-12-31": {
        "Tax Effect Of Unusual Items": NaN,
        "Tax Rate For Calcs": NaN,
        "Total Unusual Items": NaN,
        "Total Unusual Items Excluding Goodwill": NaN,
        "Net Income From Continuing Operation Net Minority Interest": NaN,
        "Reconciled Depreciation": NaN,
        "Net Interest Income": NaN,
        "Interest Expense": NaN,
        "Interest Income": NaN,
        "Normalized Income": NaN,
        "Net Income From Continuing And Discontinued Operation": NaN,
        "Rent Expense Supplemental": 710000000.0,
        "Diluted Average Shares": NaN,
        "Basic Average Shares": NaN,
        "Diluted EPS": NaN,
        "Basic EPS": NaN,
        "Diluted NI Availto Com Stockholders": NaN,
        "Net Income Common Stockholders": NaN,
        "Net Income": NaN,
        "Minority Interests": NaN,
        "Net Income Including Noncontrolling Interests": NaN,
        "Net Income Discontinuous Operations": NaN,
        "Net Income Continuous Operations": NaN,
        "Tax Provision": NaN,
        "Pretax Income": NaN,
        "Special Income Charges": NaN,
        "Other Special Charges": NaN,
        "Write Off": 148000000.0,
        "Impairment Of Capital Assets": NaN,
        "Gain On Sale Of Security": NaN,
        "Depreciation Amortization Depletion Income Statement": NaN,
        "Depreciation And Amortization In Income Statement": NaN,
        "Selling General And Administration": NaN,
        "Selling And Marketing Expense": 11025000000.0,
        "General And Administrative Expense": NaN,
        "Other Gand A": NaN,
        "Insurance And Claims": 2358000000.0,
        "Rent And Landing Fees": 710000000.0,
        "Salaries And Wages": NaN,
        "Total Revenue": NaN,
        "Operating Revenue": NaN,
        "Professional Expense And Contract Services Expense": 7601000000.0,
        "Other Non Interest Expense": NaN
    },
    "2022-09-30": {
        "Tax Effect Of Unusual Items": NaN,
        "Tax Rate For Calcs": NaN,
        "Total Unusual Items": NaN,
        "Total Unusual Items Excluding Goodwill": NaN,
        "Net Income From Continuing Operation Net Minority Interest": NaN,
        "Reconciled Depreciation": NaN,
        "Net Interest Income": NaN,
        "Interest Expense": NaN,
        "Interest Income": NaN,
        "Normalized Income": NaN,
        "Net Income From Continuing And Discontinued Operation": NaN,
        "Rent Expense Supplemental": NaN,
        "Diluted Average Shares": 505085406.0,
        "Basic Average Shares": 505085406.0,
        "Diluted EPS": 672.31402,
        "Basic EPS": 672.31402,
        "Diluted NI Availto Com Stockholders": NaN,
        "Net Income Common Stockholders": NaN,
        "Net Income": NaN,
        "Minority Interests": NaN,
        "Net Income Including Noncontrolling Interests": NaN,
        "Net Income Discontinuous Operations": 0.0,
        "Net Income Continuous Operations": NaN,
        "Tax Provision": NaN,
        "Pretax Income": NaN,
        "Special Income Charges": NaN,
        "Other Special Charges": NaN,
        "Write Off": NaN,
        "Impairment Of Capital Assets": 160000000.0,
        "Gain On Sale Of Security": NaN,
        "Depreciation Amortization Depletion Income Statement": NaN,
        "Depreciation And Amortization In Income Statement": NaN,
        "Selling General And Administration": NaN,
        "Selling And Marketing Expense": NaN,
        "General And Administrative Expense": NaN,
        "Other Gand A": NaN,
        "Insurance And Claims": NaN,
        "Rent And Landing Fees": NaN,
        "Salaries And Wages": NaN,
        "Total Revenue": NaN,
        "Operating Revenue": NaN
    },
    "2022-06-30": {
        "Tax Effect Of Unusual Items": 12334920.845608,
        "Tax Rate For Calcs": 0.145117,
        "Total Unusual Items": 85000000.0,
        "Total Unusual Items Excluding Goodwill": 85000000.0,
        "Net Income From Continuing Operation Net Minority Interest": 431522000000.0,
        "Reconciled Depreciation": 21088000000.0,
        "Net Interest Income": 317846000000.0,
        "Interest Expense": 223147000000.0,
        "Interest Income": 540993000000.0,
        "Normalized Income": 431449334920.8456,
        "Net Income From Continuing And Discontinued Operation": 431522000000.0,
        "Rent Expense Supplemental": NaN,
        "Diluted Average Shares": 505295082.0,
        "Basic Average Shares": 505295082.0,
        "Diluted EPS": 854.0,
        "Basic EPS": 854.0,
        "Diluted NI Availto Com Stockholders": 431522000000.0,
        "Net Income Common Stockholders": 431522000000.0,
        "Net Income": 431522000000.0,
        "Minority Interests": 0.0,
        "Net Income Including Noncontrolling Interests": 431522000000.0,
        "Net Income Discontinuous Operations": NaN,
        "Net Income Continuous Operations": 431522000000.0,
        "Tax Provision": 73251000000.0,
        "Pretax Income": 504773000000.0,
        "Special Income Charges": 85000000.0,
        "Other Special Charges": -83000000.0,
        "Write Off": NaN,
        "Impairment Of Capital Assets": -2000000.0,
        "Gain On Sale Of Security": 261853000000.0,
        "Depreciation Amortization Depletion Income Statement": 21088000000.0,
        "Depreciation And Amortization In Income Statement": 21088000000.0,
        "Amortization": NaN,
        "Amortization Of Intangibles Income Statement": NaN,
        "Depreciation Income Statement": NaN,
        "Selling General And Administration": 209501000000.0,
        "Selling And Marketing Expense": NaN,
        "General And Administrative Expense": 209501000000.0,
        "Other Gand A": 86590000000.0,
        "Insurance And Claims": NaN,
        "Rent And Landing Fees": NaN,
        "Salaries And Wages": 122911000000.0,
        "Total Revenue": 736802000000.0,
        "Operating Revenue": 736802000000.0
    },
    "2022-03-31": {
        "Diluted EPS": 0.69,
        "Total Revenue": 994,
        "Gross Profit": 822,
        "Operating Income": 421,
        "EBIT": NaN,
        "Net Income": 350
    },
    "2021-09-30": {
        "Diluted EPS": 0.45,
        "Total Revenue": 880,
        "Gross Profit": 671,
        "Operating Income": 287,
        "EBIT": NaN,
        "Net Income": 227
    },
    "2021-03-31": {
        "Diluted EPS": 0.45,
        "Total Revenue": 889,
        "Gross Profit": 675,
        "Operating Income": 285,
        "EBIT": NaN,
        "Net Income": 227
    },
    "2020-12-31": {
        "Diluted EPS": 1.18,
        "Total Revenue": NaN,
        "Gross Profit": 925,
        "Operating Income": 182,
        "EBIT": NaN,
        "Net Income": 151
    },
    "2020-09-30": {
        "Diluted EPS": 0.22,
        "Total Revenue": 655,
        "Gross Profit": 564,
        "Operating Income": 152,
        "EBIT": NaN,
        "Net Income": 113
    },
    "2020-06-30": {
        "Diluted EPS": 0.27,
        "Total Revenue": 756,
        "Gross Profit": 614,
        "Operating Income": 175,
        "EBIT": NaN,
        "Net Income": 136
    },
    "2020-03-31": {
        "Diluted EPS": 0.33,
        "Total Revenue": 861,
        "Gross Profit": 616,
        "Operating Income": 203,
        "EBIT": NaN,
        "Net Income": 164
    },
    "2019-09-30": {
        "Diluted EPS": 0.41,
        "Total Revenue": 926,
        "Gross Profit": 689,
        "Operating Income": 265,
        "EBIT": NaN,
        "Net Income": 209
    },
    "2019-03-31": {
        "Diluted EPS": 0.3,
        "Total Revenue": 861,
        "Gross Profit": 667,
        "Operating Income": 204,
        "EBIT": NaN,
        "Net Income": 152
    },
    "2018-03-31": {
        "Diluted EPS": 0.48,
        "Total Revenue": NaN,
        "Gross Profit": 756,
        "Operating Income": 291,
        "EBIT": NaN,
        "Net Income": 243
    },
    "2017-06-30": {
        "Diluted EPS": 0.48,
        "Total Revenue": NaN,
        "Gross Profit": 675,
        "Operating Income": 287,
        "EBIT": NaN,
        "Net Income": 241
    },
    "2017-03-31": {
        "Diluted EPS": 0.41,
        "Total Revenue": 864,
        "Gross Profit": 634,
        "Operating Income": 253,
        "EBIT": NaN,
        "Net Income": 210
    },
    "2016-12-31": {
        "Diluted EPS": 0.44,
        "Total Revenue": 864,
        "Gross Profit": 619,
        "Operating Income": 271,
        "EBIT": NaN,
        "Net Income": 225
    },
    "2016-09-30": {
        "Diluted EPS": 0.43,
        "Total Revenue": 908,
        "Gross Profit": 651,
        "Operating Income": 255,
        "EBIT": NaN,
        "Net Income": 220
    },
    "2016-06-30": {
        "Diluted EPS": 0.45,
        "Total Revenue": NaN,
        "Gross Profit": 717,
        "Operating Income": 269,
        "EBIT": NaN,
        "Net Income": 228
    },
    "2016-03-31": {
        "Diluted EPS": 0.36,
        "Total Revenue": 811,
        "Gross Profit": 575,
        "Operating Income": 214,
        "EBIT": NaN,
        "Net Income": 186
    },
    "2015-12-31": {
        "Diluted EPS": 0.42,
        "Total Revenue": 677,
        "Gross Profit": 460,
        "Operating Income": 260,
        "EBIT": NaN,
        "Net Income": 219
    },
    "2015-09-30": {
        "Diluted EPS": 0.37,
        "Total Revenue": 912,
        "Gross Profit": 620,
        "Operating Income": 204,
        "EBIT": NaN,
        "Net Income": 192
    },
    "2015-06-30": {
        "Diluted EPS": 0.51,
        "Total Revenue": 944,
        "Gross Profit": 655,
        "Operating Income": 294,
        "EBIT": NaN,
        "Net Income": 264
    },
    "2015-03-31": {
        "Diluted EPS": 0.37,
        "Total Revenue": 773,
        "Gross Profit": 610,
        "Operating Income": 220,
        "EBIT": NaN,
        "Net Income": 187
    },
    "2014-12-31": {
        "Diluted EPS": 0.41,
        "Total Revenue": NaN,
        "Gross Profit": NaN,
        "Operating Income": NaN,
        "EBIT": NaN,
        "Net Income": 211
    },
    "2014-09-30": {
        "Diluted EPS": 0.52,
        "Total Revenue": 931,
        "Gross Profit": 676,
        "Operating Income": 293,
        "EBIT": NaN,
        "Net Income": 276
    },
    "2014-06-30": {
        "Diluted EPS": 0.54,
        "Total Revenue": NaN,
        "Gross Profit": NaN,
        "Operating Income": NaN,
        "EBIT": NaN,
        "Net Income": 276
    },
    "2014-03-31": {
        "Diluted EPS": 0.52,
        "Total Revenue": NaN,
        "Gross Profit": 734,
        "Operating Income": 309,
        "EBIT": NaN,
        "Net Income": 271
    },
    "2013-12-31": {
        "Diluted EPS": 0.54,
        "Total Revenue": NaN,
        "Gross Profit": 646,
        "Operating Income": 197,
        "EBIT": NaN,
        "Net Income": 266
    },
    "2013-09-30": {
        "Diluted EPS": 0.54,
        "Total Revenue": NaN,
        "Gross Profit": 753,
        "Operating Income": 309,
        "EBIT": NaN,
        "Net Income": 272
    },
    "2013-06-30": {
        "Diluted EPS": 0.47,
        "Total Revenue": 956,
        "Gross Profit": 680,
        "Operating Income": 278,
        "EBIT": NaN,
        "Net Income": 240
    },
    "2013-03-31": {
        "Diluted EPS": 0.51,
        "Total Revenue": NaN,
        "Gross Profit": 734,
        "Operating Income": 305,
        "EBIT": NaN,
        "Net Income": 258
    },
    "2012-12-31": {
        "Diluted EPS": 0.57,
        "Total Revenue": NaN,
        "Gross Profit": 771,
        "Operating Income": 323,
        "EBIT": NaN,
        "Net Income": 287
    },
    "2012-09-30": {
        "Diluted EPS": 0.4,
        "Total Revenue": 899,
        "Gross Profit": 596,
        "Operating Income": 176,
        "EBIT": NaN,
        "Net Income": 208
    },
    "2012-06-30": {
        "Diluted EPS": 0.43,
        "Total Revenue": 796,
        "Gross Profit": 467,
        "Operating Income": 47,
        "EBIT": NaN,
        "Net Income": 214
    },
    "2012-03-31": {
        "Diluted EPS": 0.49,
        "Total Revenue": NaN,
        "Gross Profit": 702,
        "Operating Income": 265,
        "EBIT": NaN,
        "Net Income": 248
    },
    "2011-12-31": {
        "Diluted EPS": 0.38,
        "Total Revenue": 962,
        "Gross Profit": 629,
        "Operating Income": 412,
        "EBIT": NaN,
        "Net Income": 192
    },
    "2011-09-30": {
        "Diluted EPS": 0.38,
        "Total Revenue": 901,
        "Gross Profit": 603,
        "Operating Income": 193,
        "EBIT": NaN,
        "Net Income": 191
    },
    "2011-06-30": {
        "Diluted EPS": 0.48,
        "Total Revenue": 695,
        "Gross Profit": 348,
        "Operating Income": -111,
        "EBIT": NaN,
        "Net Income": 242
    },
    "2011-03-31": {
        "Diluted EPS": 0.5,
        "Total Revenue": 882,
        "Gross Profit": 659,
        "Operating Income": 284,
        "EBIT": NaN,
        "Net Income": 243
    },
    "2010-12-31": {
        "Diluted EPS": 0.3,
        "Total Revenue": 854,
        "Gross Profit": 608,
        "Operating Income": 308,
        "EBIT": NaN,
        "Net Income": 149
    },
    "2010-09-30": {
        "Diluted EPS": 0.42,
        "Total Revenue": 576,
        "Gross Profit": 406,
        "Operating Income": 22,
        "EBIT": NaN,
        "Net Income": 206
    },
    "2010-06-30": {
        "Diluted EPS": 0.4,
        "Total Revenue": 673,
        "Gross Profit": 514,
        "Operating Income": 159,
        "EBIT": NaN,
        "Net Income": 199
    },
    "2010-03-31": {
        "Diluted EPS": 0.39,
        "Total Revenue": 581,
        "Gross Profit": 464,
        "Operating Income": 87,
        "EBIT": NaN,
        "Net Income": 192
    },
    "2009-12-31": {
        "Diluted EPS": 0.27,
        "Total Revenue": 618,
        "Gross Profit": 434,
        "Operating Income": -89,
        "EBIT": NaN,
        "Net Income": 132
    },
    "2009-09-30": {
        "Diluted EPS": 0.26,
        "Total Revenue": 459,
        "Gross Profit": 384,
        "Operating Income": 114,
        "EBIT": NaN,
        "Net Income": 126
    },
    "2009-06-30": {
        "Diluted EPS": 0.28,
        "Total Revenue": 371,
        "Gross Profit": 233,
        "Operating Income": -106,
        "EBIT": NaN,
        "Net Income": 136
    },
    "2009-03-31": {
        "Diluted EPS": 0.18,
        "Total Revenue": 332,
        "Gross Profit": 271,
        "Operating Income": -26,
        "EBIT": NaN,
        "Net Income": 85
    },
    "2023-09-30": {
        "Tax Effect Of Unusual Items": NaN,
        "Tax Rate For Calcs": NaN,
        "Total Unusual Items": NaN,
        "Total Unusual Items Excluding Goodwill": NaN,
        "Net Income From Continuing Operation Net Minority Interest": NaN,
        "Reconciled Depreciation": NaN,
        "Net Interest Income": NaN,
        "Interest Expense": NaN,
        "Interest Income": NaN,
        "Normalized Income": NaN,
        "Net Income From Continuing And Discontinued Operation": NaN,
        "Rent Expense Supplemental": NaN,
        "Diluted Average Shares": 505822957.0,
        "Basic Average Shares": 505822957.0,
        "Diluted EPS": 514.0,
        "Basic EPS": 514.0,
        "Diluted NI Availto Com Stockholders": NaN,
        "Net Income Common Stockholders": NaN,
        "Net Income": NaN,
        "Minority Interests": NaN,
        "Net Income Including Noncontrolling Interests": NaN,
        "Net Income Discontinuous Operations": 0.0,
        "Net Income Continuous Operations": NaN,
        "Tax Provision": NaN,
        "Pretax Income": NaN,
        "Special Income Charges": NaN,
        "Gain On Sale Of Business": NaN,
        "Other Special Charges": NaN,
        "Write Off": NaN,
        "Impairment Of Capital Assets": 129000000.0,
        "Gain On Sale Of Security": NaN,
        "Depreciation Amortization Depletion Income Statement": NaN,
        "Depreciation And Amortization In Income Statement": NaN,
        "Amortization": NaN,
        "Amortization Of Intangibles Income Statement": NaN,
        "Depreciation Income Statement": NaN,
        "Selling General And Administration": NaN,
        "Selling And Marketing Expense": NaN,
        "General And Administrative Expense": NaN,
        "Other Gand A": NaN,
        "Insurance And Claims": NaN,
        "Rent And Landing Fees": NaN,
        "Salaries And Wages": NaN,
        "Total Revenue": NaN,
        "Operating Revenue": NaN,
        "Occupancy And Equipment": NaN,
        "Professional Expense And Contract Services Expense": NaN,
        "Other Non Interest Expense": NaN
    },
    "2023-12-31": {
        "Tax Effect Of Unusual Items": NaN,
        "Tax Rate For Calcs": NaN,
        "Total Unusual Items": NaN,
        "Total Unusual Items Excluding Goodwill": NaN,
        "Net Income From Continuing Operation Net Minority Interest": NaN,
        "Reconciled Depreciation": NaN,
        "Net Interest Income": NaN,
        "Interest Expense": NaN,
        "Interest Income": NaN,
        "Normalized Income": NaN,
        "Net Income From Continuing And Discontinued Operation": NaN,
        "Rent Expense Supplemental": 2595000000.0,
        "Diluted Average Shares": NaN,
        "Basic Average Shares": NaN,
        "Diluted EPS": NaN,
        "Basic EPS": NaN,
        "Diluted NI Availto Com Stockholders": NaN,
        "Net Income Common Stockholders": NaN,
        "Net Income": NaN,
        "Minority Interests": NaN,
        "Net Income Including Noncontrolling Interests": NaN,
        "Net Income Discontinuous Operations": NaN,
        "Net Income Continuous Operations": NaN,
        "Tax Provision": NaN,
        "Pretax Income": NaN,
        "Special Income Charges": NaN,
        "Gain On Sale Of Business": NaN,
        "Other Special Charges": NaN,
        "Write Off": 13484000000.0,
        "Impairment Of Capital Assets": NaN,
        "Gain On Sale Of Security": NaN,
        "Depreciation Amortization Depletion Income Statement": NaN,
        "Depreciation And Amortization In Income Statement": NaN,
        "Amortization": NaN,
        "Amortization Of Intangibles Income Statement": NaN,
        "Depreciation Income Statement": NaN,
        "Selling General And Administration": NaN,
        "Selling And Marketing Expense": 11971000000.0,
        "General And Administrative Expense": NaN,
        "Other Gand A": NaN,
        "Insurance And Claims": 2550000000.0,
        "Rent And Landing Fees": 2595000000.0,
        "Salaries And Wages": NaN,
        "Total Revenue": NaN,
        "Operating Revenue": NaN,
        "Occupancy And Equipment": NaN,
        "Professional Expense And Contract Services Expense": 4434000000.0,
        "Other Non Interest Expense": NaN
    },
    "2024-03-31": {
        "Tax Effect Of Unusual Items": NaN,
        "Tax Rate For Calcs": NaN,
        "Total Unusual Items": NaN,
        "Total Unusual Items Excluding Goodwill": NaN,
        "Net Income From Continuing Operation Net Minority Interest": NaN,
        "Reconciled Depreciation": NaN,
        "Net Interest Income": NaN,
        "Interest Expense": NaN,
        "Interest Income": NaN,
        "Normalized Income": NaN,
        "Net Income From Continuing And Discontinued Operation": NaN,
        "Rent Expense Supplemental": 2181000000.0,
        "Diluted Average Shares": 505085406.0,
        "Basic Average Shares": 505085406.0,
        "Diluted EPS": 590.0,
        "Basic EPS": 590.0,
        "Diluted NI Availto Com Stockholders": NaN,
        "Net Income Common Stockholders": NaN,
        "Net Income": NaN,
        "Minority Interests": NaN,
        "Net Income Including Noncontrolling Interests": NaN,
        "Net Income Discontinuous Operations": 0.0,
        "Net Income Continuous Operations": NaN,
        "Tax Provision": NaN,
        "Pretax Income": NaN,
        "Special Income Charges": NaN,
        "Gain On Sale Of Business": 0.0,
        "Other Special Charges": NaN,
        "Write Off": 8139000000.0,
        "Impairment Of Capital Assets": 0.0,
        "Gain On Sale Of Security": NaN,
        "Depreciation Amortization Depletion Income Statement": NaN,
        "Depreciation And Amortization In Income Statement": NaN,
        "Amortization": 8558000000.0,
        "Amortization Of Intangibles Income Statement": 8558000000.0,
        "Depreciation Income Statement": 14844000000.0,
        "Selling General And Administration": NaN,
        "Selling And Marketing Expense": 9604000000.0,
        "General And Administrative Expense": NaN,
        "Other Gand A": NaN,
        "Insurance And Claims": 2805000000.0,
        "Rent And Landing Fees": 2181000000.0,
        "Salaries And Wages": NaN,
        "Total Revenue": NaN,
        "Operating Revenue": NaN,
        "Occupancy And Equipment": 13722000000.0,
        "Professional Expense And Contract Services Expense": 5139000000.0,
        "Other Non Interest Expense": NaN
    },
    "2024-06-30": {
        "Tax Effect Of Unusual Items": -438874921.255351,
        "Tax Rate For Calcs": 0.197425,
        "Total Unusual Items": -2223000000.0,
        "Total Unusual Items Excluding Goodwill": -2223000000.0,
        "Net Income From Continuing Operation Net Minority Interest": 323600000000.0,
        "Reconciled Depreciation": 23386000000.0,
        "Net Interest Income": 451661000000.0,
        "Interest Expense": 290125000000.0,
        "Interest Income": 741786000000.0,
        "Normalized Income": 325384125078.7446,
        "Net Income From Continuing And Discontinued Operation": 323600000000.0,
        "Rent Expense Supplemental": NaN,
        "Diluted Average Shares": 505625000.0,
        "Basic Average Shares": 505625000.0,
        "Diluted EPS": 640.0,
        "Basic EPS": 640.0,
        "Diluted NI Availto Com Stockholders": 323600000000.0,
        "Net Income Common Stockholders": 323600000000.0,
        "Net Income": 323600000000.0,
        "Minority Interests": 0.0,
        "Net Income Including Noncontrolling Interests": 323600000000.0,
        "Net Income Discontinuous Operations": 0.0,
        "Net Income Continuous Operations": 323600000000.0,
        "Tax Provision": 79602000000.0,
        "Pretax Income": 403202000000.0,
        "Special Income Charges": -2223000000.0,
        "Gain On Sale Of Business": NaN,
        "Other Special Charges": 805000000.0,
        "Write Off": NaN,
        "Impairment Of Capital Assets": 1418000000.0,
        "Gain On Sale Of Security": 184407000000.0,
        "Depreciation Amortization Depletion Income Statement": 23386000000.0,
        "Depreciation And Amortization In Income Statement": 23386000000.0,
        "Amortization": NaN,
        "Amortization Of Intangibles Income Statement": NaN,
        "Depreciation Income Statement": NaN,
        "Selling General And Administration": 241105000000.0,
        "Selling And Marketing Expense": NaN,
        "General And Administrative Expense": 241105000000.0,
        "Other Gand A": 102681000000.0,
        "Insurance And Claims": NaN,
        "Rent And Landing Fees": NaN,
        "Salaries And Wages": 138424000000.0,
        "Total Revenue": 766741000000.0,
        "Operating Revenue": 766741000000.0,
        "Occupancy And Equipment": NaN,
        "Professional Expense And Contract Services Expense": NaN,
        "Other Non Interest Expense": 6894000000.0
    },
    "2024-09-30": {
        "Tax Effect Of Unusual Items": -131042712.439906,
        "Tax Rate For Calcs": 0.216242,
        "Total Unusual Items": -606000000.0,
        "Total Unusual Items Excluding Goodwill": -606000000.0,
        "Net Income From Continuing Operation Net Minority Interest": 288071000000.0,
        "Reconciled Depreciation": 24163000000.0,
        "Net Interest Income": 424779000000.0,
        "Interest Expense": 266476000000.0,
        "Interest Income": 691255000000.0,
        "Normalized Income": 288545957287.5601,
        "Net Income From Continuing And Discontinued Operation": 288071000000.0,
        "Rent Expense Supplemental": NaN,
        "Diluted Average Shares": 505387719.0,
        "Basic Average Shares": 505387719.0,
        "Diluted EPS": 570.0,
        "Basic EPS": 570.0,
        "Diluted NI Availto Com Stockholders": 288071000000.0,
        "Net Income Common Stockholders": 288071000000.0,
        "Net Income": 288071000000.0,
        "Minority Interests": 0.0,
        "Net Income Including Noncontrolling Interests": 288071000000.0,
        "Net Income Discontinuous Operations": 0.0,
        "Net Income Continuous Operations": 288071000000.0,
        "Tax Provision": 79480000000.0,
        "Pretax Income": 367551000000.0,
        "Special Income Charges": -606000000.0,
        "Gain On Sale Of Business": NaN,
        "Other Special Charges": 647000000.0,
        "Write Off": -41000000.0,
        "Impairment Of Capital Assets": NaN,
        "Gain On Sale Of Security": 182957000000.0,
        "Depreciation Amortization Depletion Income Statement": 24163000000.0,
        "Depreciation And Amortization In Income Statement": 24163000000.0,
        "Amortization": NaN,
        "Amortization Of Intangibles Income Statement": NaN,
        "Depreciation Income Statement": NaN,
        "Selling General And Administration": 241098000000.0,
        "Selling And Marketing Expense": NaN,
        "General And Administrative Expense": 241098000000.0,
        "Other Gand A": 101563000000.0,
        "Insurance And Claims": NaN,
        "Rent And Landing Fees": NaN,
        "Salaries And Wages": 139535000000.0,
        "Total Revenue": 722211000000.0,
        "Operating Revenue": 722211000000.0,
        "Occupancy And Equipment": NaN,
        "Professional Expense And Contract Services Expense": NaN,
        "Other Non Interest Expense": 7721000000.0
    },
    "2024-12-31": {
        "Tax Effect Of Unusual Items": -1247110259.585504,
        "Tax Rate For Calcs": 0.207575,
        "Total Unusual Items": -6008000000.0,
        "Total Unusual Items Excluding Goodwill": -6008000000.0,
        "Net Income From Continuing Operation Net Minority Interest": 339150000000.0,
        "Reconciled Depreciation": 23650000000.0,
        "Net Interest Income": 822874000000.0,
        "Interest Expense": 714378000000.0,
        "Interest Income": 1537252000000.0,
        "Normalized Income": 343910889740.4145,
        "Net Income From Continuing And Discontinued Operation": 339150000000.0,
        "Rent Expense Supplemental": 4430000000.0,
        "Diluted Average Shares": NaN,
        "Basic Average Shares": NaN,
        "Diluted EPS": NaN,
        "Basic EPS": NaN,
        "Diluted NI Availto Com Stockholders": 339150000000.0,
        "Net Income Common Stockholders": 339150000000.0,
        "Net Income": 339150000000.0,
        "Minority Interests": 0.0,
        "Net Income Including Noncontrolling Interests": 339150000000.0,
        "Net Income Discontinuous Operations": NaN,
        "Net Income Continuous Operations": 339150000000.0,
        "Tax Provision": 88840000000.0,
        "Pretax Income": 427990000000.0,
        "Special Income Charges": -7840000000.0,
        "Gain On Sale Of Business": NaN,
        "Other Special Charges": -1956000000.0,
        "Write Off": 9798000000.0,
        "Impairment Of Capital Assets": NaN,
        "Gain On Sale Of Security": -369069000000.0,
        "Depreciation Amortization Depletion Income Statement": 23650000000.0,
        "Depreciation And Amortization In Income Statement": 23650000000.0,
        "Amortization": NaN,
        "Amortization Of Intangibles Income Statement": NaN,
        "Depreciation Income Statement": NaN,
        "Selling General And Administration": 513984000000.0,
        "Selling And Marketing Expense": 8456000000.0,
        "General And Administrative Expense": 505528000000.0,
        "Other Gand A": 334307000000.0,
        "Insurance And Claims": 2660000000.0,
        "Rent And Landing Fees": 4430000000.0,
        "Salaries And Wages": 164131000000.0,
        "Total Revenue": 773098000000.0,
        "Operating Revenue": 773098000000.0,
        "Occupancy And Equipment": 12710000000.0,
        "Professional Expense And Contract Services Expense": 8492000000.0,
        "Other Non Interest Expense": -27706000000.0
    },
    "2025-03-31": {
        "Tax Effect Of Unusual Items": -1106995500.0,
        "Tax Rate For Calcs": 0.1937,
        "Total Unusual Items": -5715000000.0,
        "Total Unusual Items Excluding Goodwill": -5715000000.0,
        "Net Income From Continuing Operation Net Minority Interest": 328944000000.0,
        "Reconciled Depreciation": 23647000000.0,
        "Net Interest Income": 429562000000.0,
        "Interest Expense": 235414000000.0,
        "Interest Income": 664976000000.0,
        "Normalized Income": 333552004500.0,
        "Net Income From Continuing And Discontinued Operation": 328944000000.0,
        "Rent Expense Supplemental": 2793000000.0,
        "Diluted Average Shares": 505085406.0,
        "Basic Average Shares": 505085406.0,
        "Diluted EPS": 652.0,
        "Basic EPS": 652.0,
        "Diluted NI Availto Com Stockholders": 328944000000.0,
        "Net Income Common Stockholders": 328944000000.0,
        "Net Income": 328944000000.0,
        "Minority Interests": 0.0,
        "Net Income Including Noncontrolling Interests": 328944000000.0,
        "Net Income Discontinuous Operations": 0.0,
        "Net Income Continuous Operations": 328944000000.0,
        "Tax Provision": 79030000000.0,
        "Pretax Income": 407974000000.0,
        "Special Income Charges": -7441000000.0,
        "Gain On Sale Of Business": 0.0,
        "Other Special Charges": 17000000.0,
        "Write Off": 7419000000.0,
        "Impairment Of Capital Assets": 5000000.0,
        "Gain On Sale Of Security": 67443000000.0,
        "Depreciation Amortization Depletion Income Statement": 23647000000.0,
        "Depreciation And Amortization In Income Statement": 23647000000.0,
        "Amortization": 10026000000.0,
        "Amortization Of Intangibles Income Statement": 10026000000.0,
        "Depreciation Income Statement": 13621000000.0,
        "Selling General And Administration": 232227000000.0,
        "Selling And Marketing Expense": 9544000000.0,
        "General And Administrative Expense": 222683000000.0,
        "Other Gand A": 75454000000.0,
        "Insurance And Claims": 2657000000.0,
        "Rent And Landing Fees": 2793000000.0,
        "Salaries And Wages": 141779000000.0,
        "Total Revenue": 776261000000.0,
        "Operating Revenue": 776261000000.0,
        "Occupancy And Equipment": 12397000000.0,
        "Professional Expense And Contract Services Expense": 4665000000.0,
        "Other Non Interest Expense": -503000000.0
    },
    "2025-06-30": {
        "Tax Effect Of Unusual Items": -354722260.286416,
        "Tax Rate For Calcs": 0.208783,
        "Total Unusual Items": -1699000000.0,
        "Total Unusual Items Excluding Goodwill": -1699000000.0,
        "Net Income From Continuing Operation Net Minority Interest": 304867000000.0,
        "Reconciled Depreciation": 23708000000.0,
        "Net Interest Income": 430777000000.0,
        "Interest Expense": 250238000000.0,
        "Interest Income": 681015000000.0,
        "Normalized Income": 306211277739.71356,
        "Net Income From Continuing And Discontinued Operation": 304867000000.0,
        "Rent Expense Supplemental": NaN,
        "Diluted Average Shares": 506423588.0,
        "Basic Average Shares": 506423588.0,
        "Diluted EPS": 602.0,
        "Basic EPS": NaN,
        "Diluted NI Availto Com Stockholders": 304867000000.0,
        "Net Income Common Stockholders": 304867000000.0,
        "Net Income": 304867000000.0,
        "Minority Interests": 0.0,
        "Net Income Including Noncontrolling Interests": 304867000000.0,
        "Net Income Discontinuous Operations": 0.0,
        "Net Income Continuous Operations": 304867000000.0,
        "Tax Provision": 80447000000.0,
        "Pretax Income": 385314000000.0,
        "Special Income Charges": -1699000000.0,
        "Gain On Sale Of Business": NaN,
        "Other Special Charges": -732000000.0,
        "Write Off": NaN,
        "Impairment Of Capital Assets": 2431000000.0,
        "Gain On Sale Of Security": 122585000000.0,
        "Depreciation Amortization Depletion Income Statement": 23708000000.0,
        "Depreciation And Amortization In Income Statement": 23708000000.0,
        "Amortization": NaN,
        "Amortization Of Intangibles Income Statement": NaN,
        "Depreciation Income Statement": NaN,
        "Selling General And Administration": 246596000000.0,
        "Selling And Marketing Expense": NaN,
        "General And Administrative Expense": 246596000000.0,
        "Other Gand A": 107074000000.0,
        "Insurance And Claims": NaN,
        "Rent And Landing Fees": NaN,
        "Salaries And Wages": 139522000000.0,
        "Total Revenue": 756177000000.0,
        "Operating Revenue": 756177000000.0,
        "Occupancy And Equipment": NaN,
        "Professional Expense And Contract Services Expense": NaN,
        "Other Non Interest Expense": 8199000000.0
    }
}