{
    "2023-06-30": {
        "Tax Effect Of Unusual Items": NaN,
        "Tax Rate For Calcs": NaN,
        "Total Unusual Items": 0.0,
        "Total Unusual Items Excluding Goodwill": 0.0,
        "Net Income From Continuing Operation Net Minority Interest": NaN,
        "Reconciled Depreciation": NaN,
        "Net Interest Income": NaN,
        "Interest Expense": NaN,
        "Interest Income": NaN,
        "Normalized Income": NaN,
        "Net Income From Continuing And Discontinued Operation": NaN,
        "Diluted Average Shares": NaN,
        "Basic Average Shares": NaN,
        "Diluted EPS": NaN,
        "Basic EPS": NaN,
        "Diluted NI Availto Com Stockholders": NaN,
        "Net Income Common Stockholders": NaN,
        "Net Income": NaN,
        "Net Income Including Noncontrolling Interests": NaN,
        "Net Income Continuous Operations": NaN,
        "Tax Provision": NaN,
        "Pretax Income": NaN,
        "Special Income Charges": 0.0,
        "Restructuring And Mergern Acquisition": 0.0,
        "Gain On Sale Of Security": NaN,
        "Depreciation Amortization Depletion Income Statement": NaN,
        "Depreciation And Amortization In Income Statement": NaN,
        "Amortization": NaN,
        "Amortization Of Intangibles Income Statement": NaN,
        "Selling General And Administration": NaN,
        "Selling And Marketing Expense": NaN,
        "General And Administrative Expense": NaN,
        "Insurance And Claims": NaN,
        "Salaries And Wages": NaN,
        "Total Revenue": NaN,
        "Operating Revenue": NaN,
        "Occupancy And Equipment": NaN,
        "Professional Expense And Contract Services Expense": NaN,
        "Other Non Interest Expense": NaN
    },
    "2023-03-31": {
        "Tax Effect Of Unusual Items": NaN,
        "Tax Rate For Calcs": NaN,
        "Total Unusual Items": 0.0,
        "Total Unusual Items Excluding Goodwill": 0.0,
        "Net Income From Continuing Operation Net Minority Interest": NaN,
        "Reconciled Depreciation": NaN,
        "Net Interest Income": NaN,
        "Interest Expense": NaN,
        "Interest Income": NaN,
        "Normalized Income": NaN,
        "Net Income From Continuing And Discontinued Operation": NaN,
        "Diluted Average Shares": NaN,
        "Basic Average Shares": NaN,
        "Diluted EPS": NaN,
        "Basic EPS": NaN,
        "Diluted NI Availto Com Stockholders": NaN,
        "Net Income Common Stockholders": NaN,
        "Net Income": NaN,
        "Net Income Including Noncontrolling Interests": NaN,
        "Net Income Continuous Operations": NaN,
        "Tax Provision": NaN,
        "Pretax Income": NaN,
        "Special Income Charges": 0.0,
        "Restructuring And Mergern Acquisition": 0.0,
        "Gain On Sale Of Security": NaN,
        "Depreciation Amortization Depletion Income Statement": NaN,
        "Depreciation And Amortization In Income Statement": NaN,
        "Amortization": NaN,
        "Amortization Of Intangibles Income Statement": NaN,
        "Selling General And Administration": NaN,
        "Selling And Marketing Expense": NaN,
        "General And Administrative Expense": NaN,
        "Insurance And Claims": NaN,
        "Salaries And Wages": NaN,
        "Total Revenue": NaN,
        "Operating Revenue": NaN,
        "Occupancy And Equipment": NaN,
        "Professional Expense And Contract Services Expense": NaN,
        "Other Non Interest Expense": NaN
    },
    "2022-12-31": {
        "Tax Effect Of Unusual Items": NaN,
        "Tax Rate For Calcs": NaN,
        "Total Unusual Items": 0.0,
        "Total Unusual Items Excluding Goodwill": 0.0,
        "Net Income From Continuing Operation Net Minority Interest": NaN,
        "Reconciled Depreciation": NaN,
        "Net Interest Income": NaN,
        "Interest Expense": NaN,
        "Interest Income": NaN,
        "Normalized Income": NaN,
        "Net Income From Continuing And Discontinued Operation": NaN,
        "Diluted Average Shares": NaN,
        "Basic Average Shares": NaN,
        "Diluted EPS": NaN,
        "Basic EPS": NaN,
        "Diluted NI Availto Com Stockholders": NaN,
        "Net Income Common Stockholders": NaN,
        "Net Income": NaN,
        "Net Income Including Noncontrolling Interests": NaN,
        "Net Income Continuous Operations": NaN,
        "Tax Provision": NaN,
        "Pretax Income": NaN,
        "Special Income Charges": 0.0,
        "Restructuring And Mergern Acquisition": 0.0,
        "Gain On Sale Of Security": NaN,
        "Depreciation Amortization Depletion Income Statement": NaN,
        "Depreciation And Amortization In Income Statement": NaN,
        "Amortization": NaN,
        "Amortization Of Intangibles Income Statement": NaN,
        "Selling General And Administration": NaN,
        "Selling And Marketing Expense": NaN,
        "General And Administrative Expense": NaN,
        "Insurance And Claims": NaN,
        "Salaries And Wages": NaN,
        "Total Revenue": NaN,
        "Operating Revenue": NaN,
        "Occupancy And Equipment": NaN,
        "Professional Expense And Contract Services Expense": NaN,
        "Other Non Interest Expense": NaN
    },
    "2022-09-30": {
        "Tax Effect Of Unusual Items": NaN,
        "Tax Rate For Calcs": NaN,
        "Total Unusual Items": NaN,
        "Total Unusual Items Excluding Goodwill": NaN,
        "Net Income From Continuing Operation Net Minority Interest": NaN,
        "Reconciled Depreciation": NaN,
        "Net Interest Income": NaN,
        "Interest Expense": NaN,
        "Interest Income": NaN,
        "Normalized Income": NaN,
        "Net Income From Continuing And Discontinued Operation": NaN,
        "Diluted Average Shares": NaN,
        "Basic Average Shares": NaN,
        "Diluted EPS": NaN,
        "Basic EPS": NaN,
        "Diluted NI Availto Com Stockholders": NaN,
        "Net Income Common Stockholders": NaN,
        "Net Income": NaN,
        "Net Income Including Noncontrolling Interests": NaN,
        "Net Income Continuous Operations": NaN,
        "Tax Provision": NaN,
        "Pretax Income": NaN,
        "Special Income Charges": NaN,
        "Restructuring And Mergern Acquisition": NaN,
        "Gain On Sale Of Security": NaN,
        "Depreciation Amortization Depletion Income Statement": NaN,
        "Depreciation And Amortization In Income Statement": NaN,
        "Amortization": NaN,
        "Amortization Of Intangibles Income Statement": NaN,
        "Selling General And Administration": NaN,
        "Selling And Marketing Expense": NaN,
        "General And Administrative Expense": NaN,
        "Other Gand A": 232000.0,
        "Insurance And Claims": NaN,
        "Salaries And Wages": NaN,
        "Total Revenue": NaN,
        "Operating Revenue": NaN
    },
    "2022-06-30": {
        "Tax Effect Of Unusual Items": 0.0,
        "Tax Rate For Calcs": 0.291,
        "Total Unusual Items": 0.0,
        "Total Unusual Items Excluding Goodwill": 0.0,
        "Net Income From Continuing Operation Net Minority Interest": 5218000.0,
        "Reconciled Depreciation": 1041000.0,
        "Net Interest Income": 22869000.0,
        "Interest Expense": 2452000.0,
        "Interest Income": 25321000.0,
        "Normalized Income": 5218000.0,
        "Net Income From Continuing And Discontinued Operation": 5218000.0,
        "Diluted Average Shares": 13575995.0,
        "Basic Average Shares": 13575995.0,
        "Diluted EPS": 0.29,
        "Basic EPS": 0.29,
        "Diluted NI Availto Com Stockholders": 5218000.0,
        "Net Income Common Stockholders": 5218000.0,
        "Net Income": 5218000.0,
        "Net Income Including Noncontrolling Interests": 5218000.0,
        "Net Income Continuous Operations": 5218000.0,
        "Tax Provision": 2137000.0,
        "Pretax Income": 7355000.0,
        "Special Income Charges": 0.0,
        "Restructuring And Mergern Acquisition": 0.0,
        "Gain On Sale Of Security": 21000.0,
        "Depreciation Amortization Depletion Income Statement": 516000.0,
        "Depreciation And Amortization In Income Statement": 516000.0,
        "Amortization": 516000.0,
        "Amortization Of Intangibles Income Statement": 516000.0,
        "Selling General And Administration": 9277000.0,
        "Selling And Marketing Expense": 237000.0,
        "General And Administrative Expense": 9277000.0,
        "Other Gand A": 1666000.0,
        "Insurance And Claims": 238000.0,
        "Salaries And Wages": 9277000.0,
        "Total Revenue": 25188000.0,
        "Operating Revenue": 25188000.0
    },
    "2022-03-31": {
        "Diluted EPS": 0.51,
        "Total Revenue": 29,
        "Gross Profit": 27,
        "Operating Income": 8,
        "EBIT": NaN,
        "Net Income": 6
    },
    "2021-12-31": {
        "Diluted EPS": 0.5,
        "Total Revenue": 24,
        "Gross Profit": 22,
        "Operating Income": 8,
        "EBIT": NaN,
        "Net Income": 5
    },
    "2021-09-30": {
        "Diluted EPS": 0.51,
        "Total Revenue": 24,
        "Gross Profit": 22,
        "Operating Income": 7,
        "EBIT": NaN,
        "Net Income": 5
    },
    "2021-06-30": {
        "Diluted EPS": 0.49,
        "Total Revenue": 22,
        "Gross Profit": 20,
        "Operating Income": 7,
        "EBIT": NaN,
        "Net Income": 5
    },
    "2021-03-31": {
        "Diluted EPS": 0.4,
        "Total Revenue": 23,
        "Gross Profit": 20,
        "Operating Income": 6,
        "EBIT": NaN,
        "Net Income": 5
    },
    "2020-12-31": {
        "Diluted EPS": 0.39,
        "Total Revenue": 24,
        "Gross Profit": 21,
        "Operating Income": 6,
        "EBIT": NaN,
        "Net Income": 5
    },
    "2020-09-30": {
        "Diluted EPS": 0.27,
        "Total Revenue": 23,
        "Gross Profit": 21,
        "Operating Income": 4,
        "EBIT": NaN,
        "Net Income": 3
    },
    "2020-06-30": {
        "Diluted EPS": 0.26,
        "Total Revenue": 24,
        "Gross Profit": 22,
        "Operating Income": 4,
        "EBIT": NaN,
        "Net Income": 3
    },
    "2020-03-31": {
        "Diluted EPS": 0.23,
        "Total Revenue": 25,
        "Gross Profit": 23,
        "Operating Income": 4,
        "EBIT": NaN,
        "Net Income": 3
    },
    "2019-12-31": {
        "Diluted EPS": 0.37,
        "Total Revenue": 25,
        "Gross Profit": 25,
        "Operating Income": 25,
        "EBIT": NaN,
        "Net Income": 5
    },
    "2019-09-30": {
        "Diluted EPS": 0.46,
        "Total Revenue": 23,
        "Gross Profit": 20,
        "Operating Income": 8,
        "EBIT": NaN,
        "Net Income": 6
    },
    "2019-06-30": {
        "Diluted EPS": 0.2,
        "Total Revenue": 20,
        "Gross Profit": 19,
        "Operating Income": 3,
        "EBIT": NaN,
        "Net Income": 2
    },
    "2019-03-31": {
        "Diluted EPS": 0.45,
        "Total Revenue": 18,
        "Gross Profit": 18,
        "Operating Income": 18,
        "EBIT": NaN,
        "Net Income": 5
    },
    "2018-12-31": {
        "Diluted EPS": 0.24,
        "Total Revenue": 17,
        "Gross Profit": 17,
        "Operating Income": 17,
        "EBIT": NaN,
        "Net Income": 3
    },
    "2018-09-30": {
        "Diluted EPS": 0.31,
        "Total Revenue": 16,
        "Gross Profit": 16,
        "Operating Income": 16,
        "EBIT": NaN,
        "Net Income": 4
    },
    "2018-06-30": {
        "Diluted EPS": 0.45,
        "Total Revenue": 16,
        "Gross Profit": 16,
        "Operating Income": 16,
        "EBIT": NaN,
        "Net Income": 4
    },
    "2018-03-31": {
        "Diluted EPS": 0.54,
        "Total Revenue": 15,
        "Gross Profit": 15,
        "Operating Income": 15,
        "EBIT": NaN,
        "Net Income": 4
    },
    "2017-12-31": {
        "Diluted EPS": -0.12,
        "Total Revenue": 14,
        "Gross Profit": 14,
        "Operating Income": 14,
        "EBIT": NaN,
        "Net Income": -1
    },
    "2017-09-30": {
        "Diluted EPS": 0.47,
        "Total Revenue": 14,
        "Gross Profit": 14,
        "Operating Income": 14,
        "EBIT": NaN,
        "Net Income": 3
    },
    "2017-06-30": {
        "Diluted EPS": 0.27,
        "Total Revenue": 12,
        "Gross Profit": 12,
        "Operating Income": 12,
        "EBIT": NaN,
        "Net Income": 2
    },
    "2016-12-31": {
        "Diluted EPS": 0.35,
        "Total Revenue": 8,
        "Gross Profit": 8,
        "Operating Income": 8,
        "EBIT": NaN,
        "Net Income": 2
    },
    "2016-09-30": {
        "Diluted EPS": 0.22,
        "Total Revenue": 7,
        "Gross Profit": 7,
        "Operating Income": 7,
        "EBIT": NaN,
        "Net Income": 1
    },
    "2016-06-30": {
        "Diluted EPS": 0.27,
        "Total Revenue": 8,
        "Gross Profit": 8,
        "Operating Income": 8,
        "EBIT": NaN,
        "Net Income": 1
    },
    "2016-03-31": {
        "Diluted EPS": 0.25,
        "Total Revenue": 7,
        "Gross Profit": 7,
        "Operating Income": 7,
        "EBIT": NaN,
        "Net Income": 1
    },
    "2015-12-31": {
        "Diluted EPS": -0.18,
        "Total Revenue": 7,
        "Gross Profit": 7,
        "Operating Income": 7,
        "EBIT": NaN,
        "Net Income": -1
    },
    "2015-09-30": {
        "Diluted EPS": 0.21,
        "Total Revenue": 7,
        "Gross Profit": 7,
        "Operating Income": 7,
        "EBIT": NaN,
        "Net Income": 1
    },
    "2015-06-30": {
        "Diluted EPS": 0.33,
        "Total Revenue": 8,
        "Gross Profit": 8,
        "Operating Income": 8,
        "EBIT": NaN,
        "Net Income": 2
    },
    "2015-03-31": {
        "Diluted EPS": 1.01,
        "Total Revenue": 12,
        "Gross Profit": 12,
        "Operating Income": 12,
        "EBIT": NaN,
        "Net Income": 5
    },
    "2014-12-31": {
        "Diluted EPS": 0.27,
        "Total Revenue": 6,
        "Gross Profit": 6,
        "Operating Income": 6,
        "EBIT": NaN,
        "Net Income": 1
    },
    "2014-09-30": {
        "Diluted EPS": 0.33,
        "Total Revenue": 6,
        "Gross Profit": 6,
        "Operating Income": 6,
        "EBIT": NaN,
        "Net Income": 2
    },
    "2014-06-30": {
        "Diluted EPS": 0.38,
        "Total Revenue": 7,
        "Gross Profit": 7,
        "Operating Income": 7,
        "EBIT": NaN,
        "Net Income": 2
    },
    "2014-03-31": {
        "Diluted EPS": 0.11,
        "Total Revenue": 4,
        "Gross Profit": 4,
        "Operating Income": 4,
        "EBIT": NaN,
        "Net Income": 1
    },
    "2013-12-31": {
        "Diluted EPS": 0.16,
        "Total Revenue": 4,
        "Gross Profit": 4,
        "Operating Income": 4,
        "EBIT": NaN,
        "Net Income": 1
    },
    "2013-09-30": {
        "Diluted EPS": 0.13,
        "Total Revenue": 4,
        "Gross Profit": 4,
        "Operating Income": 4,
        "EBIT": NaN,
        "Net Income": 1
    },
    "2013-06-30": {
        "Diluted EPS": 0.13,
        "Total Revenue": 4,
        "Gross Profit": 4,
        "Operating Income": 4,
        "EBIT": NaN,
        "Net Income": 1
    },
    "2013-03-31": {
        "Diluted EPS": 0.13,
        "Total Revenue": 4,
        "Gross Profit": 4,
        "Operating Income": 4,
        "EBIT": NaN,
        "Net Income": 1
    },
    "2012-12-31": {
        "Diluted EPS": 0.13,
        "Total Revenue": 4,
        "Gross Profit": 4,
        "Operating Income": 4,
        "EBIT": NaN,
        "Net Income": 1
    },
    "2012-09-30": {
        "Diluted EPS": 0.09,
        "Total Revenue": 3,
        "Gross Profit": 3,
        "Operating Income": 3,
        "EBIT": NaN,
        "Net Income": 0
    },
    "2012-06-30": {
        "Diluted EPS": 0.08,
        "Total Revenue": 4,
        "Gross Profit": 4,
        "Operating Income": 4,
        "EBIT": NaN,
        "Net Income": 0
    },
    "2012-03-31": {
        "Diluted EPS": 0.08,
        "Total Revenue": 4,
        "Gross Profit": 4,
        "Operating Income": 4,
        "EBIT": NaN,
        "Net Income": 0
    },
    "2011-12-31": {
        "Diluted EPS": 1.49,
        "Total Revenue": 11,
        "Gross Profit": 11,
        "Operating Income": 11,
        "EBIT": NaN,
        "Net Income": 7
    },
    "2011-09-30": {
        "Diluted EPS": 0.09,
        "Total Revenue": 3,
        "Gross Profit": 2,
        "Operating Income": 1,
        "EBIT": NaN,
        "Net Income": 0
    },
    "2011-06-30": {
        "Diluted EPS": 0.13,
        "Total Revenue": 2,
        "Gross Profit": 2,
        "Operating Income": 0,
        "EBIT": NaN,
        "Net Income": 0
    },
    "2011-03-31": {
        "Diluted EPS": -0.03,
        "Total Revenue": 2,
        "Gross Profit": 2,
        "Operating Income": 0,
        "EBIT": NaN,
        "Net Income": 0
    },
    "2010-12-31": {
        "Diluted EPS": 0.01,
        "Total Revenue": 3,
        "Gross Profit": 2,
        "Operating Income": 0,
        "EBIT": NaN,
        "Net Income": 0
    },
    "2010-09-30": {
        "Diluted EPS": 0.03,
        "Total Revenue": 2,
        "Gross Profit": 2,
        "Operating Income": 0,
        "EBIT": NaN,
        "Net Income": 0
    },
    "2010-06-30": {
        "Diluted EPS": 0.13,
        "Total Revenue": 2,
        "Gross Profit": 2,
        "Operating Income": 0,
        "EBIT": NaN,
        "Net Income": 0
    },
    "2010-03-31": {
        "Diluted EPS": 0.18,
        "Total Revenue": 2,
        "Gross Profit": 2,
        "Operating Income": 1,
        "EBIT": NaN,
        "Net Income": 0
    },
    "2009-12-31": {
        "Diluted EPS": 0.14,
        "Total Revenue": 2,
        "Gross Profit": 2,
        "Operating Income": 2,
        "EBIT": NaN,
        "Net Income": 0
    },
    "2009-09-30": {
        "Diluted EPS": 0.06,
        "Total Revenue": 2,
        "Gross Profit": 2,
        "Operating Income": 1,
        "EBIT": NaN,
        "Net Income": 0
    },
    "2009-06-30": {
        "Diluted EPS": 0.0,
        "Total Revenue": 2,
        "Gross Profit": 2,
        "Operating Income": 2,
        "EBIT": NaN,
        "Net Income": 0
    },
    "2009-03-31": {
        "Diluted EPS": 0.02,
        "Total Revenue": 1,
        "Gross Profit": 1,
        "Operating Income": 1,
        "EBIT": NaN,
        "Net Income": 0
    },
    "2023-09-30": {
        "Tax Effect Of Unusual Items": NaN,
        "Tax Rate For Calcs": NaN,
        "Total Unusual Items": 0.0,
        "Total Unusual Items Excluding Goodwill": 0.0,
        "Net Income From Continuing Operation Net Minority Interest": NaN,
        "Reconciled Depreciation": NaN,
        "Net Interest Income": NaN,
        "Interest Expense": NaN,
        "Interest Income": NaN,
        "Normalized Income": NaN,
        "Net Income From Continuing And Discontinued Operation": NaN,
        "Diluted Average Shares": NaN,
        "Basic Average Shares": NaN,
        "Diluted EPS": NaN,
        "Basic EPS": NaN,
        "Diluted NI Availto Com Stockholders": NaN,
        "Net Income Common Stockholders": NaN,
        "Net Income": NaN,
        "Net Income Including Noncontrolling Interests": NaN,
        "Net Income Continuous Operations": NaN,
        "Tax Provision": NaN,
        "Pretax Income": NaN,
        "Special Income Charges": 0.0,
        "Restructuring And Mergern Acquisition": 0.0,
        "Gain On Sale Of Security": NaN,
        "Depreciation Amortization Depletion Income Statement": NaN,
        "Depreciation And Amortization In Income Statement": NaN,
        "Amortization": NaN,
        "Amortization Of Intangibles Income Statement": NaN,
        "Selling General And Administration": NaN,
        "Selling And Marketing Expense": NaN,
        "General And Administrative Expense": NaN,
        "Insurance And Claims": NaN,
        "Salaries And Wages": NaN,
        "Total Revenue": NaN,
        "Operating Revenue": NaN,
        "Occupancy And Equipment": NaN,
        "Professional Expense And Contract Services Expense": NaN,
        "Other Non Interest Expense": NaN
    },
    "2023-12-31": {
        "Tax Effect Of Unusual Items": NaN,
        "Tax Rate For Calcs": NaN,
        "Total Unusual Items": 0.0,
        "Total Unusual Items Excluding Goodwill": 0.0,
        "Net Income From Continuing Operation Net Minority Interest": NaN,
        "Reconciled Depreciation": NaN,
        "Net Interest Income": NaN,
        "Interest Expense": NaN,
        "Interest Income": NaN,
        "Normalized Income": NaN,
        "Net Income From Continuing And Discontinued Operation": NaN,
        "Diluted Average Shares": NaN,
        "Basic Average Shares": NaN,
        "Diluted EPS": NaN,
        "Basic EPS": NaN,
        "Diluted NI Availto Com Stockholders": NaN,
        "Net Income Common Stockholders": NaN,
        "Net Income": NaN,
        "Net Income Including Noncontrolling Interests": NaN,
        "Net Income Continuous Operations": NaN,
        "Tax Provision": NaN,
        "Pretax Income": NaN,
        "Special Income Charges": 0.0,
        "Restructuring And Mergern Acquisition": 0.0,
        "Gain On Sale Of Security": NaN,
        "Depreciation Amortization Depletion Income Statement": NaN,
        "Depreciation And Amortization In Income Statement": NaN,
        "Amortization": NaN,
        "Amortization Of Intangibles Income Statement": NaN,
        "Selling General And Administration": NaN,
        "Selling And Marketing Expense": NaN,
        "General And Administrative Expense": NaN,
        "Insurance And Claims": NaN,
        "Salaries And Wages": NaN,
        "Total Revenue": NaN,
        "Operating Revenue": NaN,
        "Occupancy And Equipment": NaN,
        "Professional Expense And Contract Services Expense": NaN,
        "Other Non Interest Expense": NaN
    },
    "2024-03-31": {
        "Tax Effect Of Unusual Items": 0.0,
        "Tax Rate For Calcs": 0.278542,
        "Total Unusual Items": NaN,
        "Total Unusual Items Excluding Goodwill": NaN,
        "Net Income From Continuing Operation Net Minority Interest": 5877000.0,
        "Reconciled Depreciation": 796000.0,
        "Net Interest Income": 21991000.0,
        "Interest Expense": 9337000.0,
        "Interest Income": 31328000.0,
        "Normalized Income": 5877000.0,
        "Net Income From Continuing And Discontinued Operation": 5877000.0,
        "Diluted Average Shares": 11525752.0,
        "Basic Average Shares": 11525752.0,
        "Diluted EPS": 0.51,
        "Basic EPS": 0.51,
        "Diluted NI Availto Com Stockholders": 5877000.0,
        "Net Income Common Stockholders": 5877000.0,
        "Net Income": 5877000.0,
        "Net Income Including Noncontrolling Interests": 5877000.0,
        "Net Income Continuous Operations": 5877000.0,
        "Tax Provision": 2269000.0,
        "Pretax Income": 8146000.0,
        "Special Income Charges": NaN,
        "Restructuring And Mergern Acquisition": NaN,
        "Gain On Sale Of Security": 543000.0,
        "Depreciation Amortization Depletion Income Statement": 305000.0,
        "Depreciation And Amortization In Income Statement": 305000.0,
        "Amortization": 305000.0,
        "Amortization Of Intangibles Income Statement": 305000.0,
        "Selling General And Administration": 10606000.0,
        "Selling And Marketing Expense": 123000.0,
        "General And Administrative Expense": 10483000.0,
        "Insurance And Claims": 359000.0,
        "Salaries And Wages": 10124000.0,
        "Total Revenue": 24461000.0,
        "Operating Revenue": 24461000.0,
        "Occupancy And Equipment": 2154000.0,
        "Professional Expense And Contract Services Expense": 587000.0,
        "Other Non Interest Expense": 2411000.0
    },
    "2024-06-30": {
        "Tax Effect Of Unusual Items": 0.0,
        "Tax Rate For Calcs": 0.263,
        "Total Unusual Items": NaN,
        "Total Unusual Items Excluding Goodwill": NaN,
        "Net Income From Continuing Operation Net Minority Interest": 5600000.0,
        "Reconciled Depreciation": 824000.0,
        "Net Interest Income": 21903000.0,
        "Interest Expense": 10111000.0,
        "Interest Income": 32014000.0,
        "Normalized Income": 5600000.0,
        "Net Income From Continuing And Discontinued Operation": 5600000.0,
        "Diluted Average Shares": 11254233.0,
        "Basic Average Shares": 11254233.0,
        "Diluted EPS": 0.5,
        "Basic EPS": 0.5,
        "Diluted NI Availto Com Stockholders": 5600000.0,
        "Net Income Common Stockholders": 5600000.0,
        "Net Income": 5600000.0,
        "Net Income Including Noncontrolling Interests": 5600000.0,
        "Net Income Continuous Operations": 5600000.0,
        "Tax Provision": 1995000.0,
        "Pretax Income": 7595000.0,
        "Special Income Charges": NaN,
        "Restructuring And Mergern Acquisition": NaN,
        "Gain On Sale Of Security": -250000.0,
        "Depreciation Amortization Depletion Income Statement": 305000.0,
        "Depreciation And Amortization In Income Statement": 305000.0,
        "Amortization": 305000.0,
        "Amortization Of Intangibles Income Statement": 305000.0,
        "Selling General And Administration": 10319000.0,
        "Selling And Marketing Expense": 246000.0,
        "General And Administrative Expense": 10073000.0,
        "Insurance And Claims": 349000.0,
        "Salaries And Wages": 9724000.0,
        "Total Revenue": 23630000.0,
        "Operating Revenue": 23630000.0,
        "Occupancy And Equipment": 2133000.0,
        "Professional Expense And Contract Services Expense": 673000.0,
        "Other Non Interest Expense": 2434000.0
    },
    "2024-09-30": {
        "Tax Effect Of Unusual Items": 0.0,
        "Tax Rate For Calcs": 0.274,
        "Total Unusual Items": NaN,
        "Total Unusual Items Excluding Goodwill": NaN,
        "Net Income From Continuing Operation Net Minority Interest": 6017000.0,
        "Reconciled Depreciation": 833000.0,
        "Net Interest Income": 22478000.0,
        "Interest Expense": 10561000.0,
        "Interest Income": 33039000.0,
        "Normalized Income": 6017000.0,
        "Net Income From Continuing And Discontinued Operation": 6017000.0,
        "Diluted Average Shares": 11148482.0,
        "Basic Average Shares": 11148482.0,
        "Diluted EPS": 0.54,
        "Basic EPS": 0.54,
        "Diluted NI Availto Com Stockholders": 6017000.0,
        "Net Income Common Stockholders": 6017000.0,
        "Net Income": 6017000.0,
        "Net Income Including Noncontrolling Interests": 6017000.0,
        "Net Income Continuous Operations": 6017000.0,
        "Tax Provision": 2274000.0,
        "Pretax Income": 8291000.0,
        "Special Income Charges": NaN,
        "Restructuring And Mergern Acquisition": NaN,
        "Gain On Sale Of Security": 1167000.0,
        "Depreciation Amortization Depletion Income Statement": 305000.0,
        "Depreciation And Amortization In Income Statement": 305000.0,
        "Amortization": 305000.0,
        "Amortization Of Intangibles Income Statement": 305000.0,
        "Selling General And Administration": 10247000.0,
        "Selling And Marketing Expense": 238000.0,
        "General And Administrative Expense": 10009000.0,
        "Insurance And Claims": 361000.0,
        "Salaries And Wages": 9648000.0,
        "Total Revenue": 25482000.0,
        "Operating Revenue": 25482000.0,
        "Occupancy And Equipment": 2209000.0,
        "Professional Expense And Contract Services Expense": 594000.0,
        "Other Non Interest Expense": 2591000.0
    },
    "2024-12-31": {
        "Tax Effect Of Unusual Items": 0.0,
        "Tax Rate For Calcs": 0.243323,
        "Total Unusual Items": NaN,
        "Total Unusual Items Excluding Goodwill": NaN,
        "Net Income From Continuing Operation Net Minority Interest": 6120000.0,
        "Reconciled Depreciation": 814000.0,
        "Net Interest Income": 23180000.0,
        "Interest Expense": 10560000.0,
        "Interest Income": 33740000.0,
        "Normalized Income": 6120000.0,
        "Net Income From Continuing And Discontinued Operation": 6120000.0,
        "Diluted Average Shares": 11123944.0,
        "Basic Average Shares": 11123944.0,
        "Diluted EPS": 0.55,
        "Basic EPS": 0.55,
        "Diluted NI Availto Com Stockholders": 6120000.0,
        "Net Income Common Stockholders": 6120000.0,
        "Net Income": 6120000.0,
        "Net Income Including Noncontrolling Interests": 6120000.0,
        "Net Income Continuous Operations": 6120000.0,
        "Tax Provision": 1968000.0,
        "Pretax Income": 8088000.0,
        "Special Income Charges": NaN,
        "Restructuring And Mergern Acquisition": NaN,
        "Gain On Sale Of Security": -1497000.0,
        "Depreciation Amortization Depletion Income Statement": 306000.0,
        "Depreciation And Amortization In Income Statement": 306000.0,
        "Amortization": 306000.0,
        "Amortization Of Intangibles Income Statement": 306000.0,
        "Selling General And Administration": 10277000.0,
        "Selling And Marketing Expense": 178000.0,
        "General And Administrative Expense": 10099000.0,
        "Insurance And Claims": 370000.0,
        "Salaries And Wages": 9729000.0,
        "Total Revenue": 23566000.0,
        "Operating Revenue": 23566000.0,
        "Occupancy And Equipment": 2179000.0,
        "Professional Expense And Contract Services Expense": 582000.0,
        "Other Non Interest Expense": 2537000.0
    },
    "2025-03-31": {
        "Tax Effect Of Unusual Items": 0.0,
        "Tax Rate For Calcs": 0.258421,
        "Total Unusual Items": NaN,
        "Total Unusual Items Excluding Goodwill": NaN,
        "Net Income From Continuing Operation Net Minority Interest": 5702000.0,
        "Reconciled Depreciation": 733000.0,
        "Net Interest Income": 22486000.0,
        "Interest Expense": 9766000.0,
        "Interest Income": 32252000.0,
        "Normalized Income": 5702000.0,
        "Net Income From Continuing And Discontinued Operation": 5702000.0,
        "Diluted Average Shares": 11136058.0,
        "Basic Average Shares": 11136058.0,
        "Diluted EPS": 0.51,
        "Basic EPS": 0.51,
        "Diluted NI Availto Com Stockholders": 5702000.0,
        "Net Income Common Stockholders": 5702000.0,
        "Net Income": 5702000.0,
        "Net Income Including Noncontrolling Interests": 5702000.0,
        "Net Income Continuous Operations": 5702000.0,
        "Tax Provision": 1987000.0,
        "Pretax Income": 7689000.0,
        "Special Income Charges": NaN,
        "Restructuring And Mergern Acquisition": NaN,
        "Gain On Sale Of Security": -364000.0,
        "Depreciation Amortization Depletion Income Statement": 263000.0,
        "Depreciation And Amortization In Income Statement": 263000.0,
        "Amortization": 263000.0,
        "Amortization Of Intangibles Income Statement": 263000.0,
        "Selling General And Administration": 10533000.0,
        "Selling And Marketing Expense": 157000.0,
        "General And Administrative Expense": 10376000.0,
        "Insurance And Claims": 373000.0,
        "Salaries And Wages": 10003000.0,
        "Total Revenue": 24332000.0,
        "Operating Revenue": 24332000.0,
        "Occupancy And Equipment": 2136000.0,
        "Professional Expense And Contract Services Expense": 536000.0,
        "Other Non Interest Expense": 2533000.0
    }
}