{
    "2023-03-31": {
        "Tax Effect Of Unusual Items": NaN,
        "Tax Rate For Calcs": NaN,
        "Normalized EBITDA": NaN,
        "Total Unusual Items": NaN,
        "Total Unusual Items Excluding Goodwill": NaN,
        "Net Income From Continuing Operation Net Minority Interest": NaN,
        "Reconciled Depreciation": NaN,
        "Reconciled Cost Of Revenue": NaN,
        "EBITDA": NaN,
        "EBIT": NaN,
        "Net Interest Income": NaN,
        "Interest Expense": NaN,
        "Interest Income": NaN,
        "Normalized Income": NaN,
        "Net Income From Continuing And Discontinued Operation": NaN,
        "Total Expenses": NaN,
        "Total Operating Income As Reported": NaN,
        "Diluted Average Shares": 47400000.0,
        "Basic Average Shares": 46700000.0,
        "Diluted EPS": 0.32,
        "Basic EPS": 0.32,
        "Diluted NI Availto Com Stockholders": NaN,
        "Net Income Common Stockholders": NaN,
        "Net Income": NaN,
        "Minority Interests": NaN,
        "Net Income Including Noncontrolling Interests": NaN,
        "Net Income Discontinuous Operations": NaN,
        "Net Income Continuous Operations": NaN,
        "Tax Provision": NaN,
        "Pretax Income": NaN,
        "Other Income Expense": NaN,
        "Other Non Operating Income Expenses": -100000.0,
        "Special Income Charges": NaN,
        "Gain On Sale Of Ppe": NaN,
        "Other Special Charges": 500000.0,
        "Write Off": NaN,
        "Restructuring And Mergern Acquisition": NaN,
        "Earnings From Equity Interest": NaN,
        "Gain On Sale Of Security": NaN,
        "Net Non Operating Interest Income Expense": NaN,
        "Interest Expense Non Operating": NaN,
        "Interest Income Non Operating": NaN,
        "Operating Income": NaN,
        "Operating Expense": NaN,
        "Other Operating Expenses": NaN,
        "Other Taxes": NaN,
        "Selling General And Administration": NaN,
        "General And Administrative Expense": NaN,
        "Other Gand A": NaN,
        "Salaries And Wages": NaN,
        "Gross Profit": NaN,
        "Cost Of Revenue": NaN,
        "Total Revenue": NaN,
        "Operating Revenue": NaN
    },
    "2022-12-31": {
        "Tax Effect Of Unusual Items": NaN,
        "Tax Rate For Calcs": NaN,
        "Normalized EBITDA": NaN,
        "Total Unusual Items": NaN,
        "Total Unusual Items Excluding Goodwill": NaN,
        "Net Income From Continuing Operation Net Minority Interest": NaN,
        "Reconciled Depreciation": NaN,
        "Reconciled Cost Of Revenue": NaN,
        "EBITDA": NaN,
        "EBIT": NaN,
        "Net Interest Income": NaN,
        "Interest Expense": NaN,
        "Interest Income": NaN,
        "Normalized Income": NaN,
        "Net Income From Continuing And Discontinued Operation": NaN,
        "Total Expenses": NaN,
        "Total Operating Income As Reported": NaN,
        "Diluted Average Shares": NaN,
        "Basic Average Shares": NaN,
        "Diluted EPS": NaN,
        "Basic EPS": NaN,
        "Diluted NI Availto Com Stockholders": NaN,
        "Net Income Common Stockholders": NaN,
        "Net Income": NaN,
        "Minority Interests": NaN,
        "Net Income Including Noncontrolling Interests": NaN,
        "Net Income Discontinuous Operations": NaN,
        "Net Income Continuous Operations": NaN,
        "Tax Provision": NaN,
        "Pretax Income": NaN,
        "Other Income Expense": NaN,
        "Other Non Operating Income Expenses": NaN,
        "Special Income Charges": NaN,
        "Gain On Sale Of Ppe": NaN,
        "Other Special Charges": NaN,
        "Write Off": NaN,
        "Restructuring And Mergern Acquisition": 0.0,
        "Earnings From Equity Interest": NaN,
        "Gain On Sale Of Security": NaN,
        "Net Non Operating Interest Income Expense": NaN,
        "Interest Expense Non Operating": NaN,
        "Interest Income Non Operating": NaN,
        "Operating Income": NaN,
        "Operating Expense": NaN,
        "Other Operating Expenses": NaN,
        "Other Taxes": NaN,
        "Selling General And Administration": NaN,
        "General And Administrative Expense": NaN,
        "Other Gand A": NaN,
        "Salaries And Wages": NaN,
        "Gross Profit": NaN,
        "Cost Of Revenue": NaN,
        "Total Revenue": NaN,
        "Operating Revenue": NaN
    },
    "2022-09-30": {
        "Tax Effect Of Unusual Items": NaN,
        "Tax Rate For Calcs": NaN,
        "Normalized EBITDA": NaN,
        "Total Unusual Items": NaN,
        "Total Unusual Items Excluding Goodwill": NaN,
        "Net Income From Continuing Operation Net Minority Interest": NaN,
        "Reconciled Depreciation": NaN,
        "Reconciled Cost Of Revenue": NaN,
        "EBITDA": NaN,
        "EBIT": NaN,
        "Net Interest Income": NaN,
        "Interest Expense": NaN,
        "Interest Income": NaN,
        "Normalized Income": NaN,
        "Net Income From Continuing And Discontinued Operation": NaN,
        "Total Expenses": NaN,
        "Total Operating Income As Reported": NaN,
        "Diluted Average Shares": 47500000.0,
        "Basic Average Shares": 47400000.0,
        "Diluted EPS": 0.4,
        "Basic EPS": 0.41,
        "Diluted NI Availto Com Stockholders": NaN,
        "Net Income Common Stockholders": NaN,
        "Net Income": NaN,
        "Minority Interests": NaN,
        "Net Income Including Noncontrolling Interests": NaN,
        "Net Income Discontinuous Operations": NaN,
        "Net Income Continuous Operations": NaN,
        "Tax Provision": NaN,
        "Pretax Income": NaN,
        "Other Income Expense": NaN,
        "Other Non Operating Income Expenses": NaN,
        "Special Income Charges": NaN,
        "Gain On Sale Of Ppe": NaN,
        "Other Special Charges": NaN,
        "Write Off": NaN,
        "Restructuring And Mergern Acquisition": 0.0,
        "Earnings From Equity Interest": NaN,
        "Gain On Sale Of Security": NaN,
        "Net Non Operating Interest Income Expense": NaN,
        "Interest Expense Non Operating": NaN,
        "Interest Income Non Operating": NaN,
        "Operating Income": NaN,
        "Operating Expense": NaN,
        "Other Operating Expenses": NaN,
        "Other Taxes": NaN,
        "Selling General And Administration": NaN,
        "General And Administrative Expense": 183900000.0,
        "Other Gand A": 180800000.0,
        "Salaries And Wages": 3100000.0,
        "Gross Profit": NaN,
        "Cost Of Revenue": NaN,
        "Total Revenue": NaN,
        "Operating Revenue": NaN
    },
    "2022-06-30": {
        "Tax Effect Of Unusual Items": -1400000.0,
        "Tax Rate For Calcs": 0.4,
        "Normalized EBITDA": 163700000.0,
        "Total Unusual Items": -3500000.0,
        "Total Unusual Items Excluding Goodwill": -3500000.0,
        "Net Income From Continuing Operation Net Minority Interest": 35200000.0,
        "Reconciled Depreciation": 60300000.0,
        "Reconciled Cost Of Revenue": 867500000.0,
        "EBITDA": 160200000.0,
        "EBIT": 99900000.0,
        "Net Interest Income": -26900000.0,
        "Interest Expense": 32400000.0,
        "Interest Income": 5500000.0,
        "Normalized Income": 37300000.0,
        "Net Income From Continuing And Discontinued Operation": 35100000.0,
        "Total Expenses": 1032200000.0,
        "Total Operating Income As Reported": 96500000.0,
        "Diluted Average Shares": 47800000.0,
        "Basic Average Shares": 47400000.0,
        "Diluted EPS": 0.73,
        "Basic EPS": 0.74,
        "Diluted NI Availto Com Stockholders": 35100000.0,
        "Net Income Common Stockholders": 35100000.0,
        "Net Income": 35100000.0,
        "Minority Interests": -3000000.0,
        "Net Income Including Noncontrolling Interests": 38100000.0,
        "Net Income Discontinuous Operations": -100000.0,
        "Net Income Continuous Operations": 38200000.0,
        "Tax Provision": 29300000.0,
        "Pretax Income": 67500000.0,
        "Other Income Expense": -7300000.0,
        "Other Non Operating Income Expenses": -4100000.0,
        "Special Income Charges": 200000.0,
        "Gain On Sale Of Ppe": 1100000.0,
        "Other Special Charges": NaN,
        "Write Off": 900000.0,
        "Restructuring And Mergern Acquisition": NaN,
        "Earnings From Equity Interest": 300000.0,
        "Gain On Sale Of Security": -3700000.0,
        "Net Non Operating Interest Income Expense": -26900000.0,
        "Interest Expense Non Operating": 32400000.0,
        "Interest Income Non Operating": 5500000.0,
        "Operating Income": 101700000.0,
        "Operating Expense": 164700000.0,
        "Other Operating Expenses": -2300000.0,
        "Other Taxes": -500000.0,
        "Selling General And Administration": 167500000.0,
        "Gross Profit": 266400000.0,
        "Cost Of Revenue": 867500000.0,
        "Total Revenue": 1133900000.0,
        "Operating Revenue": 1133900000.0
    },
    "2022-03-31": {
        "Diluted EPS": 1.48,
        "Total Revenue": NaN,
        "Gross Profit": 234,
        "Operating Income": 62,
        "EBIT": 123,
        "Net Income": 71
    },
    "2021-12-31": {
        "Diluted EPS": 1.0,
        "Total Revenue": NaN,
        "Gross Profit": 278,
        "Operating Income": 146,
        "EBIT": 207,
        "Net Income": 50
    },
    "2021-09-30": {
        "Diluted EPS": 0.38,
        "Total Revenue": NaN,
        "Gross Profit": 238,
        "Operating Income": 74,
        "EBIT": 136,
        "Net Income": 19
    },
    "2021-06-30": {
        "Diluted EPS": 0.47,
        "Total Revenue": NaN,
        "Gross Profit": 230,
        "Operating Income": 73,
        "EBIT": 135,
        "Net Income": 24
    },
    "2021-03-31": {
        "Diluted EPS": 0.25,
        "Total Revenue": 978,
        "Gross Profit": 219,
        "Operating Income": 62,
        "EBIT": 117,
        "Net Income": 13
    },
    "2020-12-31": {
        "Diluted EPS": 0.51,
        "Total Revenue": NaN,
        "Gross Profit": 265,
        "Operating Income": 112,
        "EBIT": 167,
        "Net Income": 25
    },
    "2020-09-30": {
        "Diluted EPS": -0.48,
        "Total Revenue": 971,
        "Gross Profit": 228,
        "Operating Income": 76,
        "EBIT": 132,
        "Net Income": -24
    },
    "2020-06-30": {
        "Diluted EPS": 0.25,
        "Total Revenue": 826,
        "Gross Profit": 142,
        "Operating Income": -1,
        "EBIT": 51,
        "Net Income": 13
    },
    "2020-03-31": {
        "Diluted EPS": 0.03,
        "Total Revenue": 873,
        "Gross Profit": 179,
        "Operating Income": 26,
        "EBIT": 71,
        "Net Income": 2
    },
    "2019-12-31": {
        "Diluted EPS": -0.05,
        "Total Revenue": 936,
        "Gross Profit": 229,
        "Operating Income": 73,
        "EBIT": 119,
        "Net Income": -3
    },
    "2019-09-30": {
        "Diluted EPS": 0.1,
        "Total Revenue": 928,
        "Gross Profit": 214,
        "Operating Income": 53,
        "EBIT": 95,
        "Net Income": 5
    },
    "2019-06-30": {
        "Diluted EPS": 0.25,
        "Total Revenue": 914,
        "Gross Profit": 206,
        "Operating Income": 53,
        "EBIT": 101,
        "Net Income": 13
    },
    "2019-03-31": {
        "Diluted EPS": 0.27,
        "Total Revenue": 905,
        "Gross Profit": 202,
        "Operating Income": 58,
        "EBIT": 106,
        "Net Income": 14
    },
    "2018-12-31": {
        "Diluted EPS": 0.69,
        "Total Revenue": 908,
        "Gross Profit": 217,
        "Operating Income": 81,
        "EBIT": 124,
        "Net Income": 35
    },
    "2018-09-30": {
        "Diluted EPS": 0.34,
        "Total Revenue": 852,
        "Gross Profit": 200,
        "Operating Income": 67,
        "EBIT": 109,
        "Net Income": 17
    },
    "2018-06-30": {
        "Diluted EPS": -2.11,
        "Total Revenue": 850,
        "Gross Profit": 183,
        "Operating Income": 62,
        "EBIT": 101,
        "Net Income": -108
    },
    "2018-03-31": {
        "Diluted EPS": 0.43,
        "Total Revenue": 879,
        "Gross Profit": 186,
        "Operating Income": 65,
        "EBIT": 104,
        "Net Income": 22
    },
    "2017-12-31": {
        "Diluted EPS": -1.01,
        "Total Revenue": 903,
        "Gross Profit": 201,
        "Operating Income": 88,
        "EBIT": 129,
        "Net Income": -52
    },
    "2017-09-30": {
        "Diluted EPS": 0.38,
        "Total Revenue": 850,
        "Gross Profit": 183,
        "Operating Income": 66,
        "EBIT": 104,
        "Net Income": 20
    },
    "2017-06-30": {
        "Diluted EPS": 0.28,
        "Total Revenue": 806,
        "Gross Profit": 177,
        "Operating Income": 48,
        "EBIT": 83,
        "Net Income": 14
    },
    "2017-03-31": {
        "Diluted EPS": 0.67,
        "Total Revenue": 788,
        "Gross Profit": 178,
        "Operating Income": 71,
        "EBIT": 105,
        "Net Income": 35
    },
    "2016-12-31": {
        "Diluted EPS": 0.25,
        "Total Revenue": 804,
        "Gross Profit": 191,
        "Operating Income": 69,
        "EBIT": 103,
        "Net Income": 13
    },
    "2016-09-30": {
        "Diluted EPS": 0.48,
        "Total Revenue": 756,
        "Gross Profit": 161,
        "Operating Income": 60,
        "EBIT": 92,
        "Net Income": 25
    },
    "2016-06-30": {
        "Diluted EPS": 0.01,
        "Total Revenue": 740,
        "Gross Profit": 143,
        "Operating Income": 32,
        "EBIT": 65,
        "Net Income": 0
    },
    "2016-03-31": {
        "Diluted EPS": -0.06,
        "Total Revenue": 722,
        "Gross Profit": 133,
        "Operating Income": 24,
        "EBIT": 56,
        "Net Income": -3
    },
    "2015-12-31": {
        "Diluted EPS": -0.07,
        "Total Revenue": 766,
        "Gross Profit": 189,
        "Operating Income": 73,
        "EBIT": 106,
        "Net Income": -4
    },
    "2015-09-30": {
        "Diluted EPS": 0.15,
        "Total Revenue": 759,
        "Gross Profit": 143,
        "Operating Income": 25,
        "EBIT": 58,
        "Net Income": 8
    },
    "2015-06-30": {
        "Diluted EPS": -0.26,
        "Total Revenue": 760,
        "Gross Profit": 139,
        "Operating Income": -15,
        "EBIT": 22,
        "Net Income": -13
    },
    "2015-03-31": {
        "Diluted EPS": -0.06,
        "Total Revenue": 776,
        "Gross Profit": 147,
        "Operating Income": 13,
        "EBIT": 50,
        "Net Income": -3
    },
    "2014-12-31": {
        "Diluted EPS": -0.95,
        "Total Revenue": 881,
        "Gross Profit": 138,
        "Operating Income": -24,
        "EBIT": 16,
        "Net Income": -47
    },
    "2014-09-30": {
        "Diluted EPS": 0.41,
        "Total Revenue": 873,
        "Gross Profit": 146,
        "Operating Income": 61,
        "EBIT": 101,
        "Net Income": 20
    },
    "2014-06-30": {
        "Diluted EPS": 0.03,
        "Total Revenue": 859,
        "Gross Profit": 140,
        "Operating Income": 9,
        "EBIT": 50,
        "Net Income": 2
    },
    "2014-03-31": {
        "Diluted EPS": -1.2,
        "Total Revenue": 950,
        "Gross Profit": 190,
        "Operating Income": -74,
        "EBIT": -32,
        "Net Income": -59
    },
    "2013-12-31": {
        "Diluted EPS": 0.83,
        "Total Revenue": 876,
        "Gross Profit": 185,
        "Operating Income": 54,
        "EBIT": 93,
        "Net Income": 41
    },
    "2013-09-30": {
        "Diluted EPS": 0.49,
        "Total Revenue": 982,
        "Gross Profit": 199,
        "Operating Income": 59,
        "EBIT": 102,
        "Net Income": 24
    },
    "2013-06-30": {
        "Diluted EPS": 0.18,
        "Total Revenue": 970,
        "Gross Profit": 178,
        "Operating Income": 33,
        "EBIT": 75,
        "Net Income": 9
    },
    "2013-03-31": {
        "Diluted EPS": -0.34,
        "Total Revenue": 951,
        "Gross Profit": 158,
        "Operating Income": 17,
        "EBIT": 59,
        "Net Income": -17
    },
    "2012-12-31": {
        "Diluted EPS": 0.57,
        "Total Revenue": 756,
        "Gross Profit": 154,
        "Operating Income": 38,
        "EBIT": 65,
        "Net Income": 28
    },
    "2012-09-30": {
        "Diluted EPS": 0.28,
        "Total Revenue": 945,
        "Gross Profit": 180,
        "Operating Income": 46,
        "EBIT": 86,
        "Net Income": 14
    },
    "2012-06-30": {
        "Diluted EPS": 0.63,
        "Total Revenue": 936,
        "Gross Profit": 169,
        "Operating Income": 31,
        "EBIT": 72,
        "Net Income": 31
    },
    "2012-03-31": {
        "Diluted EPS": 0.35,
        "Total Revenue": 941,
        "Gross Profit": 180,
        "Operating Income": 47,
        "EBIT": 88,
        "Net Income": 17
    },
    "2011-12-31": {
        "Diluted EPS": 0.34,
        "Total Revenue": 775,
        "Gross Profit": 182,
        "Operating Income": 83,
        "EBIT": 110,
        "Net Income": 16
    },
    "2011-09-30": {
        "Diluted EPS": 0.64,
        "Total Revenue": 996,
        "Gross Profit": 188,
        "Operating Income": 63,
        "EBIT": 103,
        "Net Income": 31
    },
    "2011-06-30": {
        "Diluted EPS": 0.16,
        "Total Revenue": 979,
        "Gross Profit": 171,
        "Operating Income": 20,
        "EBIT": 62,
        "Net Income": 8
    },
    "2011-03-31": {
        "Diluted EPS": 0.41,
        "Total Revenue": 913,
        "Gross Profit": 156,
        "Operating Income": 37,
        "EBIT": 76,
        "Net Income": 20
    },
    "2010-12-31": {
        "Diluted EPS": 0.41,
        "Total Revenue": 735,
        "Gross Profit": 183,
        "Operating Income": 77,
        "EBIT": 104,
        "Net Income": 20
    },
    "2010-09-30": {
        "Diluted EPS": 0.5,
        "Total Revenue": 776,
        "Gross Profit": 150,
        "Operating Income": 44,
        "EBIT": 79,
        "Net Income": 24
    },
    "2010-06-30": {
        "Diluted EPS": 0.44,
        "Total Revenue": 729,
        "Gross Profit": 126,
        "Operating Income": 32,
        "EBIT": 64,
        "Net Income": 22
    },
    "2010-03-31": {
        "Diluted EPS": -0.17,
        "Total Revenue": 735,
        "Gross Profit": 125,
        "Operating Income": 24,
        "EBIT": 56,
        "Net Income": -8
    },
    "2009-12-31": {
        "Diluted EPS": 2.56,
        "Total Revenue": 849,
        "Gross Profit": 170,
        "Operating Income": 38,
        "EBIT": 75,
        "Net Income": 123
    },
    "2009-09-30": {
        "Diluted EPS": 0.72,
        "Total Revenue": 802,
        "Gross Profit": 154,
        "Operating Income": 61,
        "EBIT": 95,
        "Net Income": 34
    },
    "2009-06-30": {
        "Diluted EPS": 0.44,
        "Total Revenue": 752,
        "Gross Profit": 131,
        "Operating Income": 27,
        "EBIT": 60,
        "Net Income": 20
    },
    "2009-03-31": {
        "Diluted EPS": 0.49,
        "Total Revenue": 733,
        "Gross Profit": 141,
        "Operating Income": 42,
        "EBIT": 72,
        "Net Income": 23
    },
    "2023-06-30": {
        "Tax Effect Of Unusual Items": NaN,
        "Tax Rate For Calcs": NaN,
        "Normalized EBITDA": NaN,
        "Total Unusual Items": NaN,
        "Total Unusual Items Excluding Goodwill": NaN,
        "Net Income From Continuing Operation Net Minority Interest": NaN,
        "Reconciled Depreciation": NaN,
        "Reconciled Cost Of Revenue": NaN,
        "EBITDA": NaN,
        "EBIT": NaN,
        "Net Interest Income": NaN,
        "Interest Expense": NaN,
        "Interest Income": NaN,
        "Normalized Income": NaN,
        "Net Income From Continuing And Discontinued Operation": NaN,
        "Total Expenses": NaN,
        "Total Operating Income As Reported": NaN,
        "Diluted Average Shares": 47300000.0,
        "Basic Average Shares": 46700000.0,
        "Diluted EPS": 0.68,
        "Basic EPS": 0.69,
        "Diluted NI Availto Com Stockholders": NaN,
        "Net Income Common Stockholders": NaN,
        "Net Income": NaN,
        "Minority Interests": NaN,
        "Net Income Including Noncontrolling Interests": NaN,
        "Net Income Discontinuous Operations": NaN,
        "Net Income Continuous Operations": NaN,
        "Tax Provision": NaN,
        "Pretax Income": NaN,
        "Other Income Expense": NaN,
        "Other Non Operating Income Expenses": NaN,
        "Special Income Charges": NaN,
        "Gain On Sale Of Ppe": NaN,
        "Other Special Charges": NaN,
        "Write Off": NaN,
        "Restructuring And Mergern Acquisition": NaN,
        "Earnings From Equity Interest": NaN,
        "Gain On Sale Of Security": NaN,
        "Net Non Operating Interest Income Expense": NaN,
        "Interest Expense Non Operating": NaN,
        "Interest Income Non Operating": NaN,
        "Operating Income": NaN,
        "Operating Expense": NaN,
        "Other Operating Expenses": NaN,
        "Other Taxes": NaN,
        "Selling General And Administration": NaN,
        "General And Administrative Expense": NaN,
        "Other Gand A": NaN,
        "Salaries And Wages": -800000.0,
        "Gross Profit": NaN,
        "Cost Of Revenue": NaN,
        "Total Revenue": NaN,
        "Operating Revenue": NaN
    },
    "2023-09-30": {
        "Tax Effect Of Unusual Items": NaN,
        "Tax Rate For Calcs": NaN,
        "Normalized EBITDA": NaN,
        "Total Unusual Items": NaN,
        "Total Unusual Items Excluding Goodwill": NaN,
        "Net Income From Continuing Operation Net Minority Interest": NaN,
        "Reconciled Depreciation": NaN,
        "Reconciled Cost Of Revenue": NaN,
        "EBITDA": NaN,
        "EBIT": NaN,
        "Net Interest Income": NaN,
        "Interest Expense": NaN,
        "Interest Income": NaN,
        "Normalized Income": NaN,
        "Net Income From Continuing And Discontinued Operation": NaN,
        "Total Expenses": NaN,
        "Total Operating Income As Reported": NaN,
        "Diluted Average Shares": 45300000.0,
        "Basic Average Shares": 45300000.0,
        "Diluted EPS": 0.97,
        "Basic EPS": 0.98,
        "Diluted NI Availto Com Stockholders": NaN,
        "Net Income Common Stockholders": NaN,
        "Net Income": NaN,
        "Minority Interests": NaN,
        "Net Income Including Noncontrolling Interests": NaN,
        "Net Income Discontinuous Operations": NaN,
        "Net Income Continuous Operations": NaN,
        "Tax Provision": NaN,
        "Pretax Income": NaN,
        "Other Income Expense": NaN,
        "Other Non Operating Income Expenses": 900000.0,
        "Special Income Charges": NaN,
        "Gain On Sale Of Ppe": NaN,
        "Other Special Charges": NaN,
        "Write Off": NaN,
        "Restructuring And Mergern Acquisition": 0.0,
        "Earnings From Equity Interest": NaN,
        "Gain On Sale Of Security": NaN,
        "Net Non Operating Interest Income Expense": NaN,
        "Interest Expense Non Operating": NaN,
        "Interest Income Non Operating": NaN,
        "Operating Income": NaN,
        "Operating Expense": NaN,
        "Other Operating Expenses": NaN,
        "Other Taxes": NaN,
        "Selling General And Administration": NaN,
        "General And Administrative Expense": NaN,
        "Other Gand A": NaN,
        "Salaries And Wages": -200000.0,
        "Gross Profit": NaN,
        "Cost Of Revenue": NaN,
        "Total Revenue": NaN,
        "Operating Revenue": NaN
    },
    "2023-12-31": {
        "Tax Effect Of Unusual Items": NaN,
        "Tax Rate For Calcs": NaN,
        "Normalized EBITDA": NaN,
        "Total Unusual Items": NaN,
        "Total Unusual Items Excluding Goodwill": NaN,
        "Net Income From Continuing Operation Net Minority Interest": NaN,
        "Reconciled Depreciation": NaN,
        "Reconciled Cost Of Revenue": NaN,
        "EBITDA": NaN,
        "EBIT": NaN,
        "Net Interest Income": NaN,
        "Interest Expense": NaN,
        "Interest Income": NaN,
        "Normalized Income": NaN,
        "Net Income From Continuing And Discontinued Operation": NaN,
        "Total Expenses": NaN,
        "Total Operating Income As Reported": NaN,
        "Diluted Average Shares": NaN,
        "Basic Average Shares": NaN,
        "Diluted EPS": NaN,
        "Basic EPS": NaN,
        "Diluted NI Availto Com Stockholders": NaN,
        "Net Income Common Stockholders": NaN,
        "Net Income": NaN,
        "Minority Interests": NaN,
        "Net Income Including Noncontrolling Interests": NaN,
        "Net Income Discontinuous Operations": NaN,
        "Net Income Continuous Operations": NaN,
        "Tax Provision": NaN,
        "Pretax Income": NaN,
        "Other Income Expense": NaN,
        "Other Non Operating Income Expenses": NaN,
        "Special Income Charges": NaN,
        "Gain On Sale Of Ppe": NaN,
        "Other Special Charges": NaN,
        "Write Off": NaN,
        "Restructuring And Mergern Acquisition": -1400000.0,
        "Earnings From Equity Interest": NaN,
        "Gain On Sale Of Security": NaN,
        "Net Non Operating Interest Income Expense": NaN,
        "Interest Expense Non Operating": NaN,
        "Interest Income Non Operating": NaN,
        "Operating Income": NaN,
        "Operating Expense": NaN,
        "Other Operating Expenses": NaN,
        "Other Taxes": NaN,
        "Selling General And Administration": NaN,
        "General And Administrative Expense": NaN,
        "Other Gand A": NaN,
        "Salaries And Wages": 1500000.0,
        "Gross Profit": NaN,
        "Cost Of Revenue": NaN,
        "Total Revenue": NaN,
        "Operating Revenue": NaN
    },
    "2024-03-31": {
        "Tax Effect Of Unusual Items": NaN,
        "Tax Rate For Calcs": NaN,
        "Normalized EBITDA": NaN,
        "Total Unusual Items": NaN,
        "Total Unusual Items Excluding Goodwill": NaN,
        "Net Income From Continuing Operation Net Minority Interest": NaN,
        "Reconciled Depreciation": NaN,
        "Reconciled Cost Of Revenue": NaN,
        "EBITDA": NaN,
        "EBIT": NaN,
        "Net Interest Income": NaN,
        "Interest Expense": NaN,
        "Interest Income": NaN,
        "Normalized Income": NaN,
        "Net Income From Continuing And Discontinued Operation": NaN,
        "Total Expenses": NaN,
        "Total Operating Income As Reported": NaN,
        "Diluted Average Shares": NaN,
        "Basic Average Shares": NaN,
        "Diluted EPS": NaN,
        "Basic EPS": NaN,
        "Diluted NI Availto Com Stockholders": NaN,
        "Net Income Common Stockholders": NaN,
        "Net Income": NaN,
        "Minority Interests": NaN,
        "Net Income Including Noncontrolling Interests": NaN,
        "Net Income Discontinuous Operations": NaN,
        "Net Income Continuous Operations": NaN,
        "Tax Provision": NaN,
        "Pretax Income": NaN,
        "Other Income Expense": NaN,
        "Other Non Operating Income Expenses": NaN,
        "Special Income Charges": NaN,
        "Gain On Sale Of Ppe": NaN,
        "Other Special Charges": NaN,
        "Write Off": NaN,
        "Restructuring And Mergern Acquisition": NaN,
        "Earnings From Equity Interest": NaN,
        "Gain On Sale Of Security": NaN,
        "Net Non Operating Interest Income Expense": NaN,
        "Interest Expense Non Operating": NaN,
        "Interest Income Non Operating": NaN,
        "Operating Income": NaN,
        "Operating Expense": NaN,
        "Other Operating Expenses": NaN,
        "Other Taxes": NaN,
        "Selling General And Administration": NaN,
        "General And Administrative Expense": 200600000.0,
        "Other Gand A": 200600000.0,
        "Salaries And Wages": 1100000.0,
        "Gross Profit": NaN,
        "Cost Of Revenue": NaN,
        "Total Revenue": NaN,
        "Operating Revenue": NaN
    },
    "2024-06-30": {
        "Tax Effect Of Unusual Items": NaN,
        "Tax Rate For Calcs": NaN,
        "Normalized EBITDA": NaN,
        "Total Unusual Items": NaN,
        "Total Unusual Items Excluding Goodwill": NaN,
        "Net Income From Continuing Operation Net Minority Interest": NaN,
        "Reconciled Depreciation": NaN,
        "Reconciled Cost Of Revenue": NaN,
        "EBITDA": NaN,
        "EBIT": NaN,
        "Net Interest Income": NaN,
        "Interest Expense": NaN,
        "Interest Income": NaN,
        "Normalized Income": NaN,
        "Net Income From Continuing And Discontinued Operation": NaN,
        "Total Expenses": NaN,
        "Total Operating Income As Reported": NaN,
        "Diluted Average Shares": 44200000.0,
        "Basic Average Shares": 44200000.0,
        "Diluted EPS": 1.02,
        "Basic EPS": 1.03,
        "Diluted NI Availto Com Stockholders": NaN,
        "Net Income Common Stockholders": NaN,
        "Net Income": NaN,
        "Minority Interests": NaN,
        "Net Income Including Noncontrolling Interests": NaN,
        "Net Income Discontinuous Operations": NaN,
        "Net Income Continuous Operations": NaN,
        "Tax Provision": NaN,
        "Pretax Income": NaN,
        "Other Income Expense": NaN,
        "Other Non Operating Income Expenses": NaN,
        "Special Income Charges": NaN,
        "Gain On Sale Of Ppe": NaN,
        "Other Special Charges": NaN,
        "Write Off": NaN,
        "Restructuring And Mergern Acquisition": 0.0,
        "Earnings From Equity Interest": NaN,
        "Gain On Sale Of Security": NaN,
        "Net Non Operating Interest Income Expense": NaN,
        "Interest Expense Non Operating": NaN,
        "Interest Income Non Operating": NaN,
        "Operating Income": NaN,
        "Operating Expense": NaN,
        "Other Operating Expenses": NaN,
        "Other Taxes": NaN,
        "Selling General And Administration": NaN,
        "General And Administrative Expense": 194300000.0,
        "Other Gand A": 194300000.0,
        "Salaries And Wages": 300000.0,
        "Gross Profit": NaN,
        "Cost Of Revenue": NaN,
        "Total Revenue": NaN,
        "Operating Revenue": NaN
    },
    "2024-09-30": {
        "Tax Effect Of Unusual Items": -504000.0,
        "Tax Rate For Calcs": 0.21,
        "Normalized EBITDA": 199300000.0,
        "Total Unusual Items": -2400000.0,
        "Total Unusual Items Excluding Goodwill": -2400000.0,
        "Net Income From Continuing Operation Net Minority Interest": 28900000.0,
        "Reconciled Depreciation": 74800000.0,
        "Reconciled Cost Of Revenue": 943600000.0,
        "EBITDA": 196900000.0,
        "EBIT": 122100000.0,
        "Net Interest Income": -52900000.0,
        "Interest Expense": 63000000.0,
        "Interest Income": 10100000.0,
        "Normalized Income": 30796000.0,
        "Net Income From Continuing And Discontinued Operation": 28900000.0,
        "Total Expenses": 1142600000.0,
        "Total Operating Income As Reported": 111600000.0,
        "Diluted Average Shares": 43700000.0,
        "Basic Average Shares": 43700000.0,
        "Diluted EPS": 0.65,
        "Basic EPS": 0.66,
        "Diluted NI Availto Com Stockholders": 28900000.0,
        "Net Income Common Stockholders": 28900000.0,
        "Net Income": 28900000.0,
        "Minority Interests": -3000000.0,
        "Net Income Including Noncontrolling Interests": 31900000.0,
        "Net Income Discontinuous Operations": 0.0,
        "Net Income Continuous Operations": 31900000.0,
        "Tax Provision": 27200000.0,
        "Pretax Income": 59100000.0,
        "Other Income Expense": -3900000.0,
        "Other Non Operating Income Expenses": -2100000.0,
        "Special Income Charges": -2500000.0,
        "Gain On Sale Of Ppe": 100000.0,
        "Other Special Charges": 1200000.0,
        "Write Off": 1400000.0,
        "Restructuring And Mergern Acquisition": 0.0,
        "Earnings From Equity Interest": 600000.0,
        "Gain On Sale Of Security": 100000.0,
        "Net Non Operating Interest Income Expense": -52900000.0,
        "Interest Expense Non Operating": 63000000.0,
        "Interest Income Non Operating": 10100000.0,
        "Operating Income": 115900000.0,
        "Operating Expense": 199000000.0,
        "Other Operating Expenses": -4100000.0,
        "Other Taxes": 800000.0,
        "Selling General And Administration": 202300000.0,
        "General And Administrative Expense": 202300000.0,
        "Other Gand A": 202300000.0,
        "Salaries And Wages": NaN,
        "Gross Profit": 314900000.0,
        "Cost Of Revenue": 943600000.0,
        "Total Revenue": 1258500000.0,
        "Operating Revenue": 1258500000.0
    },
    "2024-12-31": {
        "Tax Effect Of Unusual Items": 2452816.901408,
        "Tax Rate For Calcs": 0.302817,
        "Normalized EBITDA": 181800000.0,
        "Total Unusual Items": 8100000.0,
        "Total Unusual Items Excluding Goodwill": 8100000.0,
        "Net Income From Continuing Operation Net Minority Interest": 37300000.0,
        "Reconciled Depreciation": 73000000.0,
        "Reconciled Cost Of Revenue": 934500000.0,
        "EBITDA": 189900000.0,
        "EBIT": 116900000.0,
        "Net Interest Income": -48700000.0,
        "Interest Expense": 60100000.0,
        "Interest Income": 11400000.0,
        "Normalized Income": 31652816.901408,
        "Net Income From Continuing And Discontinued Operation": 38500000.0,
        "Total Expenses": 1169500000.0,
        "Total Operating Income As Reported": 104500000.0,
        "Diluted Average Shares": NaN,
        "Basic Average Shares": NaN,
        "Diluted EPS": NaN,
        "Basic EPS": NaN,
        "Diluted NI Availto Com Stockholders": 38500000.0,
        "Net Income Common Stockholders": 38500000.0,
        "Net Income": 38500000.0,
        "Minority Interests": -2300000.0,
        "Net Income Including Noncontrolling Interests": 40800000.0,
        "Net Income Discontinuous Operations": 1200000.0,
        "Net Income Continuous Operations": 39600000.0,
        "Tax Provision": 17200000.0,
        "Pretax Income": 56800000.0,
        "Other Income Expense": 10800000.0,
        "Other Non Operating Income Expenses": 1900000.0,
        "Special Income Charges": 1000000.0,
        "Gain On Sale Of Ppe": 2500000.0,
        "Other Special Charges": 0.0,
        "Write Off": 1500000.0,
        "Restructuring And Mergern Acquisition": 0.0,
        "Earnings From Equity Interest": 1000000.0,
        "Gain On Sale Of Security": 7100000.0,
        "Net Non Operating Interest Income Expense": -48700000.0,
        "Interest Expense Non Operating": 60100000.0,
        "Interest Income Non Operating": 11400000.0,
        "Operating Income": 94700000.0,
        "Operating Expense": 235000000.0,
        "Other Operating Expenses": -4400000.0,
        "Other Taxes": 2100000.0,
        "Selling General And Administration": 237300000.0,
        "General And Administrative Expense": 237300000.0,
        "Other Gand A": 237300000.0,
        "Salaries And Wages": NaN,
        "Gross Profit": 329700000.0,
        "Cost Of Revenue": 934500000.0,
        "Total Revenue": 1264200000.0,
        "Operating Revenue": 1264200000.0
    },
    "2025-03-31": {
        "Tax Effect Of Unusual Items": -1142400.0,
        "Tax Rate For Calcs": 0.224,
        "Normalized EBITDA": 203800000.0,
        "Total Unusual Items": -5100000.0,
        "Total Unusual Items Excluding Goodwill": -5100000.0,
        "Net Income From Continuing Operation Net Minority Interest": 51600000.0,
        "Reconciled Depreciation": 70700000.0,
        "Reconciled Cost Of Revenue": 939500000.0,
        "EBITDA": 198700000.0,
        "EBIT": 128000000.0,
        "Net Interest Income": -47600000.0,
        "Interest Expense": 58500000.0,
        "Interest Income": 10900000.0,
        "Normalized Income": 55557600.0,
        "Net Income From Continuing And Discontinued Operation": 51600000.0,
        "Total Expenses": 1125100000.0,
        "Total Operating Income As Reported": 119100000.0,
        "Diluted Average Shares": 42700000.0,
        "Basic Average Shares": 42700000.0,
        "Diluted EPS": 1.18,
        "Basic EPS": 1.2,
        "Diluted NI Availto Com Stockholders": 51600000.0,
        "Net Income Common Stockholders": 51600000.0,
        "Net Income": 51600000.0,
        "Minority Interests": -2300000.0,
        "Net Income Including Noncontrolling Interests": 53900000.0,
        "Net Income Discontinuous Operations": 0.0,
        "Net Income Continuous Operations": 53900000.0,
        "Tax Provision": 15600000.0,
        "Pretax Income": 69500000.0,
        "Other Income Expense": -4500000.0,
        "Other Non Operating Income Expenses": -200000.0,
        "Special Income Charges": -2500000.0,
        "Gain On Sale Of Ppe": 0.0,
        "Other Special Charges": 900000.0,
        "Write Off": 1600000.0,
        "Restructuring And Mergern Acquisition": NaN,
        "Earnings From Equity Interest": 800000.0,
        "Gain On Sale Of Security": -2600000.0,
        "Net Non Operating Interest Income Expense": -47600000.0,
        "Interest Expense Non Operating": 58500000.0,
        "Interest Income Non Operating": 10900000.0,
        "Operating Income": 121600000.0,
        "Operating Expense": 185600000.0,
        "Other Operating Expenses": -1600000.0,
        "Other Taxes": 900000.0,
        "Selling General And Administration": 186300000.0,
        "General And Administrative Expense": 186300000.0,
        "Other Gand A": 186300000.0,
        "Salaries And Wages": 200000.0,
        "Gross Profit": 307200000.0,
        "Cost Of Revenue": 939500000.0,
        "Total Revenue": 1246700000.0,
        "Operating Revenue": 1246700000.0
    },
    "2025-06-30": {
        "Tax Effect Of Unusual Items": -4768400.0,
        "Tax Rate For Calcs": 0.364,
        "Normalized EBITDA": 208600000.0,
        "Total Unusual Items": -13100000.0,
        "Total Unusual Items Excluding Goodwill": -13100000.0,
        "Net Income From Continuing Operation Net Minority Interest": 43900000.0,
        "Reconciled Depreciation": 59800000.0,
        "Reconciled Cost Of Revenue": 976700000.0,
        "EBITDA": 195500000.0,
        "EBIT": 135700000.0,
        "Net Interest Income": -54100000.0,
        "Interest Expense": 60900000.0,
        "Interest Income": 6800000.0,
        "Normalized Income": 52231600.0,
        "Net Income From Continuing And Discontinued Operation": 43700000.0,
        "Total Expenses": 1158400000.0,
        "Total Operating Income As Reported": 133900000.0,
        "Diluted Average Shares": 42400000.0,
        "Basic Average Shares": 42300000.0,
        "Diluted EPS": 1.03,
        "Basic EPS": 1.03,
        "Diluted NI Availto Com Stockholders": 43700000.0,
        "Net Income Common Stockholders": 43700000.0,
        "Net Income": 43700000.0,
        "Minority Interests": -3700000.0,
        "Net Income Including Noncontrolling Interests": 47400000.0,
        "Net Income Discontinuous Operations": -200000.0,
        "Net Income Continuous Operations": 47600000.0,
        "Tax Provision": 27200000.0,
        "Pretax Income": 74800000.0,
        "Other Income Expense": -13200000.0,
        "Other Non Operating Income Expenses": -500000.0,
        "Special Income Charges": -1900000.0,
        "Gain On Sale Of Ppe": 300000.0,
        "Other Special Charges": 1800000.0,
        "Write Off": 400000.0,
        "Restructuring And Mergern Acquisition": NaN,
        "Earnings From Equity Interest": 400000.0,
        "Gain On Sale Of Security": -11200000.0,
        "Net Non Operating Interest Income Expense": -54100000.0,
        "Interest Expense Non Operating": 60900000.0,
        "Interest Income Non Operating": 6800000.0,
        "Operating Income": 142100000.0,
        "Operating Expense": 181700000.0,
        "Other Operating Expenses": -3500000.0,
        "Other Taxes": 700000.0,
        "Selling General And Administration": 184500000.0,
        "General And Administrative Expense": NaN,
        "Other Gand A": NaN,
        "Salaries And Wages": NaN,
        "Gross Profit": 323800000.0,
        "Cost Of Revenue": 976700000.0,
        "Total Revenue": 1300500000.0,
        "Operating Revenue": 1300500000.0
    },
    "2025-09-30": {
        "Tax Effect Of Unusual Items": 189000.0,
        "Tax Rate For Calcs": 0.21,
        "Normalized EBITDA": 231200000.0,
        "Total Unusual Items": 900000.0,
        "Total Unusual Items Excluding Goodwill": 900000.0,
        "Net Income From Continuing Operation Net Minority Interest": 36200000.0,
        "Reconciled Depreciation": 78200000.0,
        "Reconciled Cost Of Revenue": 990400000.0,
        "EBITDA": 232100000.0,
        "EBIT": 153900000.0,
        "Net Interest Income": -58600000.0,
        "Interest Expense": 63400000.0,
        "Interest Income": 4800000.0,
        "Normalized Income": 35489000.0,
        "Net Income From Continuing And Discontinued Operation": 36300000.0,
        "Total Expenses": 1187300000.0,
        "Total Operating Income As Reported": 152400000.0,
        "Diluted Average Shares": 42100000.0,
        "Basic Average Shares": 41900000.0,
        "Diluted EPS": 0.86,
        "Basic EPS": 0.87,
        "Diluted NI Availto Com Stockholders": 36300000.0,
        "Net Income Common Stockholders": 36300000.0,
        "Net Income": 36300000.0,
        "Minority Interests": -1300000.0,
        "Net Income Including Noncontrolling Interests": 37600000.0,
        "Net Income Discontinuous Operations": 100000.0,
        "Net Income Continuous Operations": 37500000.0,
        "Tax Provision": 53000000.0,
        "Pretax Income": 90500000.0,
        "Other Income Expense": 1400000.0,
        "Other Non Operating Income Expenses": -100000.0,
        "Special Income Charges": 2100000.0,
        "Gain On Sale Of Ppe": -400000.0,
        "Other Special Charges": -2900000.0,
        "Write Off": 400000.0,
        "Restructuring And Mergern Acquisition": NaN,
        "Earnings From Equity Interest": 600000.0,
        "Gain On Sale Of Security": -1200000.0,
        "Net Non Operating Interest Income Expense": -58600000.0,
        "Interest Expense Non Operating": 63400000.0,
        "Interest Income Non Operating": 4800000.0,
        "Operating Income": 147700000.0,
        "Operating Expense": 196900000.0,
        "Other Operating Expenses": -3600000.0,
        "Other Taxes": 1500000.0,
        "Selling General And Administration": 199000000.0,
        "General And Administrative Expense": NaN,
        "Other Gand A": NaN,
        "Salaries And Wages": NaN,
        "Gross Profit": 344600000.0,
        "Cost Of Revenue": 990400000.0,
        "Total Revenue": 1335000000.0,
        "Operating Revenue": 1335000000.0
    }
}