{
    "2023-03-31": {
        "Tax Effect Of Unusual Items": NaN,
        "Tax Rate For Calcs": NaN,
        "Normalized EBITDA": NaN,
        "Total Unusual Items": NaN,
        "Total Unusual Items Excluding Goodwill": NaN,
        "Net Income From Continuing Operation Net Minority Interest": NaN,
        "Reconciled Depreciation": NaN,
        "Reconciled Cost Of Revenue": NaN,
        "EBITDA": NaN,
        "EBIT": NaN,
        "Normalized Income": NaN,
        "Net Income From Continuing And Discontinued Operation": NaN,
        "Total Expenses": NaN,
        "Total Operating Income As Reported": NaN,
        "Diluted Average Shares": 42528000.0,
        "Basic Average Shares": 42528000.0,
        "Diluted EPS": -0.28,
        "Basic EPS": -0.28,
        "Diluted NI Availto Com Stockholders": NaN,
        "Net Income Common Stockholders": NaN,
        "Net Income": NaN,
        "Net Income Including Noncontrolling Interests": NaN,
        "Net Income Continuous Operations": NaN,
        "Tax Provision": NaN,
        "Pretax Income": NaN,
        "Other Income Expense": NaN,
        "Other Non Operating Income Expenses": NaN,
        "Special Income Charges": NaN,
        "Gain On Sale Of Ppe": 0.0,
        "Restructuring And Mergern Acquisition": NaN,
        "Operating Income": NaN,
        "Operating Expense": NaN,
        "Research And Development": NaN,
        "Selling General And Administration": NaN,
        "Selling And Marketing Expense": NaN,
        "General And Administrative Expense": NaN,
        "Other Gand A": NaN,
        "Gross Profit": NaN,
        "Cost Of Revenue": NaN,
        "Total Revenue": NaN,
        "Operating Revenue": NaN
    },
    "2022-12-31": {
        "Tax Effect Of Unusual Items": NaN,
        "Tax Rate For Calcs": NaN,
        "Normalized EBITDA": NaN,
        "Total Unusual Items": NaN,
        "Total Unusual Items Excluding Goodwill": NaN,
        "Net Income From Continuing Operation Net Minority Interest": NaN,
        "Reconciled Depreciation": NaN,
        "Reconciled Cost Of Revenue": NaN,
        "EBITDA": NaN,
        "EBIT": NaN,
        "Normalized Income": NaN,
        "Net Income From Continuing And Discontinued Operation": NaN,
        "Total Expenses": NaN,
        "Total Operating Income As Reported": NaN,
        "Diluted Average Shares": NaN,
        "Basic Average Shares": NaN,
        "Diluted EPS": NaN,
        "Basic EPS": NaN,
        "Diluted NI Availto Com Stockholders": NaN,
        "Net Income Common Stockholders": NaN,
        "Net Income": NaN,
        "Net Income Including Noncontrolling Interests": NaN,
        "Net Income Continuous Operations": NaN,
        "Tax Provision": NaN,
        "Pretax Income": NaN,
        "Other Income Expense": NaN,
        "Other Non Operating Income Expenses": NaN,
        "Special Income Charges": NaN,
        "Gain On Sale Of Ppe": NaN,
        "Restructuring And Mergern Acquisition": NaN,
        "Operating Income": NaN,
        "Operating Expense": NaN,
        "Other Operating Expenses": 0.0,
        "Research And Development": NaN,
        "Selling General And Administration": NaN,
        "Selling And Marketing Expense": NaN,
        "General And Administrative Expense": NaN,
        "Other Gand A": NaN,
        "Gross Profit": NaN,
        "Cost Of Revenue": NaN,
        "Total Revenue": NaN,
        "Operating Revenue": NaN
    },
    "2022-09-30": {
        "Tax Effect Of Unusual Items": 0.0,
        "Tax Rate For Calcs": 0.21,
        "Normalized EBITDA": -821000.0,
        "Total Unusual Items": 0.0,
        "Total Unusual Items Excluding Goodwill": 0.0,
        "Net Income From Continuing Operation Net Minority Interest": -1680000.0,
        "Reconciled Depreciation": 2914000.0,
        "Reconciled Cost Of Revenue": 20063000.0,
        "EBITDA": -821000.0,
        "EBIT": -821000.0,
        "Normalized Income": -1680000.0,
        "Net Income From Continuing And Discontinued Operation": -1680000.0,
        "Total Expenses": 54765000.0,
        "Total Operating Income As Reported": -821000.0,
        "Diluted Average Shares": 41972000.0,
        "Basic Average Shares": 41972000.0,
        "Diluted EPS": -0.04,
        "Basic EPS": -0.04,
        "Diluted NI Availto Com Stockholders": -1680000.0,
        "Net Income Common Stockholders": -1680000.0,
        "Net Income": -1680000.0,
        "Net Income Including Noncontrolling Interests": -1680000.0,
        "Net Income Continuous Operations": -1680000.0,
        "Tax Provision": 191000.0,
        "Pretax Income": -1489000.0,
        "Other Income Expense": -668000.0,
        "Other Non Operating Income Expenses": -668000.0,
        "Special Income Charges": 0.0,
        "Restructuring And Mergern Acquisition": 0.0,
        "Operating Income": -821000.0,
        "Operating Expense": 34702000.0,
        "Other Operating Expenses": NaN,
        "Research And Development": 7931000.0,
        "Selling General And Administration": 26771000.0,
        "Selling And Marketing Expense": 19023000.0,
        "General And Administrative Expense": 7748000.0,
        "Other Gand A": 7748000.0,
        "Gross Profit": 33881000.0,
        "Cost Of Revenue": 20063000.0,
        "Total Revenue": 53944000.0,
        "Operating Revenue": 53944000.0
    },
    "2022-06-30": {
        "Tax Effect Of Unusual Items": -61200.0,
        "Tax Rate For Calcs": 0.4,
        "Normalized EBITDA": 3175000.0,
        "Total Unusual Items": -153000.0,
        "Total Unusual Items Excluding Goodwill": -153000.0,
        "Net Income From Continuing Operation Net Minority Interest": -301000.0,
        "Reconciled Depreciation": 2166000.0,
        "Reconciled Cost Of Revenue": 18704000.0,
        "EBITDA": 3022000.0,
        "EBIT": 856000.0,
        "Normalized Income": -209200.0,
        "Net Income From Continuing And Discontinued Operation": -301000.0,
        "Total Expenses": 53591000.0,
        "Total Operating Income As Reported": 703000.0,
        "Diluted Average Shares": 41723000.0,
        "Basic Average Shares": 41723000.0,
        "Diluted EPS": -0.01,
        "Basic EPS": -0.01,
        "Diluted NI Availto Com Stockholders": -301000.0,
        "Net Income Common Stockholders": -301000.0,
        "Net Income": -301000.0,
        "Net Income Including Noncontrolling Interests": -301000.0,
        "Net Income Continuous Operations": -301000.0,
        "Tax Provision": 179000.0,
        "Pretax Income": -122000.0,
        "Other Income Expense": -978000.0,
        "Other Non Operating Income Expenses": -825000.0,
        "Special Income Charges": -153000.0,
        "Restructuring And Mergern Acquisition": 153000.0,
        "Operating Income": 856000.0,
        "Operating Expense": 34887000.0,
        "Other Operating Expenses": NaN,
        "Research And Development": 8372000.0,
        "Selling General And Administration": 26515000.0,
        "Selling And Marketing Expense": 17961000.0,
        "General And Administrative Expense": 8554000.0,
        "Other Gand A": 8554000.0,
        "Gross Profit": 35743000.0,
        "Cost Of Revenue": 18704000.0,
        "Total Revenue": 54447000.0,
        "Operating Revenue": 54447000.0
    },
    "2023-06-30": {
        "Tax Effect Of Unusual Items": NaN,
        "Tax Rate For Calcs": NaN,
        "Normalized EBITDA": NaN,
        "Total Unusual Items": NaN,
        "Total Unusual Items Excluding Goodwill": NaN,
        "Net Income From Continuing Operation Net Minority Interest": NaN,
        "Reconciled Depreciation": NaN,
        "Reconciled Cost Of Revenue": NaN,
        "EBITDA": NaN,
        "EBIT": NaN,
        "Normalized Income": NaN,
        "Net Income From Continuing And Discontinued Operation": NaN,
        "Total Expenses": NaN,
        "Total Operating Income As Reported": NaN,
        "Diluted Average Shares": 43059000.0,
        "Basic Average Shares": 43059000.0,
        "Diluted EPS": -0.14,
        "Basic EPS": -0.14,
        "Diluted NI Availto Com Stockholders": NaN,
        "Net Income Common Stockholders": NaN,
        "Net Income": NaN,
        "Net Income Including Noncontrolling Interests": NaN,
        "Net Income Continuous Operations": NaN,
        "Tax Provision": NaN,
        "Pretax Income": NaN,
        "Other Income Expense": NaN,
        "Other Non Operating Income Expenses": NaN,
        "Special Income Charges": NaN,
        "Gain On Sale Of Ppe": 0.0,
        "Restructuring And Mergern Acquisition": NaN,
        "Operating Income": NaN,
        "Operating Expense": NaN,
        "Research And Development": NaN,
        "Selling General And Administration": NaN,
        "Selling And Marketing Expense": NaN,
        "General And Administrative Expense": NaN,
        "Other Gand A": NaN,
        "Gross Profit": NaN,
        "Cost Of Revenue": NaN,
        "Total Revenue": NaN,
        "Operating Revenue": NaN
    },
    "2022-03-31": {
        "Diluted EPS": -0.04,
        "Total Revenue": 53,
        "Gross Profit": 34,
        "Operating Income": -2,
        "EBIT": 0,
        "Net Income": -2
    },
    "2021-12-31": {
        "Diluted EPS": 0.01,
        "Total Revenue": 53,
        "Gross Profit": 35,
        "Operating Income": 1,
        "EBIT": 3,
        "Net Income": 0
    },
    "2021-09-30": {
        "Diluted EPS": -0.02,
        "Total Revenue": 52,
        "Gross Profit": 34,
        "Operating Income": 0,
        "EBIT": 2,
        "Net Income": -1
    },
    "2021-06-30": {
        "Diluted EPS": 0.02,
        "Total Revenue": 51,
        "Gross Profit": 34,
        "Operating Income": 1,
        "EBIT": 3,
        "Net Income": 1
    },
    "2021-03-31": {
        "Diluted EPS": 0.12,
        "Total Revenue": 55,
        "Gross Profit": 36,
        "Operating Income": 6,
        "EBIT": 8,
        "Net Income": 5
    },
    "2020-12-31": {
        "Diluted EPS": 0.05,
        "Total Revenue": 54,
        "Gross Profit": 34,
        "Operating Income": 2,
        "EBIT": 4,
        "Net Income": 2
    },
    "2020-09-30": {
        "Diluted EPS": 0.03,
        "Total Revenue": 49,
        "Gross Profit": 31,
        "Operating Income": 1,
        "EBIT": 3,
        "Net Income": 1
    },
    "2020-06-30": {
        "Diluted EPS": -0.03,
        "Total Revenue": 48,
        "Gross Profit": 28,
        "Operating Income": -1,
        "EBIT": 1,
        "Net Income": -1
    },
    "2020-03-31": {
        "Diluted EPS": -0.2,
        "Total Revenue": 47,
        "Gross Profit": 28,
        "Operating Income": -7,
        "EBIT": -5,
        "Net Income": -8
    },
    "2019-12-31": {
        "Diluted EPS": -0.17,
        "Total Revenue": 48,
        "Gross Profit": 29,
        "Operating Income": -7,
        "EBIT": -5,
        "Net Income": -7
    },
    "2019-09-30": {
        "Diluted EPS": -0.08,
        "Total Revenue": 47,
        "Gross Profit": 29,
        "Operating Income": -2,
        "EBIT": 0,
        "Net Income": -3
    },
    "2019-06-30": {
        "Diluted EPS": -0.19,
        "Total Revenue": 48,
        "Gross Profit": 26,
        "Operating Income": -7,
        "EBIT": -5,
        "Net Income": -7
    },
    "2019-03-31": {
        "Diluted EPS": -0.14,
        "Total Revenue": 42,
        "Gross Profit": 25,
        "Operating Income": -5,
        "EBIT": -3,
        "Net Income": -5
    },
    "2018-12-31": {
        "Diluted EPS": -0.07,
        "Total Revenue": 41,
        "Gross Profit": 24,
        "Operating Income": -3,
        "EBIT": -1,
        "Net Income": -3
    },
    "2018-09-30": {
        "Diluted EPS": -0.1,
        "Total Revenue": 41,
        "Gross Profit": 25,
        "Operating Income": -3,
        "EBIT": -1,
        "Net Income": -4
    },
    "2018-06-30": {
        "Diluted EPS": -0.16,
        "Total Revenue": 42,
        "Gross Profit": 25,
        "Operating Income": -5,
        "EBIT": -3,
        "Net Income": -6
    },
    "2018-03-31": {
        "Diluted EPS": -0.06,
        "Total Revenue": 41,
        "Gross Profit": 24,
        "Operating Income": -2,
        "EBIT": -1,
        "Net Income": -2
    },
    "2017-12-31": {
        "Diluted EPS": -0.04,
        "Total Revenue": 40,
        "Gross Profit": 24,
        "Operating Income": -1,
        "EBIT": 0,
        "Net Income": -1
    },
    "2017-09-30": {
        "Diluted EPS": -0.16,
        "Total Revenue": 39,
        "Gross Profit": 23,
        "Operating Income": -5,
        "EBIT": -3,
        "Net Income": -5
    },
    "2017-06-30": {
        "Diluted EPS": -0.22,
        "Total Revenue": 39,
        "Gross Profit": 22,
        "Operating Income": -8,
        "EBIT": -6,
        "Net Income": -8
    },
    "2017-03-31": {
        "Diluted EPS": -0.15,
        "Total Revenue": 38,
        "Gross Profit": 22,
        "Operating Income": -5,
        "EBIT": -3,
        "Net Income": -5
    },
    "2016-12-31": {
        "Diluted EPS": -0.13,
        "Total Revenue": 39,
        "Gross Profit": 23,
        "Operating Income": -4,
        "EBIT": -2,
        "Net Income": -4
    },
    "2016-09-30": {
        "Diluted EPS": -0.05,
        "Total Revenue": 38,
        "Gross Profit": 25,
        "Operating Income": -2,
        "EBIT": 0,
        "Net Income": -2
    },
    "2016-06-30": {
        "Diluted EPS": -0.07,
        "Total Revenue": 37,
        "Gross Profit": 24,
        "Operating Income": -2,
        "EBIT": 0,
        "Net Income": -2
    },
    "2016-03-31": {
        "Diluted EPS": -0.05,
        "Total Revenue": 36,
        "Gross Profit": 23,
        "Operating Income": -2,
        "EBIT": 0,
        "Net Income": -2
    },
    "2015-12-31": {
        "Diluted EPS": 0.01,
        "Total Revenue": 35,
        "Gross Profit": 23,
        "Operating Income": 0,
        "EBIT": 2,
        "Net Income": 0
    },
    "2015-09-30": {
        "Diluted EPS": -0.04,
        "Total Revenue": 34,
        "Gross Profit": 22,
        "Operating Income": -1,
        "EBIT": 1,
        "Net Income": -1
    },
    "2015-06-30": {
        "Diluted EPS": -0.11,
        "Total Revenue": 33,
        "Gross Profit": 21,
        "Operating Income": -3,
        "EBIT": -1,
        "Net Income": -4
    },
    "2015-03-31": {
        "Diluted EPS": -0.09,
        "Total Revenue": 33,
        "Gross Profit": 21,
        "Operating Income": -3,
        "EBIT": 0,
        "Net Income": -3
    },
    "2014-12-31": {
        "Diluted EPS": -0.12,
        "Total Revenue": 31,
        "Gross Profit": 20,
        "Operating Income": -3,
        "EBIT": -1,
        "Net Income": -4
    },
    "2014-09-30": {
        "Diluted EPS": -0.12,
        "Total Revenue": 32,
        "Gross Profit": 21,
        "Operating Income": -3,
        "EBIT": -1,
        "Net Income": -4
    },
    "2014-06-30": {
        "Diluted EPS": -0.13,
        "Total Revenue": 31,
        "Gross Profit": 21,
        "Operating Income": -4,
        "EBIT": -2,
        "Net Income": -4
    },
    "2014-03-31": {
        "Diluted EPS": -0.16,
        "Total Revenue": 31,
        "Gross Profit": 20,
        "Operating Income": -5,
        "EBIT": -3,
        "Net Income": -5
    },
    "2013-12-31": {
        "Diluted EPS": -0.05,
        "Total Revenue": 30,
        "Gross Profit": 20,
        "Operating Income": -1,
        "EBIT": 0,
        "Net Income": -1
    },
    "2013-09-30": {
        "Diluted EPS": -0.04,
        "Total Revenue": 29,
        "Gross Profit": 19,
        "Operating Income": -1,
        "EBIT": 0,
        "Net Income": -1
    },
    "2013-06-30": {
        "Diluted EPS": -0.12,
        "Total Revenue": 27,
        "Gross Profit": 18,
        "Operating Income": -3,
        "EBIT": -2,
        "Net Income": -4
    },
    "2013-03-31": {
        "Diluted EPS": -0.15,
        "Total Revenue": 25,
        "Gross Profit": 16,
        "Operating Income": -4,
        "EBIT": -2,
        "Net Income": -4
    },
    "2012-12-31": {
        "Diluted EPS": -0.12,
        "Total Revenue": 24,
        "Gross Profit": 17,
        "Operating Income": -5,
        "EBIT": -3,
        "Net Income": -5
    },
    "2012-09-30": {
        "Diluted EPS": -0.02,
        "Total Revenue": 22,
        "Gross Profit": 15,
        "Operating Income": -4,
        "EBIT": -2,
        "Net Income": -1
    },
    "2012-06-30": {
        "Diluted EPS": -0.16,
        "Total Revenue": 22,
        "Gross Profit": 15,
        "Operating Income": -4,
        "EBIT": -3,
        "Net Income": -4
    },
    "2012-03-31": {
        "Diluted EPS": -0.27,
        "Total Revenue": 20,
        "Gross Profit": 14,
        "Operating Income": -3,
        "EBIT": -2,
        "Net Income": -4
    },
    "2011-12-31": {
        "Diluted EPS": -1.02,
        "Total Revenue": 19,
        "Gross Profit": 13,
        "Operating Income": -3,
        "EBIT": -3,
        "Net Income": -4
    },
    "2011-09-30": {
        "Diluted EPS": -1.09,
        "Total Revenue": 17,
        "Gross Profit": 11,
        "Operating Income": -3,
        "EBIT": -3,
        "Net Income": -5
    },
    "2011-06-30": {
        "Diluted EPS": -1.42,
        "Total Revenue": 15,
        "Gross Profit": 10,
        "Operating Income": -5,
        "EBIT": -4,
        "Net Income": -7
    },
    "2011-03-31": {
        "Diluted EPS": -1.22,
        "Total Revenue": 13,
        "Gross Profit": 9,
        "Operating Income": -4,
        "EBIT": -4,
        "Net Income": -6
    },
    "2010-12-31": {
        "Diluted EPS": -1.29,
        "Total Revenue": 12,
        "Gross Profit": 12,
        "Operating Income": 12,
        "EBIT": 12,
        "Net Income": -5
    },
    "2010-09-30": {
        "Diluted EPS": -1.27,
        "Total Revenue": 11,
        "Gross Profit": 11,
        "Operating Income": 11,
        "EBIT": 11,
        "Net Income": -4
    },
    "2010-06-30": {
        "Diluted EPS": -1.28,
        "Total Revenue": 10,
        "Gross Profit": 10,
        "Operating Income": 10,
        "EBIT": 10,
        "Net Income": -4
    },
    "2010-03-31": {
        "Diluted EPS": -1.13,
        "Total Revenue": 10,
        "Gross Profit": 10,
        "Operating Income": 10,
        "EBIT": 10,
        "Net Income": -4
    },
    "2009-12-31": {
        "Diluted EPS": 0.0,
        "Total Revenue": NaN,
        "Gross Profit": NaN,
        "Operating Income": NaN,
        "EBIT": NaN,
        "Net Income": NaN
    },
    "2023-09-30": {
        "Tax Effect Of Unusual Items": -24570.0,
        "Tax Rate For Calcs": 0.21,
        "Normalized EBITDA": 2179000.0,
        "Total Unusual Items": -117000.0,
        "Total Unusual Items Excluding Goodwill": -117000.0,
        "Net Income From Continuing Operation Net Minority Interest": -2421000.0,
        "Reconciled Depreciation": 4236000.0,
        "Reconciled Cost Of Revenue": 19261000.0,
        "EBITDA": 2062000.0,
        "EBIT": -2174000.0,
        "Normalized Income": -2328570.0,
        "Net Income From Continuing And Discontinued Operation": -2421000.0,
        "Total Expenses": 53154000.0,
        "Total Operating Income As Reported": -2291000.0,
        "Diluted Average Shares": 43332000.0,
        "Basic Average Shares": 43332000.0,
        "Diluted EPS": -0.06,
        "Basic EPS": -0.06,
        "Diluted NI Availto Com Stockholders": -2421000.0,
        "Net Income Common Stockholders": -2421000.0,
        "Net Income": -2421000.0,
        "Net Income Including Noncontrolling Interests": -2421000.0,
        "Net Income Continuous Operations": -2421000.0,
        "Tax Provision": 260000.0,
        "Pretax Income": -2161000.0,
        "Other Income Expense": 13000.0,
        "Other Non Operating Income Expenses": 130000.0,
        "Special Income Charges": -117000.0,
        "Gain On Sale Of Ppe": 0.0,
        "Restructuring And Mergern Acquisition": 117000.0,
        "Operating Income": -2174000.0,
        "Operating Expense": 33893000.0,
        "Research And Development": 8730000.0,
        "Selling General And Administration": 25163000.0,
        "Selling And Marketing Expense": 17222000.0,
        "General And Administrative Expense": 7941000.0,
        "Other Gand A": 7941000.0,
        "Gross Profit": 31719000.0,
        "Cost Of Revenue": 19261000.0,
        "Total Revenue": 50980000.0,
        "Operating Revenue": 50980000.0
    },
    "2023-12-31": {
        "Tax Effect Of Unusual Items": 0.0,
        "Tax Rate For Calcs": 0.21,
        "Normalized EBITDA": 1667000.0,
        "Total Unusual Items": 0.0,
        "Total Unusual Items Excluding Goodwill": 0.0,
        "Net Income From Continuing Operation Net Minority Interest": -2514000.0,
        "Reconciled Depreciation": 4292000.0,
        "Reconciled Cost Of Revenue": 19324000.0,
        "EBITDA": 1667000.0,
        "EBIT": -2625000.0,
        "Normalized Income": -2514000.0,
        "Net Income From Continuing And Discontinued Operation": -2514000.0,
        "Total Expenses": 52420000.0,
        "Total Operating Income As Reported": -2264000.0,
        "Diluted Average Shares": NaN,
        "Basic Average Shares": NaN,
        "Diluted EPS": NaN,
        "Basic EPS": NaN,
        "Diluted NI Availto Com Stockholders": -2514000.0,
        "Net Income Common Stockholders": -2514000.0,
        "Net Income": -2514000.0,
        "Net Income Including Noncontrolling Interests": -2514000.0,
        "Net Income Continuous Operations": -2514000.0,
        "Tax Provision": 161000.0,
        "Pretax Income": -2353000.0,
        "Other Income Expense": -239000.0,
        "Other Non Operating Income Expenses": -239000.0,
        "Special Income Charges": 0.0,
        "Gain On Sale Of Ppe": NaN,
        "Restructuring And Mergern Acquisition": 0.0,
        "Operating Income": -2264000.0,
        "Operating Expense": 33096000.0,
        "Research And Development": 8261000.0,
        "Selling General And Administration": 24835000.0,
        "Selling And Marketing Expense": 16689000.0,
        "General And Administrative Expense": 8146000.0,
        "Other Gand A": 8146000.0,
        "Gross Profit": 30832000.0,
        "Cost Of Revenue": 19324000.0,
        "Total Revenue": 50156000.0,
        "Operating Revenue": 50156000.0
    },
    "2024-03-31": {
        "Tax Effect Of Unusual Items": 1215805.471125,
        "Tax Rate For Calcs": 0.202634,
        "Normalized EBITDA": -5071000.0,
        "Total Unusual Items": 6000000.0,
        "Total Unusual Items Excluding Goodwill": 6000000.0,
        "Net Income From Continuing Operation Net Minority Interest": 1574000.0,
        "Reconciled Depreciation": 4917000.0,
        "Reconciled Cost Of Revenue": 19622000.0,
        "EBITDA": 929000.0,
        "EBIT": -3988000.0,
        "Normalized Income": -3210194.528875,
        "Net Income From Continuing And Discontinued Operation": 1574000.0,
        "Total Expenses": 54469000.0,
        "Total Operating Income As Reported": 2012000.0,
        "Diluted Average Shares": 44098000.0,
        "Basic Average Shares": 43983000.0,
        "Diluted EPS": 0.04,
        "Basic EPS": 0.04,
        "Diluted NI Availto Com Stockholders": 1574000.0,
        "Net Income Common Stockholders": 1574000.0,
        "Net Income": 1574000.0,
        "Net Income Including Noncontrolling Interests": 1574000.0,
        "Net Income Continuous Operations": 1574000.0,
        "Tax Provision": 400000.0,
        "Pretax Income": 1974000.0,
        "Other Income Expense": 5962000.0,
        "Other Non Operating Income Expenses": -38000.0,
        "Special Income Charges": 6000000.0,
        "Gain On Sale Of Ppe": 6000000.0,
        "Restructuring And Mergern Acquisition": 0.0,
        "Operating Income": -3988000.0,
        "Operating Expense": 34847000.0,
        "Research And Development": 8849000.0,
        "Selling General And Administration": 25998000.0,
        "Selling And Marketing Expense": 16454000.0,
        "General And Administrative Expense": 9544000.0,
        "Other Gand A": 9544000.0,
        "Gross Profit": 30859000.0,
        "Cost Of Revenue": 19622000.0,
        "Total Revenue": 50481000.0,
        "Operating Revenue": 50481000.0
    },
    "2024-06-30": {
        "Tax Effect Of Unusual Items": 0.0,
        "Tax Rate For Calcs": 0.21,
        "Normalized EBITDA": 130000.0,
        "Total Unusual Items": 0.0,
        "Total Unusual Items Excluding Goodwill": 0.0,
        "Net Income From Continuing Operation Net Minority Interest": -5245000.0,
        "Reconciled Depreciation": 5167000.0,
        "Reconciled Cost Of Revenue": 19407000.0,
        "EBITDA": 130000.0,
        "EBIT": -5037000.0,
        "Normalized Income": -5245000.0,
        "Net Income From Continuing And Discontinued Operation": -5245000.0,
        "Total Expenses": 54284000.0,
        "Total Operating Income As Reported": -5037000.0,
        "Diluted Average Shares": 44731000.0,
        "Basic Average Shares": 44731000.0,
        "Diluted EPS": -0.12,
        "Basic EPS": -0.12,
        "Diluted NI Availto Com Stockholders": -5245000.0,
        "Net Income Common Stockholders": -5245000.0,
        "Net Income": -5245000.0,
        "Net Income Including Noncontrolling Interests": -5245000.0,
        "Net Income Continuous Operations": -5245000.0,
        "Tax Provision": 257000.0,
        "Pretax Income": -4988000.0,
        "Other Income Expense": 49000.0,
        "Other Non Operating Income Expenses": 49000.0,
        "Special Income Charges": 0.0,
        "Gain On Sale Of Ppe": 0.0,
        "Restructuring And Mergern Acquisition": 0.0,
        "Operating Income": -5037000.0,
        "Operating Expense": 34877000.0,
        "Research And Development": 8975000.0,
        "Selling General And Administration": 25902000.0,
        "Selling And Marketing Expense": 17080000.0,
        "General And Administrative Expense": 8822000.0,
        "Other Gand A": 8822000.0,
        "Gross Profit": 29840000.0,
        "Cost Of Revenue": 19407000.0,
        "Total Revenue": 49247000.0,
        "Operating Revenue": 49247000.0
    },
    "2024-09-30": {
        "Tax Effect Of Unusual Items": 0.0,
        "Tax Rate For Calcs": 0.21,
        "Normalized EBITDA": 2311000.0,
        "Total Unusual Items": 0.0,
        "Total Unusual Items Excluding Goodwill": 0.0,
        "Net Income From Continuing Operation Net Minority Interest": -2957000.0,
        "Reconciled Depreciation": 5115000.0,
        "Reconciled Cost Of Revenue": 18378000.0,
        "EBITDA": 2311000.0,
        "EBIT": -2804000.0,
        "Normalized Income": -2957000.0,
        "Net Income From Continuing And Discontinued Operation": -2957000.0,
        "Total Expenses": 52754000.0,
        "Total Operating Income As Reported": -2804000.0,
        "Diluted Average Shares": 44970000.0,
        "Basic Average Shares": 44970000.0,
        "Diluted EPS": -0.07,
        "Basic EPS": -0.07,
        "Diluted NI Availto Com Stockholders": -2957000.0,
        "Net Income Common Stockholders": -2957000.0,
        "Net Income": -2957000.0,
        "Net Income Including Noncontrolling Interests": -2957000.0,
        "Net Income Continuous Operations": -2957000.0,
        "Tax Provision": 292000.0,
        "Pretax Income": -2665000.0,
        "Other Income Expense": 139000.0,
        "Other Non Operating Income Expenses": 139000.0,
        "Special Income Charges": 0.0,
        "Gain On Sale Of Ppe": 0.0,
        "Restructuring And Mergern Acquisition": 0.0,
        "Operating Income": -2804000.0,
        "Operating Expense": 34376000.0,
        "Research And Development": 8742000.0,
        "Selling General And Administration": 25634000.0,
        "Selling And Marketing Expense": 16393000.0,
        "General And Administrative Expense": 9241000.0,
        "Other Gand A": 9241000.0,
        "Gross Profit": 31572000.0,
        "Cost Of Revenue": 18378000.0,
        "Total Revenue": 49950000.0,
        "Operating Revenue": 49950000.0
    }
}