{
    "2023-06-30": {
        "Tax Effect Of Unusual Items": 0.0,
        "Tax Rate For Calcs": 0.215885,
        "Normalized EBITDA": 56991000.0,
        "Net Income From Continuing Operation Net Minority Interest": 30110000.0,
        "Reconciled Depreciation": 13428000.0,
        "Reconciled Cost Of Revenue": 153903000.0,
        "EBITDA": 56991000.0,
        "EBIT": 43563000.0,
        "Net Interest Income": -5163000.0,
        "Interest Expense": 5163000.0,
        "Normalized Income": 30110000.0,
        "Net Income From Continuing And Discontinued Operation": 30110000.0,
        "Total Expenses": 188416000.0,
        "Total Operating Income As Reported": 42836000.0,
        "Diluted Average Shares": 32434000.0,
        "Basic Average Shares": 32239202.0,
        "Diluted EPS": 0.93,
        "Basic EPS": 0.933956,
        "Diluted NI Availto Com Stockholders": 30110000.0,
        "Net Income Common Stockholders": 30110000.0,
        "Net Income": 30110000.0,
        "Net Income Including Noncontrolling Interests": 30110000.0,
        "Net Income Continuous Operations": 30110000.0,
        "Tax Provision": 8290000.0,
        "Pretax Income": 38400000.0,
        "Other Income Expense": 727000.0,
        "Other Non Operating Income Expenses": 727000.0,
        "Net Non Operating Interest Income Expense": -5163000.0,
        "Interest Expense Non Operating": 5163000.0,
        "Operating Income": 42836000.0,
        "Operating Expense": 34513000.0,
        "Research And Development": 3795000.0,
        "Selling General And Administration": 30718000.0,
        "Selling And Marketing Expense": 18684000.0,
        "General And Administrative Expense": 12034000.0,
        "Other Gand A": 12034000.0,
        "Gross Profit": 77349000.0,
        "Cost Of Revenue": 153903000.0,
        "Total Revenue": 231252000.0,
        "Operating Revenue": 231252000.0
    },
    "2023-03-31": {
        "Tax Effect Of Unusual Items": 0.0,
        "Tax Rate For Calcs": 0.22,
        "Normalized EBITDA": 48330000.0,
        "Net Income From Continuing Operation Net Minority Interest": 22710000.0,
        "Reconciled Depreciation": 13646000.0,
        "Reconciled Cost Of Revenue": 159370000.0,
        "EBITDA": 48330000.0,
        "EBIT": 34684000.0,
        "Net Interest Income": -5565000.0,
        "Interest Expense": 5565000.0,
        "Normalized Income": 22710000.0,
        "Net Income From Continuing And Discontinued Operation": 22710000.0,
        "Total Expenses": 198132000.0,
        "Total Operating Income As Reported": 34408000.0,
        "Diluted Average Shares": 32415000.0,
        "Basic Average Shares": 32078000.0,
        "Diluted EPS": 0.7,
        "Basic EPS": 0.71,
        "Diluted NI Availto Com Stockholders": 22710000.0,
        "Net Income Common Stockholders": 22710000.0,
        "Net Income": 22710000.0,
        "Net Income Including Noncontrolling Interests": 22710000.0,
        "Net Income Continuous Operations": 22710000.0,
        "Tax Provision": 6409000.0,
        "Pretax Income": 29119000.0,
        "Other Income Expense": 276000.0,
        "Other Non Operating Income Expenses": 276000.0,
        "Net Non Operating Interest Income Expense": -5565000.0,
        "Interest Expense Non Operating": 5565000.0,
        "Operating Income": 34408000.0,
        "Operating Expense": 38762000.0,
        "Research And Development": 3450000.0,
        "Selling General And Administration": 35312000.0,
        "Selling And Marketing Expense": 18183000.0,
        "General And Administrative Expense": 17129000.0,
        "Other Gand A": 17129000.0,
        "Gross Profit": 73170000.0,
        "Cost Of Revenue": 159370000.0,
        "Total Revenue": 232540000.0,
        "Operating Revenue": 232540000.0
    },
    "2022-12-31": {
        "Tax Effect Of Unusual Items": 0.0,
        "Tax Rate For Calcs": 0.169538,
        "Normalized EBITDA": 44787000.0,
        "Net Income From Continuing Operation Net Minority Interest": 21406000.0,
        "Reconciled Depreciation": 13890000.0,
        "Reconciled Cost Of Revenue": 163892000.0,
        "EBITDA": 44787000.0,
        "EBIT": 30897000.0,
        "Net Interest Income": -5121000.0,
        "Interest Expense": 5121000.0,
        "Normalized Income": 21406000.0,
        "Net Income From Continuing And Discontinued Operation": 21406000.0,
        "Total Expenses": 199226000.0,
        "Total Operating Income As Reported": 33305000.0,
        "Diluted Average Shares": 32398000.0,
        "Basic Average Shares": 32152787.0,
        "Diluted EPS": 0.66,
        "Basic EPS": 0.665759,
        "Diluted NI Availto Com Stockholders": 21406000.0,
        "Net Income Common Stockholders": 21406000.0,
        "Net Income": 21406000.0,
        "Net Income Including Noncontrolling Interests": 21406000.0,
        "Net Income Continuous Operations": 21406000.0,
        "Tax Provision": 4370000.0,
        "Pretax Income": 25776000.0,
        "Other Income Expense": -2408000.0,
        "Other Non Operating Income Expenses": -2408000.0,
        "Net Non Operating Interest Income Expense": -5121000.0,
        "Interest Expense Non Operating": 5121000.0,
        "Operating Income": 33305000.0,
        "Operating Expense": 35334000.0,
        "Research And Development": 3042000.0,
        "Selling General And Administration": 32292000.0,
        "Selling And Marketing Expense": 17843000.0,
        "General And Administrative Expense": 14449000.0,
        "Other Gand A": 14449000.0,
        "Gross Profit": 68639000.0,
        "Cost Of Revenue": 163892000.0,
        "Total Revenue": 232531000.0,
        "Operating Revenue": 232531000.0
    },
    "2022-09-30": {
        "Tax Effect Of Unusual Items": 0.0,
        "Tax Rate For Calcs": 0.188,
        "Normalized EBITDA": 48824000.0,
        "Net Income From Continuing Operation Net Minority Interest": 25249000.0,
        "Reconciled Depreciation": 14097000.0,
        "Reconciled Cost Of Revenue": 175837000.0,
        "EBITDA": 48824000.0,
        "EBIT": 34727000.0,
        "Net Interest Income": -3642000.0,
        "Interest Expense": 3642000.0,
        "Normalized Income": 25249000.0,
        "Net Income From Continuing And Discontinued Operation": 25249000.0,
        "Total Expenses": 210642000.0,
        "Total Operating Income As Reported": 33625000.0,
        "Diluted Average Shares": 32367000.0,
        "Basic Average Shares": 32010000.0,
        "Diluted EPS": 0.78,
        "Basic EPS": 0.79,
        "Diluted NI Availto Com Stockholders": 25249000.0,
        "Net Income Common Stockholders": 25249000.0,
        "Net Income": 25249000.0,
        "Net Income Including Noncontrolling Interests": 25249000.0,
        "Net Income Continuous Operations": 25249000.0,
        "Tax Provision": 5836000.0,
        "Pretax Income": 31085000.0,
        "Other Income Expense": 1102000.0,
        "Other Non Operating Income Expenses": 1102000.0,
        "Net Non Operating Interest Income Expense": -3642000.0,
        "Interest Expense Non Operating": 3642000.0,
        "Operating Income": 33625000.0,
        "Operating Expense": 34805000.0,
        "Other Operating Expenses": NaN,
        "Research And Development": 2996000.0,
        "Selling General And Administration": 31809000.0,
        "Selling And Marketing Expense": 16590000.0,
        "General And Administrative Expense": 15219000.0,
        "Other Gand A": 15219000.0,
        "Gross Profit": 68430000.0,
        "Cost Of Revenue": 175837000.0,
        "Total Revenue": 244267000.0,
        "Operating Revenue": 244267000.0
    },
    "2022-06-30": {
        "Tax Effect Of Unusual Items": 0.0,
        "Tax Rate For Calcs": 0.241,
        "Normalized EBITDA": 52151000.0,
        "Net Income From Continuing Operation Net Minority Interest": 29782000.0,
        "Reconciled Depreciation": 11933000.0,
        "Reconciled Cost Of Revenue": 164817000.0,
        "EBITDA": 52151000.0,
        "EBIT": 40218000.0,
        "Net Interest Income": -960000.0,
        "Interest Expense": 960000.0,
        "Normalized Income": 29782000.0,
        "Net Income From Continuing And Discontinued Operation": 29782000.0,
        "Total Expenses": 196773000.0,
        "Total Operating Income As Reported": 39920000.0,
        "Diluted Average Shares": 32314000.0,
        "Basic Average Shares": 31999000.0,
        "Diluted EPS": 0.92,
        "Basic EPS": 0.93,
        "Diluted NI Availto Com Stockholders": 29782000.0,
        "Net Income Common Stockholders": 29782000.0,
        "Net Income": 29782000.0,
        "Net Income Including Noncontrolling Interests": 29782000.0,
        "Net Income Continuous Operations": 29782000.0,
        "Tax Provision": 9476000.0,
        "Pretax Income": 39258000.0,
        "Other Income Expense": 298000.0,
        "Other Non Operating Income Expenses": 298000.0,
        "Net Non Operating Interest Income Expense": -960000.0,
        "Interest Expense Non Operating": 960000.0,
        "Operating Income": 39920000.0,
        "Operating Expense": 31956000.0,
        "Other Operating Expenses": NaN,
        "Research And Development": 2922000.0,
        "Selling General And Administration": 29034000.0,
        "Selling And Marketing Expense": 15991000.0,
        "General And Administrative Expense": 13043000.0,
        "Other Gand A": 13043000.0,
        "Gross Profit": 71876000.0,
        "Cost Of Revenue": 164817000.0,
        "Total Revenue": 236693000.0,
        "Operating Revenue": 236693000.0
    },
    "2022-03-31": {
        "Diluted EPS": 0.89,
        "Total Revenue": 229,
        "Gross Profit": 72,
        "Operating Income": 38,
        "EBIT": 50,
        "Net Income": 29
    },
    "2021-12-31": {
        "Diluted EPS": 0.75,
        "Total Revenue": 213,
        "Gross Profit": 64,
        "Operating Income": 34,
        "EBIT": 46,
        "Net Income": 25
    },
    "2021-09-30": {
        "Diluted EPS": 0.77,
        "Total Revenue": 198,
        "Gross Profit": 61,
        "Operating Income": 33,
        "EBIT": 45,
        "Net Income": 25
    },
    "2021-06-30": {
        "Diluted EPS": 0.7,
        "Total Revenue": 202,
        "Gross Profit": 59,
        "Operating Income": 31,
        "EBIT": 43,
        "Net Income": 23
    },
    "2021-03-31": {
        "Diluted EPS": 0.72,
        "Total Revenue": 186,
        "Gross Profit": 59,
        "Operating Income": 31,
        "EBIT": 43,
        "Net Income": 23
    },
    "2020-12-31": {
        "Diluted EPS": 0.68,
        "Total Revenue": 181,
        "Gross Profit": 57,
        "Operating Income": 29,
        "EBIT": 42,
        "Net Income": 22
    },
    "2020-09-30": {
        "Diluted EPS": 0.66,
        "Total Revenue": 175,
        "Gross Profit": 56,
        "Operating Income": 29,
        "EBIT": 42,
        "Net Income": 22
    },
    "2020-06-30": {
        "Diluted EPS": 0.65,
        "Total Revenue": 173,
        "Gross Profit": 55,
        "Operating Income": 27,
        "EBIT": 40,
        "Net Income": 21
    },
    "2020-03-31": {
        "Diluted EPS": 0.61,
        "Total Revenue": 174,
        "Gross Profit": 55,
        "Operating Income": 26,
        "EBIT": 39,
        "Net Income": 20
    },
    "2019-12-31": {
        "Diluted EPS": 0.62,
        "Total Revenue": 167,
        "Gross Profit": 54,
        "Operating Income": 24,
        "EBIT": 36,
        "Net Income": 20
    },
    "2019-09-30": {
        "Diluted EPS": 0.64,
        "Total Revenue": 159,
        "Gross Profit": 54,
        "Operating Income": 26,
        "EBIT": 38,
        "Net Income": 21
    },
    "2019-06-30": {
        "Diluted EPS": 0.61,
        "Total Revenue": 162,
        "Gross Profit": 54,
        "Operating Income": 26,
        "EBIT": 37,
        "Net Income": 20
    },
    "2019-03-31": {
        "Diluted EPS": 0.58,
        "Total Revenue": 157,
        "Gross Profit": 49,
        "Operating Income": 26,
        "EBIT": 37,
        "Net Income": 19
    },
    "2018-12-31": {
        "Diluted EPS": 0.62,
        "Total Revenue": 164,
        "Gross Profit": 51,
        "Operating Income": 27,
        "EBIT": 38,
        "Net Income": 20
    },
    "2018-09-30": {
        "Diluted EPS": 0.59,
        "Total Revenue": 155,
        "Gross Profit": 48,
        "Operating Income": 26,
        "EBIT": 37,
        "Net Income": 19
    },
    "2018-06-30": {
        "Diluted EPS": 0.61,
        "Total Revenue": 164,
        "Gross Profit": 53,
        "Operating Income": 27,
        "EBIT": 38,
        "Net Income": 20
    },
    "2018-03-31": {
        "Diluted EPS": 0.6,
        "Total Revenue": 161,
        "Gross Profit": 51,
        "Operating Income": 27,
        "EBIT": 38,
        "Net Income": 19
    },
    "2017-12-31": {
        "Diluted EPS": 1.3,
        "Total Revenue": 159,
        "Gross Profit": 52,
        "Operating Income": 26,
        "EBIT": 38,
        "Net Income": 42
    },
    "2017-09-30": {
        "Diluted EPS": 0.5,
        "Total Revenue": 151,
        "Gross Profit": 46,
        "Operating Income": 23,
        "EBIT": 34,
        "Net Income": 16
    },
    "2017-06-30": {
        "Diluted EPS": 0.51,
        "Total Revenue": 147,
        "Gross Profit": 47,
        "Operating Income": 25,
        "EBIT": 36,
        "Net Income": 17
    },
    "2017-03-31": {
        "Diluted EPS": 0.48,
        "Total Revenue": 138,
        "Gross Profit": 44,
        "Operating Income": 23,
        "EBIT": 34,
        "Net Income": 16
    },
    "2016-12-31": {
        "Diluted EPS": 0.5,
        "Total Revenue": 141,
        "Gross Profit": 47,
        "Operating Income": 25,
        "EBIT": 36,
        "Net Income": 16
    },
    "2016-09-30": {
        "Diluted EPS": 0.44,
        "Total Revenue": 139,
        "Gross Profit": 45,
        "Operating Income": 23,
        "EBIT": 35,
        "Net Income": 14
    },
    "2016-06-30": {
        "Diluted EPS": 0.44,
        "Total Revenue": 139,
        "Gross Profit": 46,
        "Operating Income": 23,
        "EBIT": 35,
        "Net Income": 14
    },
    "2016-03-31": {
        "Diluted EPS": 0.37,
        "Total Revenue": 135,
        "Gross Profit": 43,
        "Operating Income": 20,
        "EBIT": 31,
        "Net Income": 12
    },
    "2015-12-31": {
        "Diluted EPS": 0.5,
        "Total Revenue": 133,
        "Gross Profit": 40,
        "Operating Income": 22,
        "EBIT": 32,
        "Net Income": 16
    },
    "2015-09-30": {
        "Diluted EPS": 0.44,
        "Total Revenue": 140,
        "Gross Profit": 43,
        "Operating Income": 23,
        "EBIT": 33,
        "Net Income": 14
    },
    "2015-06-30": {
        "Diluted EPS": 0.47,
        "Total Revenue": 135,
        "Gross Profit": 42,
        "Operating Income": 24,
        "EBIT": 34,
        "Net Income": 15
    },
    "2015-03-31": {
        "Diluted EPS": 0.48,
        "Total Revenue": 145,
        "Gross Profit": 43,
        "Operating Income": 25,
        "EBIT": 35,
        "Net Income": 15
    },
    "2014-12-31": {
        "Diluted EPS": 0.6,
        "Total Revenue": 163,
        "Gross Profit": 44,
        "Operating Income": 27,
        "EBIT": 37,
        "Net Income": 19
    },
    "2014-09-30": {
        "Diluted EPS": 0.49,
        "Total Revenue": 160,
        "Gross Profit": 44,
        "Operating Income": 25,
        "EBIT": 36,
        "Net Income": 15
    },
    "2014-06-30": {
        "Diluted EPS": 0.31,
        "Total Revenue": 132,
        "Gross Profit": 32,
        "Operating Income": 17,
        "EBIT": 24,
        "Net Income": 10
    },
    "2014-03-31": {
        "Diluted EPS": 0.29,
        "Total Revenue": 86,
        "Gross Profit": 23,
        "Operating Income": 13,
        "EBIT": 16,
        "Net Income": 9
    },
    "2013-12-31": {
        "Diluted EPS": 0.33,
        "Total Revenue": 82,
        "Gross Profit": 24,
        "Operating Income": 16,
        "EBIT": 19,
        "Net Income": 11
    },
    "2013-09-30": {
        "Diluted EPS": 0.38,
        "Total Revenue": 88,
        "Gross Profit": 25,
        "Operating Income": 17,
        "EBIT": 20,
        "Net Income": 12
    },
    "2013-06-30": {
        "Diluted EPS": 0.38,
        "Total Revenue": 83,
        "Gross Profit": 25,
        "Operating Income": 17,
        "EBIT": 19,
        "Net Income": 12
    },
    "2013-03-31": {
        "Diluted EPS": 0.36,
        "Total Revenue": 85,
        "Gross Profit": 24,
        "Operating Income": 16,
        "EBIT": 18,
        "Net Income": 11
    },
    "2012-12-31": {
        "Diluted EPS": 0.32,
        "Total Revenue": 80,
        "Gross Profit": 22,
        "Operating Income": 15,
        "EBIT": 17,
        "Net Income": 10
    },
    "2012-09-30": {
        "Diluted EPS": 0.36,
        "Total Revenue": 75,
        "Gross Profit": 23,
        "Operating Income": 16,
        "EBIT": 19,
        "Net Income": 11
    },
    "2012-06-30": {
        "Diluted EPS": 0.33,
        "Total Revenue": 79,
        "Gross Profit": 23,
        "Operating Income": 15,
        "EBIT": 17,
        "Net Income": 10
    },
    "2012-03-31": {
        "Diluted EPS": 0.31,
        "Total Revenue": 76,
        "Gross Profit": 21,
        "Operating Income": 14,
        "EBIT": 16,
        "Net Income": 9
    },
    "2011-12-31": {
        "Diluted EPS": 0.3,
        "Total Revenue": 70,
        "Gross Profit": 21,
        "Operating Income": 14,
        "EBIT": 16,
        "Net Income": 9
    },
    "2011-09-30": {
        "Diluted EPS": 0.36,
        "Total Revenue": 74,
        "Gross Profit": 23,
        "Operating Income": 15,
        "EBIT": 18,
        "Net Income": 11
    },
    "2011-06-30": {
        "Diluted EPS": 0.32,
        "Total Revenue": 75,
        "Gross Profit": 22,
        "Operating Income": 14,
        "EBIT": 16,
        "Net Income": 10
    },
    "2011-03-31": {
        "Diluted EPS": 0.3,
        "Total Revenue": 73,
        "Gross Profit": 21,
        "Operating Income": 13,
        "EBIT": 16,
        "Net Income": 9
    },
    "2010-12-31": {
        "Diluted EPS": 0.31,
        "Total Revenue": 70,
        "Gross Profit": 21,
        "Operating Income": 14,
        "EBIT": 16,
        "Net Income": 9
    },
    "2010-09-30": {
        "Diluted EPS": 0.29,
        "Total Revenue": 64,
        "Gross Profit": 20,
        "Operating Income": 13,
        "EBIT": 15,
        "Net Income": 8
    },
    "2010-06-30": {
        "Diluted EPS": 0.28,
        "Total Revenue": 61,
        "Gross Profit": 19,
        "Operating Income": 12,
        "EBIT": 15,
        "Net Income": 8
    },
    "2010-03-31": {
        "Diluted EPS": 0.24,
        "Total Revenue": 60,
        "Gross Profit": 17,
        "Operating Income": 10,
        "EBIT": 13,
        "Net Income": 7
    },
    "2009-12-31": {
        "Diluted EPS": 0.24,
        "Total Revenue": 59,
        "Gross Profit": 17,
        "Operating Income": 11,
        "EBIT": 13,
        "Net Income": 7
    },
    "2009-09-30": {
        "Diluted EPS": 0.24,
        "Total Revenue": 54,
        "Gross Profit": 16,
        "Operating Income": 10,
        "EBIT": 12,
        "Net Income": 7
    },
    "2009-06-30": {
        "Diluted EPS": 0.24,
        "Total Revenue": 53,
        "Gross Profit": 17,
        "Operating Income": 10,
        "EBIT": 12,
        "Net Income": 7
    },
    "2009-03-31": {
        "Diluted EPS": 0.21,
        "Total Revenue": 53,
        "Gross Profit": 16,
        "Operating Income": 9,
        "EBIT": 11,
        "Net Income": 6
    },
    "2023-09-30": {
        "Tax Effect Of Unusual Items": NaN,
        "Tax Rate For Calcs": NaN,
        "Normalized EBITDA": NaN,
        "Net Income From Continuing Operation Net Minority Interest": NaN,
        "Reconciled Depreciation": NaN,
        "Reconciled Cost Of Revenue": NaN,
        "EBITDA": NaN,
        "EBIT": NaN,
        "Net Interest Income": NaN,
        "Interest Expense": NaN,
        "Normalized Income": NaN,
        "Net Income From Continuing And Discontinued Operation": NaN,
        "Total Expenses": NaN,
        "Total Operating Income As Reported": NaN,
        "Diluted Average Shares": 32476000.0,
        "Basic Average Shares": 32240144.0,
        "Diluted EPS": 0.9,
        "Basic EPS": 0.901826,
        "Diluted NI Availto Com Stockholders": NaN,
        "Net Income Common Stockholders": NaN,
        "Net Income": NaN,
        "Net Income Including Noncontrolling Interests": NaN,
        "Net Income Continuous Operations": NaN,
        "Tax Provision": NaN,
        "Pretax Income": NaN,
        "Other Income Expense": NaN,
        "Other Non Operating Income Expenses": NaN,
        "Net Non Operating Interest Income Expense": NaN,
        "Interest Expense Non Operating": NaN,
        "Operating Income": NaN,
        "Operating Expense": NaN,
        "Research And Development": NaN,
        "Selling General And Administration": NaN,
        "Selling And Marketing Expense": NaN,
        "General And Administrative Expense": NaN,
        "Other Gand A": NaN,
        "Gross Profit": NaN,
        "Cost Of Revenue": NaN,
        "Total Revenue": NaN,
        "Operating Revenue": NaN
    },
    "2023-12-31": {
        "Tax Effect Of Unusual Items": 0.0,
        "Tax Rate For Calcs": 0.198966,
        "Normalized EBITDA": 52615000.0,
        "Net Income From Continuing Operation Net Minority Interest": 26648000.0,
        "Reconciled Depreciation": 14057000.0,
        "Reconciled Cost Of Revenue": 153706000.0,
        "EBITDA": 52615000.0,
        "EBIT": 38558000.0,
        "Net Interest Income": -5291000.0,
        "Interest Expense": 5291000.0,
        "Normalized Income": 26648000.0,
        "Net Income From Continuing And Discontinued Operation": 26648000.0,
        "Total Expenses": 190364000.0,
        "Total Operating Income As Reported": 38335000.0,
        "Diluted Average Shares": 32477000.0,
        "Basic Average Shares": 32254728.0,
        "Diluted EPS": 0.82,
        "Basic EPS": 0.826173,
        "Diluted NI Availto Com Stockholders": 26648000.0,
        "Net Income Common Stockholders": 26648000.0,
        "Net Income": 26648000.0,
        "Net Income Including Noncontrolling Interests": 26648000.0,
        "Net Income Continuous Operations": 26648000.0,
        "Tax Provision": 6619000.0,
        "Pretax Income": 33267000.0,
        "Other Income Expense": 223000.0,
        "Other Non Operating Income Expenses": 223000.0,
        "Net Non Operating Interest Income Expense": -5291000.0,
        "Interest Expense Non Operating": 5291000.0,
        "Operating Income": 38335000.0,
        "Operating Expense": 36658000.0,
        "Research And Development": 3936000.0,
        "Selling General And Administration": 32722000.0,
        "Selling And Marketing Expense": 19272000.0,
        "General And Administrative Expense": 13450000.0,
        "Other Gand A": 13450000.0,
        "Gross Profit": 74993000.0,
        "Cost Of Revenue": 153706000.0,
        "Total Revenue": 228699000.0,
        "Operating Revenue": 228699000.0
    },
    "2024-03-31": {
        "Tax Effect Of Unusual Items": NaN,
        "Tax Rate For Calcs": NaN,
        "Normalized EBITDA": NaN,
        "Net Income From Continuing Operation Net Minority Interest": NaN,
        "Reconciled Depreciation": NaN,
        "Reconciled Cost Of Revenue": NaN,
        "EBITDA": NaN,
        "EBIT": NaN,
        "Net Interest Income": NaN,
        "Interest Expense": NaN,
        "Normalized Income": NaN,
        "Net Income From Continuing And Discontinued Operation": NaN,
        "Total Expenses": NaN,
        "Total Operating Income As Reported": NaN,
        "Diluted Average Shares": 32627000.0,
        "Basic Average Shares": 32423400.0,
        "Diluted EPS": 0.89,
        "Basic EPS": 0.893984,
        "Diluted NI Availto Com Stockholders": NaN,
        "Net Income Common Stockholders": NaN,
        "Net Income": NaN,
        "Net Income Including Noncontrolling Interests": NaN,
        "Net Income Continuous Operations": NaN,
        "Tax Provision": NaN,
        "Pretax Income": NaN,
        "Other Income Expense": NaN,
        "Other Non Operating Income Expenses": NaN,
        "Net Non Operating Interest Income Expense": NaN,
        "Interest Expense Non Operating": NaN,
        "Operating Income": NaN,
        "Operating Expense": NaN,
        "Research And Development": NaN,
        "Selling General And Administration": NaN,
        "Selling And Marketing Expense": NaN,
        "General And Administrative Expense": NaN,
        "Other Gand A": NaN,
        "Gross Profit": NaN,
        "Cost Of Revenue": NaN,
        "Total Revenue": NaN,
        "Operating Revenue": NaN
    },
    "2024-06-30": {
        "Tax Effect Of Unusual Items": 0.0,
        "Tax Rate For Calcs": 0.222117,
        "Normalized EBITDA": 57972000.0,
        "Net Income From Continuing Operation Net Minority Interest": 32069000.0,
        "Reconciled Depreciation": 12506000.0,
        "Reconciled Cost Of Revenue": 151087000.0,
        "EBITDA": 57972000.0,
        "EBIT": 45466000.0,
        "Net Interest Income": -4240000.0,
        "Interest Expense": 4240000.0,
        "Normalized Income": 32069000.0,
        "Net Income From Continuing And Discontinued Operation": 32069000.0,
        "Total Expenses": 188284000.0,
        "Total Operating Income As Reported": 45797000.0,
        "Diluted Average Shares": 32649000.0,
        "Basic Average Shares": 32434858.0,
        "Diluted EPS": 0.98,
        "Basic EPS": 0.98872,
        "Diluted NI Availto Com Stockholders": 32069000.0,
        "Net Income Common Stockholders": 32069000.0,
        "Net Income": 32069000.0,
        "Net Income Including Noncontrolling Interests": 32069000.0,
        "Net Income Continuous Operations": 32069000.0,
        "Tax Provision": 9157000.0,
        "Pretax Income": 41226000.0,
        "Other Income Expense": -331000.0,
        "Other Non Operating Income Expenses": -331000.0,
        "Net Non Operating Interest Income Expense": -4240000.0,
        "Interest Expense Non Operating": 4240000.0,
        "Operating Income": 45797000.0,
        "Operating Expense": 37197000.0,
        "Research And Development": 3854000.0,
        "Selling General And Administration": 33343000.0,
        "Selling And Marketing Expense": 18014000.0,
        "General And Administrative Expense": 15329000.0,
        "Other Gand A": 15329000.0,
        "Gross Profit": 82994000.0,
        "Cost Of Revenue": 151087000.0,
        "Total Revenue": 234081000.0,
        "Operating Revenue": 234081000.0
    },
    "2024-09-30": {
        "Tax Effect Of Unusual Items": 0.0,
        "Tax Rate For Calcs": 0.229,
        "Normalized EBITDA": 58867000.0,
        "Net Income From Continuing Operation Net Minority Interest": 33837000.0,
        "Reconciled Depreciation": 10903000.0,
        "Reconciled Cost Of Revenue": 154579000.0,
        "EBITDA": 58867000.0,
        "EBIT": 47964000.0,
        "Net Interest Income": -4071000.0,
        "Interest Expense": 4071000.0,
        "Normalized Income": 33837000.0,
        "Net Income From Continuing And Discontinued Operation": 33837000.0,
        "Total Expenses": 191948000.0,
        "Total Operating Income As Reported": 47992000.0,
        "Diluted Average Shares": 32783000.0,
        "Basic Average Shares": 32507716.0,
        "Diluted EPS": 1.03,
        "Basic EPS": 1.040891,
        "Diluted NI Availto Com Stockholders": 33837000.0,
        "Net Income Common Stockholders": 33837000.0,
        "Net Income": 33837000.0,
        "Net Income Including Noncontrolling Interests": 33837000.0,
        "Net Income Continuous Operations": 33837000.0,
        "Tax Provision": 10056000.0,
        "Pretax Income": 43893000.0,
        "Other Income Expense": -28000.0,
        "Other Non Operating Income Expenses": -28000.0,
        "Net Non Operating Interest Income Expense": -4071000.0,
        "Interest Expense Non Operating": 4071000.0,
        "Operating Income": 47992000.0,
        "Operating Expense": 37369000.0,
        "Research And Development": 4329000.0,
        "Selling General And Administration": 33040000.0,
        "Selling And Marketing Expense": 15557000.0,
        "General And Administrative Expense": 17483000.0,
        "Other Gand A": 17483000.0,
        "Gross Profit": 85361000.0,
        "Cost Of Revenue": 154579000.0,
        "Total Revenue": 239940000.0,
        "Operating Revenue": 239940000.0
    },
    "2024-12-31": {
        "Tax Effect Of Unusual Items": 0.0,
        "Tax Rate For Calcs": 0.245054,
        "Normalized EBITDA": 58199000.0,
        "Net Income From Continuing Operation Net Minority Interest": 33583000.0,
        "Reconciled Depreciation": 10896000.0,
        "Reconciled Cost Of Revenue": 153667000.0,
        "EBITDA": 58199000.0,
        "EBIT": 47303000.0,
        "Net Interest Income": -2819000.0,
        "Interest Expense": 2819000.0,
        "Normalized Income": 33583000.0,
        "Net Income From Continuing And Discontinued Operation": 33583000.0,
        "Total Expenses": 192560000.0,
        "Total Operating Income As Reported": 47444000.0,
        "Diluted Average Shares": 32548000.0,
        "Basic Average Shares": 32527244.0,
        "Diluted EPS": 1.03,
        "Basic EPS": 1.032458,
        "Diluted NI Availto Com Stockholders": 33583000.0,
        "Net Income Common Stockholders": 33583000.0,
        "Net Income": 33583000.0,
        "Net Income Including Noncontrolling Interests": 33583000.0,
        "Net Income Continuous Operations": 33583000.0,
        "Tax Provision": 10901000.0,
        "Pretax Income": 44484000.0,
        "Other Income Expense": -141000.0,
        "Other Non Operating Income Expenses": -141000.0,
        "Net Non Operating Interest Income Expense": -2819000.0,
        "Interest Expense Non Operating": 2819000.0,
        "Operating Income": 47444000.0,
        "Operating Expense": 38893000.0,
        "Research And Development": 4510000.0,
        "Selling General And Administration": 34383000.0,
        "Selling And Marketing Expense": 17118000.0,
        "General And Administrative Expense": 17265000.0,
        "Other Gand A": 17265000.0,
        "Gross Profit": 86337000.0,
        "Cost Of Revenue": 153667000.0,
        "Total Revenue": 240004000.0,
        "Operating Revenue": 240004000.0
    },
    "2025-03-31": {
        "Tax Effect Of Unusual Items": 0.0,
        "Tax Rate For Calcs": 0.227,
        "Normalized EBITDA": 61878000.0,
        "Net Income From Continuing Operation Net Minority Interest": 37053000.0,
        "Reconciled Depreciation": 11014000.0,
        "Reconciled Cost Of Revenue": 162351000.0,
        "EBITDA": 61878000.0,
        "EBIT": 50864000.0,
        "Net Interest Income": -2924000.0,
        "Interest Expense": 2924000.0,
        "Normalized Income": 37053000.0,
        "Net Income From Continuing And Discontinued Operation": 37053000.0,
        "Total Expenses": 199504000.0,
        "Total Operating Income As Reported": 51015000.0,
        "Diluted Average Shares": 32807000.0,
        "Basic Average Shares": 32611544.0,
        "Diluted EPS": 1.13,
        "Basic EPS": 1.136193,
        "Diluted NI Availto Com Stockholders": 37053000.0,
        "Net Income Common Stockholders": 37053000.0,
        "Net Income": 37053000.0,
        "Net Income Including Noncontrolling Interests": 37053000.0,
        "Net Income Continuous Operations": 37053000.0,
        "Tax Provision": 10887000.0,
        "Pretax Income": 47940000.0,
        "Other Income Expense": -151000.0,
        "Other Non Operating Income Expenses": -151000.0,
        "Net Non Operating Interest Income Expense": -2924000.0,
        "Interest Expense Non Operating": 2924000.0,
        "Operating Income": 51015000.0,
        "Operating Expense": 37153000.0,
        "Research And Development": 4662000.0,
        "Selling General And Administration": 32491000.0,
        "Selling And Marketing Expense": 16926000.0,
        "General And Administrative Expense": 15565000.0,
        "Other Gand A": 15565000.0,
        "Gross Profit": 88168000.0,
        "Cost Of Revenue": 162351000.0,
        "Total Revenue": 250519000.0,
        "Operating Revenue": 250519000.0
    },
    "2025-06-30": {
        "Tax Effect Of Unusual Items": 0.0,
        "Tax Rate For Calcs": 0.218992,
        "Normalized EBITDA": 63180000.0,
        "Net Income From Continuing Operation Net Minority Interest": 38278000.0,
        "Reconciled Depreciation": 11403000.0,
        "Reconciled Cost Of Revenue": 162354000.0,
        "EBITDA": 63180000.0,
        "EBIT": 51777000.0,
        "Net Interest Income": -2766000.0,
        "Interest Expense": 2766000.0,
        "Normalized Income": 38278000.0,
        "Net Income From Continuing And Discontinued Operation": 38278000.0,
        "Total Expenses": 204025000.0,
        "Total Operating Income As Reported": 51442000.0,
        "Diluted Average Shares": 32682000.0,
        "Basic Average Shares": 32455554.0,
        "Diluted EPS": 1.17,
        "Basic EPS": 1.179398,
        "Diluted NI Availto Com Stockholders": 38278000.0,
        "Net Income Common Stockholders": 38278000.0,
        "Net Income": 38278000.0,
        "Net Income Including Noncontrolling Interests": 38278000.0,
        "Net Income Continuous Operations": 38278000.0,
        "Tax Provision": 10733000.0,
        "Pretax Income": 49011000.0,
        "Other Income Expense": 335000.0,
        "Other Non Operating Income Expenses": 335000.0,
        "Net Non Operating Interest Income Expense": -2766000.0,
        "Interest Expense Non Operating": 2766000.0,
        "Operating Income": 51442000.0,
        "Operating Expense": 41671000.0,
        "Research And Development": 4300000.0,
        "Selling General And Administration": 37371000.0,
        "Selling And Marketing Expense": 19300000.0,
        "General And Administrative Expense": 18071000.0,
        "Other Gand A": 18071000.0,
        "Gross Profit": 93113000.0,
        "Cost Of Revenue": 162354000.0,
        "Total Revenue": 255467000.0,
        "Operating Revenue": 255467000.0
    }
}