{
    "2023-03-31": {
        "Tax Effect Of Unusual Items": NaN,
        "Tax Rate For Calcs": NaN,
        "Normalized EBITDA": NaN,
        "Total Unusual Items": 0.0,
        "Total Unusual Items Excluding Goodwill": 0.0,
        "Net Income From Continuing Operation Net Minority Interest": NaN,
        "Reconciled Depreciation": NaN,
        "Reconciled Cost Of Revenue": NaN,
        "EBITDA": NaN,
        "EBIT": NaN,
        "Net Interest Income": NaN,
        "Interest Expense": NaN,
        "Normalized Income": NaN,
        "Net Income From Continuing And Discontinued Operation": NaN,
        "Total Expenses": NaN,
        "Total Operating Income As Reported": NaN,
        "Diluted Average Shares": NaN,
        "Basic Average Shares": NaN,
        "Diluted EPS": NaN,
        "Basic EPS": NaN,
        "Diluted NI Availto Com Stockholders": NaN,
        "Net Income Common Stockholders": NaN,
        "Net Income": NaN,
        "Minority Interests": NaN,
        "Net Income Including Noncontrolling Interests": NaN,
        "Net Income Discontinuous Operations": 0.0,
        "Net Income Continuous Operations": NaN,
        "Tax Provision": NaN,
        "Pretax Income": NaN,
        "Other Income Expense": NaN,
        "Other Non Operating Income Expenses": NaN,
        "Special Income Charges": 0.0,
        "Gain On Sale Of Ppe": NaN,
        "Net Non Operating Interest Income Expense": NaN,
        "Interest Expense Non Operating": NaN,
        "Operating Income": NaN,
        "Operating Expense": NaN,
        "Depreciation Amortization Depletion Income Statement": NaN,
        "Depreciation And Amortization In Income Statement": NaN,
        "Amortization": NaN,
        "Amortization Of Intangibles Income Statement": NaN,
        "Research And Development": NaN,
        "Selling General And Administration": NaN,
        "General And Administrative Expense": 121086000.0,
        "Other Gand A": 121574000.0,
        "Salaries And Wages": -488000.0,
        "Gross Profit": NaN,
        "Cost Of Revenue": NaN,
        "Total Revenue": NaN,
        "Operating Revenue": NaN
    },
    "2022-12-31": {
        "Tax Effect Of Unusual Items": NaN,
        "Tax Rate For Calcs": NaN,
        "Normalized EBITDA": NaN,
        "Total Unusual Items": 0.0,
        "Total Unusual Items Excluding Goodwill": 0.0,
        "Net Income From Continuing Operation Net Minority Interest": NaN,
        "Reconciled Depreciation": NaN,
        "Reconciled Cost Of Revenue": NaN,
        "EBITDA": NaN,
        "EBIT": NaN,
        "Net Interest Income": NaN,
        "Interest Expense": NaN,
        "Normalized Income": NaN,
        "Net Income From Continuing And Discontinued Operation": NaN,
        "Total Expenses": NaN,
        "Total Operating Income As Reported": NaN,
        "Diluted Average Shares": NaN,
        "Basic Average Shares": NaN,
        "Diluted EPS": NaN,
        "Basic EPS": NaN,
        "Diluted NI Availto Com Stockholders": NaN,
        "Net Income Common Stockholders": NaN,
        "Net Income": NaN,
        "Minority Interests": NaN,
        "Net Income Including Noncontrolling Interests": NaN,
        "Net Income Discontinuous Operations": 692000.0,
        "Net Income Continuous Operations": NaN,
        "Tax Provision": NaN,
        "Pretax Income": NaN,
        "Other Income Expense": NaN,
        "Other Non Operating Income Expenses": NaN,
        "Special Income Charges": 0.0,
        "Gain On Sale Of Ppe": 0.0,
        "Other Special Charges": 0.0,
        "Write Off": 0.0,
        "Net Non Operating Interest Income Expense": NaN,
        "Interest Expense Non Operating": NaN,
        "Operating Income": NaN,
        "Operating Expense": NaN,
        "Depreciation Amortization Depletion Income Statement": NaN,
        "Depreciation And Amortization In Income Statement": NaN,
        "Amortization": NaN,
        "Amortization Of Intangibles Income Statement": NaN,
        "Research And Development": NaN,
        "Selling General And Administration": NaN,
        "General And Administrative Expense": NaN,
        "Other Gand A": NaN,
        "Salaries And Wages": NaN,
        "Gross Profit": NaN,
        "Cost Of Revenue": NaN,
        "Total Revenue": NaN,
        "Operating Revenue": NaN
    },
    "2022-09-30": {
        "Tax Effect Of Unusual Items": NaN,
        "Tax Rate For Calcs": NaN,
        "Normalized EBITDA": NaN,
        "Total Unusual Items": NaN,
        "Total Unusual Items Excluding Goodwill": NaN,
        "Net Income From Continuing Operation Net Minority Interest": NaN,
        "Reconciled Depreciation": NaN,
        "Reconciled Cost Of Revenue": NaN,
        "EBITDA": NaN,
        "EBIT": NaN,
        "Net Interest Income": NaN,
        "Interest Expense": NaN,
        "Normalized Income": NaN,
        "Net Income From Continuing And Discontinued Operation": NaN,
        "Total Expenses": NaN,
        "Total Operating Income As Reported": NaN,
        "Diluted Average Shares": NaN,
        "Basic Average Shares": NaN,
        "Diluted EPS": NaN,
        "Basic EPS": NaN,
        "Diluted NI Availto Com Stockholders": NaN,
        "Net Income Common Stockholders": NaN,
        "Net Income": NaN,
        "Minority Interests": NaN,
        "Net Income Including Noncontrolling Interests": NaN,
        "Net Income Discontinuous Operations": NaN,
        "Net Income Continuous Operations": NaN,
        "Tax Provision": NaN,
        "Pretax Income": NaN,
        "Other Income Expense": NaN,
        "Other Non Operating Income Expenses": NaN,
        "Special Income Charges": NaN,
        "Gain On Sale Of Ppe": 37891000.0,
        "Other Special Charges": NaN,
        "Write Off": 0.0,
        "Net Non Operating Interest Income Expense": NaN,
        "Interest Expense Non Operating": NaN,
        "Operating Income": NaN,
        "Operating Expense": NaN,
        "Depreciation Amortization Depletion Income Statement": NaN,
        "Depreciation And Amortization In Income Statement": NaN,
        "Amortization": NaN,
        "Amortization Of Intangibles Income Statement": NaN,
        "Research And Development": NaN,
        "Selling General And Administration": NaN,
        "General And Administrative Expense": NaN,
        "Other Gand A": NaN,
        "Salaries And Wages": NaN,
        "Gross Profit": NaN,
        "Cost Of Revenue": NaN,
        "Total Revenue": NaN,
        "Operating Revenue": NaN
    },
    "2022-06-30": {
        "Tax Effect Of Unusual Items": 0.0,
        "Tax Rate For Calcs": 0.182462,
        "Normalized EBITDA": 104609000.0,
        "Total Unusual Items": 0.0,
        "Total Unusual Items Excluding Goodwill": 0.0,
        "Net Income From Continuing Operation Net Minority Interest": 58561000.0,
        "Reconciled Depreciation": 21603000.0,
        "Reconciled Cost Of Revenue": 431820000.0,
        "EBITDA": 104609000.0,
        "EBIT": 83006000.0,
        "Net Interest Income": -11276000.0,
        "Interest Expense": 11276000.0,
        "Normalized Income": 58561000.0,
        "Net Income From Continuing And Discontinued Operation": 58561000.0,
        "Total Expenses": 584615000.0,
        "Total Operating Income As Reported": 81936000.0,
        "Diluted Average Shares": 44782000.0,
        "Basic Average Shares": 44252000.0,
        "Diluted EPS": 1.31,
        "Basic EPS": 1.32,
        "Diluted NI Availto Com Stockholders": 58561000.0,
        "Net Income Common Stockholders": 58561000.0,
        "Net Income": 58561000.0,
        "Minority Interests": -81000.0,
        "Net Income Including Noncontrolling Interests": 58642000.0,
        "Net Income Discontinuous Operations": 0.0,
        "Net Income Continuous Operations": 58642000.0,
        "Tax Provision": 13088000.0,
        "Pretax Income": 71730000.0,
        "Other Income Expense": 1070000.0,
        "Other Non Operating Income Expenses": 1070000.0,
        "Special Income Charges": 0.0,
        "Gain On Sale Of Ppe": NaN,
        "Other Special Charges": NaN,
        "Write Off": 0.0,
        "Net Non Operating Interest Income Expense": -11276000.0,
        "Interest Expense Non Operating": 11276000.0,
        "Operating Income": 81936000.0,
        "Operating Expense": 140369000.0,
        "Depreciation Amortization Depletion Income Statement": 9177000.0,
        "Depreciation And Amortization In Income Statement": 9177000.0,
        "Amortization": 9177000.0,
        "Amortization Of Intangibles Income Statement": 9177000.0,
        "Research And Development": 25989000.0,
        "Selling General And Administration": 105203000.0,
        "General And Administrative Expense": NaN,
        "Other Gand A": NaN,
        "Salaries And Wages": NaN,
        "Gross Profit": 222305000.0,
        "Cost Of Revenue": 444246000.0,
        "Total Revenue": 666551000.0,
        "Operating Revenue": 666551000.0
    },
    "2023-06-30": {
        "Tax Effect Of Unusual Items": NaN,
        "Tax Rate For Calcs": NaN,
        "Normalized EBITDA": NaN,
        "Total Unusual Items": 0.0,
        "Total Unusual Items Excluding Goodwill": 0.0,
        "Net Income From Continuing Operation Net Minority Interest": NaN,
        "Reconciled Depreciation": NaN,
        "Reconciled Cost Of Revenue": NaN,
        "EBITDA": NaN,
        "EBIT": NaN,
        "Net Interest Income": NaN,
        "Interest Expense": NaN,
        "Normalized Income": NaN,
        "Net Income From Continuing And Discontinued Operation": NaN,
        "Total Expenses": NaN,
        "Total Operating Income As Reported": NaN,
        "Diluted Average Shares": NaN,
        "Basic Average Shares": NaN,
        "Diluted EPS": NaN,
        "Basic EPS": NaN,
        "Diluted NI Availto Com Stockholders": NaN,
        "Net Income Common Stockholders": NaN,
        "Net Income": NaN,
        "Minority Interests": NaN,
        "Net Income Including Noncontrolling Interests": NaN,
        "Net Income Discontinuous Operations": 0.0,
        "Net Income Continuous Operations": NaN,
        "Tax Provision": NaN,
        "Pretax Income": NaN,
        "Other Income Expense": NaN,
        "Other Non Operating Income Expenses": NaN,
        "Special Income Charges": 0.0,
        "Gain On Sale Of Ppe": NaN,
        "Net Non Operating Interest Income Expense": NaN,
        "Interest Expense Non Operating": NaN,
        "Operating Income": NaN,
        "Operating Expense": NaN,
        "Depreciation Amortization Depletion Income Statement": NaN,
        "Depreciation And Amortization In Income Statement": NaN,
        "Amortization": NaN,
        "Amortization Of Intangibles Income Statement": NaN,
        "Research And Development": NaN,
        "Selling General And Administration": NaN,
        "General And Administrative Expense": NaN,
        "Other Gand A": NaN,
        "Salaries And Wages": NaN,
        "Gross Profit": NaN,
        "Cost Of Revenue": NaN,
        "Total Revenue": NaN,
        "Operating Revenue": NaN
    },
    "2022-03-31": {
        "Diluted EPS": 0.79,
        "Total Revenue": 610,
        "Gross Profit": 209,
        "Operating Income": 74,
        "EBIT": 95,
        "Net Income": 36
    },
    "2021-12-31": {
        "Diluted EPS": -1.11,
        "Total Revenue": 612,
        "Gross Profit": 208,
        "Operating Income": 70,
        "EBIT": 93,
        "Net Income": -50
    },
    "2021-09-30": {
        "Diluted EPS": 0.91,
        "Total Revenue": 605,
        "Gross Profit": 203,
        "Operating Income": 75,
        "EBIT": 96,
        "Net Income": 41
    },
    "2021-06-30": {
        "Diluted EPS": 0.97,
        "Total Revenue": 576,
        "Gross Profit": 191,
        "Operating Income": 68,
        "EBIT": 89,
        "Net Income": 44
    },
    "2021-03-31": {
        "Diluted EPS": 0.64,
        "Total Revenue": 509,
        "Gross Profit": 169,
        "Operating Income": 51,
        "EBIT": 73,
        "Net Income": 29
    },
    "2020-12-31": {
        "Diluted EPS": 0.16,
        "Total Revenue": 388,
        "Gross Profit": 88,
        "Operating Income": 67,
        "EBIT": 95,
        "Net Income": 7
    },
    "2020-09-30": {
        "Diluted EPS": 0.38,
        "Total Revenue": 476,
        "Gross Profit": 168,
        "Operating Income": 36,
        "EBIT": 63,
        "Net Income": 17
    },
    "2020-06-30": {
        "Diluted EPS": -1.52,
        "Total Revenue": 425,
        "Gross Profit": 150,
        "Operating Income": 17,
        "EBIT": 44,
        "Net Income": -68
    },
    "2020-03-31": {
        "Diluted EPS": -0.25,
        "Total Revenue": 464,
        "Gross Profit": 171,
        "Operating Income": 30,
        "EBIT": 57,
        "Net Income": -11
    },
    "2019-12-31": {
        "Diluted EPS": -3.93,
        "Total Revenue": 550,
        "Gross Profit": 203,
        "Operating Income": 43,
        "EBIT": 596,
        "Net Income": -147
    },
    "2019-09-30": {
        "Diluted EPS": -6.7,
        "Total Revenue": 533,
        "Gross Profit": 199,
        "Operating Income": 58,
        "EBIT": 93,
        "Net Income": -298
    },
    "2019-06-30": {
        "Diluted EPS": 0.84,
        "Total Revenue": 548,
        "Gross Profit": 205,
        "Operating Income": 59,
        "EBIT": 95,
        "Net Income": 33
    },
    "2019-03-31": {
        "Diluted EPS": 0.42,
        "Total Revenue": 500,
        "Gross Profit": 187,
        "Operating Income": 47,
        "EBIT": 84,
        "Net Income": 16
    },
    "2018-12-31": {
        "Diluted EPS": 0.94,
        "Total Revenue": 236,
        "Gross Profit": 81,
        "Operating Income": 82,
        "EBIT": 119,
        "Net Income": 35
    },
    "2018-09-30": {
        "Diluted EPS": 1.8,
        "Total Revenue": 656,
        "Gross Profit": 261,
        "Operating Income": 131,
        "EBIT": 169,
        "Net Income": 77
    },
    "2018-06-30": {
        "Diluted EPS": 0.49,
        "Total Revenue": 669,
        "Gross Profit": 258,
        "Operating Income": 57,
        "EBIT": 94,
        "Net Income": 20
    },
    "2018-03-31": {
        "Diluted EPS": -0.15,
        "Total Revenue": 606,
        "Gross Profit": 231,
        "Operating Income": 44,
        "EBIT": 81,
        "Net Income": -6
    },
    "2017-12-31": {
        "Diluted EPS": 0.51,
        "Total Revenue": 303,
        "Gross Profit": 97,
        "Operating Income": 58,
        "EBIT": 95,
        "Net Income": 22
    },
    "2017-09-30": {
        "Diluted EPS": -0.18,
        "Total Revenue": 622,
        "Gross Profit": 240,
        "Operating Income": 61,
        "EBIT": 100,
        "Net Income": -8
    },
    "2017-06-30": {
        "Diluted EPS": 0.64,
        "Total Revenue": 611,
        "Gross Profit": 243,
        "Operating Income": 63,
        "EBIT": 101,
        "Net Income": 27
    },
    "2017-03-31": {
        "Diluted EPS": 0.4,
        "Total Revenue": 551,
        "Gross Profit": 222,
        "Operating Income": 52,
        "EBIT": 87,
        "Net Income": 17
    },
    "2016-12-31": {
        "Diluted EPS": 0.58,
        "Total Revenue": 612,
        "Gross Profit": 262,
        "Operating Income": 67,
        "EBIT": 102,
        "Net Income": 25
    },
    "2016-09-30": {
        "Diluted EPS": 0.69,
        "Total Revenue": 601,
        "Gross Profit": 246,
        "Operating Income": 62,
        "EBIT": 97,
        "Net Income": 29
    },
    "2016-06-30": {
        "Diluted EPS": 0.99,
        "Total Revenue": 602,
        "Gross Profit": 248,
        "Operating Income": 62,
        "EBIT": 100,
        "Net Income": 42
    },
    "2016-03-31": {
        "Diluted EPS": 0.39,
        "Total Revenue": 541,
        "Gross Profit": 225,
        "Operating Income": 41,
        "EBIT": 78,
        "Net Income": 16
    },
    "2015-12-31": {
        "Diluted EPS": 1.16,
        "Total Revenue": 597,
        "Gross Profit": 250,
        "Operating Income": 57,
        "EBIT": 94,
        "Net Income": 50
    },
    "2015-09-30": {
        "Diluted EPS": 0.34,
        "Total Revenue": 579,
        "Gross Profit": 226,
        "Operating Income": 35,
        "EBIT": 72,
        "Net Income": 15
    },
    "2015-06-30": {
        "Diluted EPS": 0.5,
        "Total Revenue": 586,
        "Gross Profit": 234,
        "Operating Income": 44,
        "EBIT": 82,
        "Net Income": 22
    },
    "2015-03-31": {
        "Diluted EPS": -0.46,
        "Total Revenue": 547,
        "Gross Profit": 208,
        "Operating Income": 5,
        "EBIT": 43,
        "Net Income": -20
    },
    "2014-12-31": {
        "Diluted EPS": 0.36,
        "Total Revenue": 609,
        "Gross Profit": 218,
        "Operating Income": 43,
        "EBIT": 71,
        "Net Income": 16
    },
    "2014-09-30": {
        "Diluted EPS": 0.77,
        "Total Revenue": 611,
        "Gross Profit": 222,
        "Operating Income": 58,
        "EBIT": 84,
        "Net Income": 34
    },
    "2014-06-30": {
        "Diluted EPS": 0.0,
        "Total Revenue": 601,
        "Gross Profit": 204,
        "Operating Income": 12,
        "EBIT": 40,
        "Net Income": 0
    },
    "2014-03-31": {
        "Diluted EPS": 0.56,
        "Total Revenue": 488,
        "Gross Profit": 176,
        "Operating Income": 50,
        "EBIT": 71,
        "Net Income": 25
    },
    "2013-12-31": {
        "Diluted EPS": 0.51,
        "Total Revenue": 510,
        "Gross Profit": 175,
        "Operating Income": 49,
        "EBIT": 72,
        "Net Income": 23
    },
    "2013-09-30": {
        "Diluted EPS": 0.65,
        "Total Revenue": 522,
        "Gross Profit": 183,
        "Operating Income": 54,
        "EBIT": 78,
        "Net Income": 29
    },
    "2013-06-30": {
        "Diluted EPS": 0.66,
        "Total Revenue": 529,
        "Gross Profit": 179,
        "Operating Income": 54,
        "EBIT": 79,
        "Net Income": 29
    },
    "2013-03-31": {
        "Diluted EPS": 0.49,
        "Total Revenue": 507,
        "Gross Profit": 167,
        "Operating Income": 44,
        "EBIT": 67,
        "Net Income": 22
    },
    "2012-12-31": {
        "Diluted EPS": 3.66,
        "Total Revenue": 478,
        "Gross Profit": 150,
        "Operating Income": 32,
        "EBIT": 50,
        "Net Income": 167
    },
    "2012-09-30": {
        "Diluted EPS": -0.87,
        "Total Revenue": 465,
        "Gross Profit": 139,
        "Operating Income": -13,
        "EBIT": 4,
        "Net Income": -39
    },
    "2012-06-30": {
        "Diluted EPS": 0.92,
        "Total Revenue": 458,
        "Gross Profit": 145,
        "Operating Income": 53,
        "EBIT": 65,
        "Net Income": 42
    },
    "2012-03-31": {
        "Diluted EPS": 0.52,
        "Total Revenue": 440,
        "Gross Profit": 133,
        "Operating Income": 37,
        "EBIT": 49,
        "Net Income": 24
    },
    "2011-12-31": {
        "Diluted EPS": 0.56,
        "Total Revenue": 365,
        "Gross Profit": 102,
        "Operating Income": 13,
        "EBIT": 26,
        "Net Income": 27
    },
    "2011-09-30": {
        "Diluted EPS": 0.65,
        "Total Revenue": 520,
        "Gross Profit": 153,
        "Operating Income": 52,
        "EBIT": 64,
        "Net Income": 31
    },
    "2011-06-30": {
        "Diluted EPS": 0.72,
        "Total Revenue": 536,
        "Gross Profit": 157,
        "Operating Income": 58,
        "EBIT": 70,
        "Net Income": 35
    },
    "2011-03-31": {
        "Diluted EPS": 0.45,
        "Total Revenue": 462,
        "Gross Profit": 130,
        "Operating Income": 42,
        "EBIT": 55,
        "Net Income": 22
    },
    "2010-12-31": {
        "Diluted EPS": 1.18,
        "Total Revenue": 351,
        "Gross Profit": 101,
        "Operating Income": 4,
        "EBIT": 18,
        "Net Income": 56
    },
    "2010-09-30": {
        "Diluted EPS": 0.43,
        "Total Revenue": 397,
        "Gross Profit": 118,
        "Operating Income": 42,
        "EBIT": 54,
        "Net Income": 21
    },
    "2010-06-30": {
        "Diluted EPS": 0.41,
        "Total Revenue": 411,
        "Gross Profit": 117,
        "Operating Income": 40,
        "EBIT": 54,
        "Net Income": 20
    },
    "2010-03-31": {
        "Diluted EPS": 0.25,
        "Total Revenue": 384,
        "Gross Profit": 110,
        "Operating Income": 31,
        "EBIT": 46,
        "Net Income": 12
    },
    "2009-12-31": {
        "Diluted EPS": 0.43,
        "Total Revenue": 335,
        "Gross Profit": 87,
        "Operating Income": 47,
        "EBIT": 62,
        "Net Income": 20
    },
    "2009-09-30": {
        "Diluted EPS": -0.16,
        "Total Revenue": 355,
        "Gross Profit": 108,
        "Operating Income": 21,
        "EBIT": 35,
        "Net Income": -7
    },
    "2009-06-30": {
        "Diluted EPS": -0.1,
        "Total Revenue": 344,
        "Gross Profit": 109,
        "Operating Income": 5,
        "EBIT": 19,
        "Net Income": -5
    },
    "2009-03-31": {
        "Diluted EPS": -0.7,
        "Total Revenue": 329,
        "Gross Profit": 84,
        "Operating Income": -36,
        "EBIT": -23,
        "Net Income": -32
    },
    "2023-09-30": {
        "Tax Effect Of Unusual Items": NaN,
        "Tax Rate For Calcs": NaN,
        "Normalized EBITDA": NaN,
        "Total Unusual Items": 12056000.0,
        "Total Unusual Items Excluding Goodwill": 12056000.0,
        "Net Income From Continuing Operation Net Minority Interest": NaN,
        "Reconciled Depreciation": NaN,
        "Reconciled Cost Of Revenue": NaN,
        "EBITDA": NaN,
        "EBIT": NaN,
        "Net Interest Income": NaN,
        "Interest Expense": NaN,
        "Normalized Income": NaN,
        "Net Income From Continuing And Discontinued Operation": NaN,
        "Total Expenses": NaN,
        "Total Operating Income As Reported": NaN,
        "Diluted Average Shares": NaN,
        "Basic Average Shares": NaN,
        "Diluted EPS": NaN,
        "Basic EPS": NaN,
        "Diluted NI Availto Com Stockholders": NaN,
        "Net Income Common Stockholders": NaN,
        "Net Income": NaN,
        "Minority Interests": NaN,
        "Net Income Including Noncontrolling Interests": NaN,
        "Net Income Discontinuous Operations": 0.0,
        "Net Income Continuous Operations": NaN,
        "Tax Provision": NaN,
        "Pretax Income": NaN,
        "Other Income Expense": 12384000.0,
        "Other Non Operating Income Expenses": 328000.0,
        "Special Income Charges": 12056000.0,
        "Gain On Sale Of Ppe": 12056000.0,
        "Net Non Operating Interest Income Expense": NaN,
        "Interest Expense Non Operating": NaN,
        "Operating Income": NaN,
        "Operating Expense": NaN,
        "Depreciation Amortization Depletion Income Statement": NaN,
        "Depreciation And Amortization In Income Statement": NaN,
        "Amortization": NaN,
        "Amortization Of Intangibles Income Statement": NaN,
        "Research And Development": NaN,
        "Selling General And Administration": NaN,
        "General And Administrative Expense": NaN,
        "Other Gand A": NaN,
        "Salaries And Wages": NaN,
        "Gross Profit": NaN,
        "Cost Of Revenue": NaN,
        "Total Revenue": NaN,
        "Operating Revenue": NaN
    },
    "2023-12-31": {
        "Tax Effect Of Unusual Items": NaN,
        "Tax Rate For Calcs": NaN,
        "Normalized EBITDA": NaN,
        "Total Unusual Items": 0.0,
        "Total Unusual Items Excluding Goodwill": 0.0,
        "Net Income From Continuing Operation Net Minority Interest": NaN,
        "Reconciled Depreciation": NaN,
        "Reconciled Cost Of Revenue": NaN,
        "EBITDA": NaN,
        "EBIT": NaN,
        "Net Interest Income": NaN,
        "Interest Expense": NaN,
        "Normalized Income": NaN,
        "Net Income From Continuing And Discontinued Operation": NaN,
        "Total Expenses": NaN,
        "Total Operating Income As Reported": NaN,
        "Diluted Average Shares": NaN,
        "Basic Average Shares": NaN,
        "Diluted EPS": NaN,
        "Basic EPS": NaN,
        "Diluted NI Availto Com Stockholders": NaN,
        "Net Income Common Stockholders": NaN,
        "Net Income": NaN,
        "Minority Interests": NaN,
        "Net Income Including Noncontrolling Interests": NaN,
        "Net Income Discontinuous Operations": 0.0,
        "Net Income Continuous Operations": NaN,
        "Tax Provision": NaN,
        "Pretax Income": NaN,
        "Other Income Expense": 401000.0,
        "Other Non Operating Income Expenses": 401000.0,
        "Special Income Charges": 0.0,
        "Gain On Sale Of Ppe": 0.0,
        "Net Non Operating Interest Income Expense": NaN,
        "Interest Expense Non Operating": NaN,
        "Operating Income": NaN,
        "Operating Expense": NaN,
        "Depreciation Amortization Depletion Income Statement": NaN,
        "Depreciation And Amortization In Income Statement": NaN,
        "Amortization": NaN,
        "Amortization Of Intangibles Income Statement": NaN,
        "Research And Development": NaN,
        "Selling General And Administration": NaN,
        "General And Administrative Expense": NaN,
        "Other Gand A": NaN,
        "Salaries And Wages": NaN,
        "Gross Profit": NaN,
        "Cost Of Revenue": NaN,
        "Total Revenue": NaN,
        "Operating Revenue": NaN
    },
    "2024-03-31": {
        "Tax Effect Of Unusual Items": NaN,
        "Tax Rate For Calcs": NaN,
        "Normalized EBITDA": NaN,
        "Total Unusual Items": NaN,
        "Total Unusual Items Excluding Goodwill": NaN,
        "Net Income From Continuing Operation Net Minority Interest": NaN,
        "Reconciled Depreciation": NaN,
        "Reconciled Cost Of Revenue": NaN,
        "EBITDA": NaN,
        "EBIT": NaN,
        "Net Interest Income": NaN,
        "Interest Expense": NaN,
        "Normalized Income": NaN,
        "Net Income From Continuing And Discontinued Operation": NaN,
        "Total Expenses": NaN,
        "Total Operating Income As Reported": NaN,
        "Diluted Average Shares": NaN,
        "Basic Average Shares": NaN,
        "Diluted EPS": NaN,
        "Basic EPS": NaN,
        "Diluted NI Availto Com Stockholders": NaN,
        "Net Income Common Stockholders": NaN,
        "Net Income": NaN,
        "Minority Interests": NaN,
        "Net Income Including Noncontrolling Interests": NaN,
        "Net Income Discontinuous Operations": NaN,
        "Net Income Continuous Operations": NaN,
        "Tax Provision": NaN,
        "Pretax Income": NaN,
        "Other Income Expense": NaN,
        "Other Non Operating Income Expenses": NaN,
        "Special Income Charges": NaN,
        "Gain On Sale Of Ppe": NaN,
        "Net Non Operating Interest Income Expense": NaN,
        "Interest Expense Non Operating": NaN,
        "Operating Income": NaN,
        "Operating Expense": NaN,
        "Depreciation Amortization Depletion Income Statement": NaN,
        "Depreciation And Amortization In Income Statement": NaN,
        "Amortization": NaN,
        "Amortization Of Intangibles Income Statement": NaN,
        "Research And Development": NaN,
        "Selling General And Administration": NaN,
        "General And Administrative Expense": 110537000.0,
        "Other Gand A": 110768000.0,
        "Salaries And Wages": -231000.0,
        "Gross Profit": NaN,
        "Cost Of Revenue": NaN,
        "Total Revenue": NaN,
        "Operating Revenue": NaN
    },
    "2024-06-30": {
        "Tax Effect Of Unusual Items": 0.0,
        "Tax Rate For Calcs": 0.184,
        "Normalized EBITDA": 95123000.0,
        "Total Unusual Items": NaN,
        "Total Unusual Items Excluding Goodwill": NaN,
        "Net Income From Continuing Operation Net Minority Interest": 49044000.0,
        "Reconciled Depreciation": 25981000.0,
        "Reconciled Cost Of Revenue": 361489000.0,
        "EBITDA": 95123000.0,
        "EBIT": 69142000.0,
        "Net Interest Income": -9017000.0,
        "Interest Expense": 9017000.0,
        "Normalized Income": 49044000.0,
        "Net Income From Continuing And Discontinued Operation": 49044000.0,
        "Total Expenses": 535424000.0,
        "Total Operating Income As Reported": 68912000.0,
        "Diluted Average Shares": 41204000.0,
        "Basic Average Shares": 40690000.0,
        "Diluted EPS": 1.19,
        "Basic EPS": 1.21,
        "Diluted NI Availto Com Stockholders": 49044000.0,
        "Net Income Common Stockholders": 49044000.0,
        "Net Income": 49044000.0,
        "Minority Interests": 10000.0,
        "Net Income Including Noncontrolling Interests": 49034000.0,
        "Net Income Discontinuous Operations": NaN,
        "Net Income Continuous Operations": 49034000.0,
        "Tax Provision": 11091000.0,
        "Pretax Income": 60125000.0,
        "Other Income Expense": 230000.0,
        "Other Non Operating Income Expenses": 230000.0,
        "Special Income Charges": NaN,
        "Gain On Sale Of Ppe": NaN,
        "Net Non Operating Interest Income Expense": -9017000.0,
        "Interest Expense Non Operating": 9017000.0,
        "Operating Income": 68912000.0,
        "Operating Expense": 157894000.0,
        "Depreciation Amortization Depletion Income Statement": 9940000.0,
        "Depreciation And Amortization In Income Statement": 9940000.0,
        "Amortization": 9940000.0,
        "Amortization Of Intangibles Income Statement": 9940000.0,
        "Research And Development": 28457000.0,
        "Selling General And Administration": 119497000.0,
        "General And Administrative Expense": NaN,
        "Other Gand A": NaN,
        "Salaries And Wages": NaN,
        "Gross Profit": 226806000.0,
        "Cost Of Revenue": 377530000.0,
        "Total Revenue": 604336000.0,
        "Operating Revenue": 604336000.0
    },
    "2024-09-30": {
        "Tax Effect Of Unusual Items": 0.0,
        "Tax Rate For Calcs": 0.171,
        "Normalized EBITDA": 106706000.0,
        "Total Unusual Items": 0.0,
        "Total Unusual Items Excluding Goodwill": 0.0,
        "Net Income From Continuing Operation Net Minority Interest": 53692000.0,
        "Reconciled Depreciation": 31071000.0,
        "Reconciled Cost Of Revenue": 393589000.0,
        "EBITDA": 106706000.0,
        "EBIT": 75635000.0,
        "Net Interest Income": -10855000.0,
        "Interest Expense": 10855000.0,
        "Normalized Income": 53692000.0,
        "Net Income From Continuing And Discontinued Operation": 53692000.0,
        "Total Expenses": 579577000.0,
        "Total Operating Income As Reported": 75349000.0,
        "Diluted Average Shares": 41417000.0,
        "Basic Average Shares": 40798000.0,
        "Diluted EPS": 1.3,
        "Basic EPS": 1.32,
        "Diluted NI Availto Com Stockholders": 53692000.0,
        "Net Income Common Stockholders": 53692000.0,
        "Net Income": 53692000.0,
        "Minority Interests": 3000.0,
        "Net Income Including Noncontrolling Interests": 53689000.0,
        "Net Income Discontinuous Operations": NaN,
        "Net Income Continuous Operations": 53689000.0,
        "Tax Provision": 11091000.0,
        "Pretax Income": 64780000.0,
        "Other Income Expense": 286000.0,
        "Other Non Operating Income Expenses": 286000.0,
        "Special Income Charges": 0.0,
        "Gain On Sale Of Ppe": 0.0,
        "Net Non Operating Interest Income Expense": -10855000.0,
        "Interest Expense Non Operating": 10855000.0,
        "Operating Income": 75349000.0,
        "Operating Expense": 168655000.0,
        "Depreciation Amortization Depletion Income Statement": 13738000.0,
        "Depreciation And Amortization In Income Statement": 13738000.0,
        "Amortization": 13738000.0,
        "Amortization Of Intangibles Income Statement": 13738000.0,
        "Research And Development": 27941000.0,
        "Selling General And Administration": 126976000.0,
        "General And Administrative Expense": NaN,
        "Other Gand A": NaN,
        "Salaries And Wages": NaN,
        "Gross Profit": 244004000.0,
        "Cost Of Revenue": 410922000.0,
        "Total Revenue": 654926000.0,
        "Operating Revenue": 654926000.0
    },
    "2024-12-31": {
        "Tax Effect Of Unusual Items": 0.0,
        "Tax Rate For Calcs": 0.21,
        "Normalized EBITDA": 99919000.0,
        "Total Unusual Items": 0.0,
        "Total Unusual Items Excluding Goodwill": 0.0,
        "Net Income From Continuing Operation Net Minority Interest": 58384000.0,
        "Reconciled Depreciation": 31702000.0,
        "Reconciled Cost Of Revenue": 398831000.0,
        "EBITDA": 99919000.0,
        "EBIT": 68217000.0,
        "Net Interest Income": -10849000.0,
        "Interest Expense": 10849000.0,
        "Normalized Income": 58384000.0,
        "Net Income From Continuing And Discontinued Operation": 58384000.0,
        "Total Expenses": 596863000.0,
        "Total Operating Income As Reported": 69179000.0,
        "Diluted Average Shares": 41087000.0,
        "Basic Average Shares": 40312000.0,
        "Diluted EPS": 1.42,
        "Basic EPS": 1.45,
        "Diluted NI Availto Com Stockholders": 58384000.0,
        "Net Income Common Stockholders": 58384000.0,
        "Net Income": 58384000.0,
        "Minority Interests": 2000.0,
        "Net Income Including Noncontrolling Interests": 58382000.0,
        "Net Income Discontinuous Operations": NaN,
        "Net Income Continuous Operations": 58382000.0,
        "Tax Provision": -1014000.0,
        "Pretax Income": 57368000.0,
        "Other Income Expense": -962000.0,
        "Other Non Operating Income Expenses": -962000.0,
        "Special Income Charges": 0.0,
        "Gain On Sale Of Ppe": 0.0,
        "Net Non Operating Interest Income Expense": -10849000.0,
        "Interest Expense Non Operating": 10849000.0,
        "Operating Income": 69179000.0,
        "Operating Expense": 180637000.0,
        "Depreciation Amortization Depletion Income Statement": 14307000.0,
        "Depreciation And Amortization In Income Statement": 14307000.0,
        "Amortization": 14307000.0,
        "Amortization Of Intangibles Income Statement": 14307000.0,
        "Research And Development": 28968000.0,
        "Selling General And Administration": 137362000.0,
        "General And Administrative Expense": NaN,
        "Other Gand A": NaN,
        "Salaries And Wages": NaN,
        "Gross Profit": 249816000.0,
        "Cost Of Revenue": 416226000.0,
        "Total Revenue": 666042000.0,
        "Operating Revenue": 666042000.0
    },
    "2025-03-31": {
        "Tax Effect Of Unusual Items": 0.0,
        "Tax Rate For Calcs": 0.163,
        "Normalized EBITDA": 101969000.0,
        "Total Unusual Items": NaN,
        "Total Unusual Items Excluding Goodwill": NaN,
        "Net Income From Continuing Operation Net Minority Interest": 51937000.0,
        "Reconciled Depreciation": 29784000.0,
        "Reconciled Cost Of Revenue": 362512000.0,
        "EBITDA": 101969000.0,
        "EBIT": 72185000.0,
        "Net Interest Income": -10104000.0,
        "Interest Expense": 10104000.0,
        "Normalized Income": 51937000.0,
        "Net Income From Continuing And Discontinued Operation": 51937000.0,
        "Total Expenses": 552676000.0,
        "Total Operating Income As Reported": 72626000.0,
        "Diluted Average Shares": 40844000.0,
        "Basic Average Shares": 40166000.0,
        "Diluted EPS": 1.27,
        "Basic EPS": 1.29,
        "Diluted NI Availto Com Stockholders": 51937000.0,
        "Net Income Common Stockholders": 51937000.0,
        "Net Income": 51937000.0,
        "Minority Interests": 0.0,
        "Net Income Including Noncontrolling Interests": 51937000.0,
        "Net Income Discontinuous Operations": NaN,
        "Net Income Continuous Operations": 51937000.0,
        "Tax Provision": 10144000.0,
        "Pretax Income": 62081000.0,
        "Other Income Expense": NaN,
        "Other Non Operating Income Expenses": NaN,
        "Special Income Charges": NaN,
        "Gain On Sale Of Ppe": NaN,
        "Net Non Operating Interest Income Expense": -10104000.0,
        "Interest Expense Non Operating": 10104000.0,
        "Operating Income": 72185000.0,
        "Operating Expense": 173655000.0,
        "Depreciation Amortization Depletion Income Statement": 13275000.0,
        "Depreciation And Amortization In Income Statement": 13275000.0,
        "Amortization": 13275000.0,
        "Amortization Of Intangibles Income Statement": 13275000.0,
        "Research And Development": 28417000.0,
        "Selling General And Administration": 131963000.0,
        "General And Administrative Expense": 131963000.0,
        "Other Gand A": 131522000.0,
        "Salaries And Wages": 441000.0,
        "Gross Profit": 245840000.0,
        "Cost Of Revenue": 379021000.0,
        "Total Revenue": 624861000.0,
        "Operating Revenue": 624861000.0
    },
    "2025-06-30": {
        "Tax Effect Of Unusual Items": 0.0,
        "Tax Rate For Calcs": 0.085,
        "Normalized EBITDA": 110939000.0,
        "Total Unusual Items": NaN,
        "Total Unusual Items Excluding Goodwill": NaN,
        "Net Income From Continuing Operation Net Minority Interest": 61006000.0,
        "Reconciled Depreciation": 32067000.0,
        "Reconciled Cost Of Revenue": 394827000.0,
        "EBITDA": 110939000.0,
        "EBIT": 78872000.0,
        "Net Interest Income": -12200000.0,
        "Interest Expense": 12200000.0,
        "Normalized Income": 61006000.0,
        "Net Income From Continuing And Discontinued Operation": 61006000.0,
        "Total Expenses": 592756000.0,
        "Total Operating Income As Reported": 79236000.0,
        "Diluted Average Shares": 40002000.0,
        "Basic Average Shares": 39511000.0,
        "Diluted EPS": 1.53,
        "Basic EPS": 1.54,
        "Diluted NI Availto Com Stockholders": 61006000.0,
        "Net Income Common Stockholders": 61006000.0,
        "Net Income": 61006000.0,
        "Minority Interests": 0.0,
        "Net Income Including Noncontrolling Interests": 61006000.0,
        "Net Income Discontinuous Operations": NaN,
        "Net Income Continuous Operations": 61006000.0,
        "Tax Provision": 5666000.0,
        "Pretax Income": 66672000.0,
        "Other Income Expense": -364000.0,
        "Other Non Operating Income Expenses": -364000.0,
        "Special Income Charges": NaN,
        "Gain On Sale Of Ppe": NaN,
        "Net Non Operating Interest Income Expense": -12200000.0,
        "Interest Expense Non Operating": 12200000.0,
        "Operating Income": 79236000.0,
        "Operating Expense": 179332000.0,
        "Depreciation Amortization Depletion Income Statement": 13470000.0,
        "Depreciation And Amortization In Income Statement": 13470000.0,
        "Amortization": 13470000.0,
        "Amortization Of Intangibles Income Statement": 13470000.0,
        "Research And Development": 33940000.0,
        "Selling General And Administration": 131922000.0,
        "General And Administrative Expense": NaN,
        "Other Gand A": NaN,
        "Salaries And Wages": NaN,
        "Gross Profit": 258568000.0,
        "Cost Of Revenue": 413424000.0,
        "Total Revenue": 671992000.0,
        "Operating Revenue": 671992000.0
    }
}