{
    "2023-03-31": {
        "Tax Effect Of Unusual Items": NaN,
        "Tax Rate For Calcs": NaN,
        "Normalized EBITDA": NaN,
        "Total Unusual Items": 0.0,
        "Total Unusual Items Excluding Goodwill": 0.0,
        "Net Income From Continuing Operation Net Minority Interest": NaN,
        "Reconciled Depreciation": NaN,
        "Reconciled Cost Of Revenue": NaN,
        "EBITDA": NaN,
        "EBIT": NaN,
        "Net Interest Income": NaN,
        "Interest Expense": NaN,
        "Normalized Income": NaN,
        "Net Income From Continuing And Discontinued Operation": NaN,
        "Total Expenses": NaN,
        "Total Operating Income As Reported": NaN,
        "Diluted Average Shares": NaN,
        "Basic Average Shares": NaN,
        "Diluted EPS": NaN,
        "Basic EPS": NaN,
        "Diluted NI Availto Com Stockholders": NaN,
        "Net Income Common Stockholders": NaN,
        "Otherunder Preferred Stock Dividend": NaN,
        "Preferred Stock Dividends": 6000000.0,
        "Net Income": NaN,
        "Net Income Including Noncontrolling Interests": NaN,
        "Net Income Continuous Operations": NaN,
        "Tax Provision": NaN,
        "Pretax Income": NaN,
        "Other Income Expense": NaN,
        "Special Income Charges": 0.0,
        "Other Special Charges": NaN,
        "Net Non Operating Interest Income Expense": NaN,
        "Interest Expense Non Operating": NaN,
        "Operating Income": NaN,
        "Operating Expense": NaN,
        "Depreciation Amortization Depletion Income Statement": NaN,
        "Depreciation And Amortization In Income Statement": NaN,
        "Amortization": NaN,
        "Amortization Of Intangibles Income Statement": NaN,
        "Depreciation Income Statement": NaN,
        "Selling General And Administration": NaN,
        "Gross Profit": NaN,
        "Cost Of Revenue": NaN,
        "Total Revenue": NaN,
        "Operating Revenue": NaN
    },
    "2022-12-31": {
        "Tax Effect Of Unusual Items": NaN,
        "Tax Rate For Calcs": NaN,
        "Normalized EBITDA": NaN,
        "Total Unusual Items": 0.0,
        "Total Unusual Items Excluding Goodwill": 0.0,
        "Net Income From Continuing Operation Net Minority Interest": NaN,
        "Reconciled Depreciation": NaN,
        "Reconciled Cost Of Revenue": NaN,
        "EBITDA": NaN,
        "EBIT": NaN,
        "Net Interest Income": NaN,
        "Interest Expense": NaN,
        "Normalized Income": NaN,
        "Net Income From Continuing And Discontinued Operation": NaN,
        "Total Expenses": NaN,
        "Total Operating Income As Reported": NaN,
        "Diluted Average Shares": NaN,
        "Basic Average Shares": NaN,
        "Diluted EPS": NaN,
        "Basic EPS": NaN,
        "Diluted NI Availto Com Stockholders": NaN,
        "Net Income Common Stockholders": NaN,
        "Otherunder Preferred Stock Dividend": NaN,
        "Preferred Stock Dividends": 6000000.0,
        "Net Income": NaN,
        "Net Income Including Noncontrolling Interests": NaN,
        "Net Income Discontinuous Operations": 0.0,
        "Net Income Continuous Operations": NaN,
        "Tax Provision": NaN,
        "Pretax Income": NaN,
        "Other Income Expense": NaN,
        "Special Income Charges": 0.0,
        "Other Special Charges": NaN,
        "Net Non Operating Interest Income Expense": NaN,
        "Interest Expense Non Operating": NaN,
        "Operating Income": NaN,
        "Operating Expense": NaN,
        "Depreciation Amortization Depletion Income Statement": NaN,
        "Depreciation And Amortization In Income Statement": NaN,
        "Amortization": NaN,
        "Amortization Of Intangibles Income Statement": NaN,
        "Depreciation Income Statement": NaN,
        "Selling General And Administration": NaN,
        "Gross Profit": NaN,
        "Cost Of Revenue": NaN,
        "Total Revenue": NaN,
        "Operating Revenue": NaN
    },
    "2022-09-30": {
        "Tax Effect Of Unusual Items": NaN,
        "Tax Rate For Calcs": NaN,
        "Normalized EBITDA": NaN,
        "Total Unusual Items": 0.0,
        "Total Unusual Items Excluding Goodwill": 0.0,
        "Net Income From Continuing Operation Net Minority Interest": NaN,
        "Reconciled Depreciation": NaN,
        "Reconciled Cost Of Revenue": NaN,
        "EBITDA": NaN,
        "EBIT": NaN,
        "Net Interest Income": NaN,
        "Interest Expense": NaN,
        "Normalized Income": NaN,
        "Net Income From Continuing And Discontinued Operation": NaN,
        "Total Expenses": NaN,
        "Total Operating Income As Reported": NaN,
        "Diluted Average Shares": NaN,
        "Basic Average Shares": NaN,
        "Diluted EPS": NaN,
        "Basic EPS": NaN,
        "Diluted NI Availto Com Stockholders": NaN,
        "Net Income Common Stockholders": NaN,
        "Otherunder Preferred Stock Dividend": NaN,
        "Preferred Stock Dividends": NaN,
        "Net Income": NaN,
        "Net Income Including Noncontrolling Interests": NaN,
        "Net Income Discontinuous Operations": 0.0,
        "Net Income Continuous Operations": NaN,
        "Tax Provision": NaN,
        "Pretax Income": NaN,
        "Other Income Expense": NaN,
        "Special Income Charges": 0.0,
        "Other Special Charges": NaN,
        "Net Non Operating Interest Income Expense": NaN,
        "Interest Expense Non Operating": NaN,
        "Operating Income": NaN,
        "Operating Expense": NaN,
        "Depreciation Amortization Depletion Income Statement": NaN,
        "Depreciation And Amortization In Income Statement": NaN,
        "Amortization": NaN,
        "Amortization Of Intangibles Income Statement": NaN,
        "Depreciation Income Statement": NaN,
        "Selling General And Administration": NaN,
        "Gross Profit": NaN,
        "Cost Of Revenue": NaN,
        "Total Revenue": NaN,
        "Operating Revenue": NaN
    },
    "2022-06-30": {
        "Tax Effect Of Unusual Items": 0.0,
        "Tax Rate For Calcs": 0.269,
        "Normalized EBITDA": 294800000.0,
        "Total Unusual Items": 0.0,
        "Total Unusual Items Excluding Goodwill": 0.0,
        "Net Income From Continuing Operation Net Minority Interest": 174500000.0,
        "Reconciled Depreciation": 40400000.0,
        "Reconciled Cost Of Revenue": 1708000000.0,
        "EBITDA": 294800000.0,
        "EBIT": 254400000.0,
        "Net Interest Income": -18900000.0,
        "Interest Expense": 18900000.0,
        "Normalized Income": 174500000.0,
        "Net Income From Continuing And Discontinued Operation": 174500000.0,
        "Total Expenses": 2103800000.0,
        "Total Operating Income As Reported": 254400000.0,
        "Diluted Average Shares": 69500000.0,
        "Basic Average Shares": 68100000.0,
        "Diluted EPS": 2.12,
        "Basic EPS": 2.17,
        "Diluted NI Availto Com Stockholders": 168500000.0,
        "Net Income Common Stockholders": 168500000.0,
        "Otherunder Preferred Stock Dividend": 20900000.0,
        "Preferred Stock Dividends": 6000000.0,
        "Net Income": 174500000.0,
        "Net Income Including Noncontrolling Interests": 174500000.0,
        "Net Income Discontinuous Operations": 0.0,
        "Net Income Continuous Operations": 174500000.0,
        "Tax Provision": 61000000.0,
        "Pretax Income": 235500000.0,
        "Special Income Charges": 0.0,
        "Gain On Sale Of Business": NaN,
        "Net Non Operating Interest Income Expense": -18900000.0,
        "Interest Expense Non Operating": 18900000.0,
        "Operating Income": 254400000.0,
        "Operating Expense": 395800000.0,
        "Depreciation Amortization Depletion Income Statement": 40400000.0,
        "Depreciation And Amortization In Income Statement": 40400000.0,
        "Amortization": 21500000.0,
        "Amortization Of Intangibles Income Statement": 21500000.0,
        "Depreciation Income Statement": 18900000.0,
        "Selling General And Administration": 355400000.0,
        "Gross Profit": 650200000.0,
        "Cost Of Revenue": 1708000000.0,
        "Total Revenue": 2358200000.0,
        "Operating Revenue": 2358200000.0
    },
    "2022-03-31": {
        "Diluted EPS": 0.61,
        "Total Revenue": NaN,
        "Gross Profit": 440,
        "Operating Income": 91,
        "EBIT": 130,
        "Net Income": 44
    },
    "2021-12-31": {
        "Diluted EPS": 0.76,
        "Total Revenue": NaN,
        "Gross Profit": 462,
        "Operating Income": 106,
        "EBIT": 22,
        "Net Income": 62
    },
    "2021-09-30": {
        "Diluted EPS": 1.22,
        "Total Revenue": NaN,
        "Gross Profit": 508,
        "Operating Income": 158,
        "EBIT": 198,
        "Net Income": 99
    },
    "2021-06-30": {
        "Diluted EPS": 0.87,
        "Total Revenue": NaN,
        "Gross Profit": 517,
        "Operating Income": 181,
        "EBIT": 221,
        "Net Income": 71
    },
    "2021-03-31": {
        "Diluted EPS": -0.18,
        "Total Revenue": NaN,
        "Gross Profit": 333,
        "Operating Income": 23,
        "EBIT": 65,
        "Net Income": -12
    },
    "2020-12-31": {
        "Diluted EPS": -3.24,
        "Total Revenue": NaN,
        "Gross Profit": 400,
        "Operating Income": NaN,
        "EBIT": NaN,
        "Net Income": -227
    },
    "2020-09-30": {
        "Diluted EPS": 0.0,
        "Total Revenue": NaN,
        "Gross Profit": NaN,
        "Operating Income": NaN,
        "EBIT": NaN,
        "Net Income": NaN
    },
    "2020-06-30": {
        "Diluted EPS": -0.18,
        "Total Revenue": NaN,
        "Gross Profit": 369,
        "Operating Income": 75,
        "EBIT": 137,
        "Net Income": -13
    },
    "2020-03-31": {
        "Diluted EPS": -1.87,
        "Total Revenue": NaN,
        "Gross Profit": 270,
        "Operating Income": -176,
        "EBIT": 93,
        "Net Income": -129
    },
    "2019-12-31": {
        "Diluted EPS": -0.43,
        "Total Revenue": NaN,
        "Gross Profit": 340,
        "Operating Income": NaN,
        "EBIT": NaN,
        "Net Income": -29
    },
    "2019-09-30": {
        "Diluted EPS": 0.0,
        "Total Revenue": NaN,
        "Gross Profit": NaN,
        "Operating Income": NaN,
        "EBIT": NaN,
        "Net Income": NaN
    },
    "2019-06-30": {
        "Diluted EPS": 0.32,
        "Total Revenue": NaN,
        "Gross Profit": 473,
        "Operating Income": 74,
        "EBIT": 144,
        "Net Income": 25
    },
    "2019-03-31": {
        "Diluted EPS": -1.08,
        "Total Revenue": NaN,
        "Gross Profit": 335,
        "Operating Income": -55,
        "EBIT": 85,
        "Net Income": -74
    },
    "2018-12-31": {
        "Diluted EPS": -0.1,
        "Total Revenue": NaN,
        "Gross Profit": 436,
        "Operating Income": NaN,
        "EBIT": NaN,
        "Net Income": -7
    },
    "2018-09-30": {
        "Diluted EPS": 0.0,
        "Total Revenue": NaN,
        "Gross Profit": NaN,
        "Operating Income": NaN,
        "EBIT": NaN,
        "Net Income": NaN
    },
    "2018-06-30": {
        "Diluted EPS": 0.55,
        "Total Revenue": NaN,
        "Gross Profit": 494,
        "Operating Income": 105,
        "EBIT": 171,
        "Net Income": 43
    },
    "2018-03-31": {
        "Diluted EPS": -1.07,
        "Total Revenue": NaN,
        "Gross Profit": 338,
        "Operating Income": -57,
        "EBIT": 24,
        "Net Income": -73
    },
    "2017-12-31": {
        "Diluted EPS": 0.98,
        "Total Revenue": NaN,
        "Gross Profit": 270,
        "Operating Income": NaN,
        "EBIT": NaN,
        "Net Income": 68
    },
    "2017-09-30": {
        "Diluted EPS": 0.0,
        "Total Revenue": NaN,
        "Gross Profit": NaN,
        "Operating Income": NaN,
        "EBIT": NaN,
        "Net Income": NaN
    },
    "2017-06-30": {
        "Diluted EPS": 0.73,
        "Total Revenue": NaN,
        "Gross Profit": 298,
        "Operating Income": 85,
        "EBIT": 114,
        "Net Income": 45
    },
    "2017-03-31": {
        "Diluted EPS": -0.16,
        "Total Revenue": 871,
        "Gross Profit": 204,
        "Operating Income": -3,
        "EBIT": 54,
        "Net Income": -9
    },
    "2016-12-31": {
        "Diluted EPS": 0.33,
        "Total Revenue": NaN,
        "Gross Profit": 251,
        "Operating Income": NaN,
        "EBIT": NaN,
        "Net Income": 20
    },
    "2016-09-30": {
        "Diluted EPS": 0.0,
        "Total Revenue": NaN,
        "Gross Profit": NaN,
        "Operating Income": NaN,
        "EBIT": NaN,
        "Net Income": NaN
    },
    "2016-06-30": {
        "Diluted EPS": 0.68,
        "Total Revenue": NaN,
        "Gross Profit": 282,
        "Operating Income": 78,
        "EBIT": 104,
        "Net Income": 41
    },
    "2016-03-31": {
        "Diluted EPS": -0.1,
        "Total Revenue": 824,
        "Gross Profit": 196,
        "Operating Income": 4,
        "EBIT": 52,
        "Net Income": -6
    },
    "2015-12-31": {
        "Diluted EPS": 0.12,
        "Total Revenue": 976,
        "Gross Profit": 233,
        "Operating Income": 976,
        "EBIT": 976,
        "Net Income": 7
    },
    "2015-09-30": {
        "Diluted EPS": 0.0,
        "Total Revenue": NaN,
        "Gross Profit": NaN,
        "Operating Income": NaN,
        "EBIT": NaN,
        "Net Income": NaN
    },
    "2015-06-30": {
        "Diluted EPS": 0.56,
        "Total Revenue": 718,
        "Gross Profit": 169,
        "Operating Income": 48,
        "EBIT": 57,
        "Net Income": 28
    },
    "2015-03-31": {
        "Diluted EPS": -0.2,
        "Total Revenue": 413,
        "Gross Profit": 97,
        "Operating Income": -14,
        "EBIT": 2,
        "Net Income": -10
    },
    "2014-12-31": {
        "Diluted EPS": 0.26,
        "Total Revenue": 596,
        "Gross Profit": 138,
        "Operating Income": 596,
        "EBIT": 596,
        "Net Income": 13
    },
    "2014-09-30": {
        "Diluted EPS": 0.0,
        "Total Revenue": NaN,
        "Gross Profit": NaN,
        "Operating Income": NaN,
        "EBIT": NaN,
        "Net Income": NaN
    },
    "2014-06-30": {
        "Diluted EPS": 0.54,
        "Total Revenue": 663,
        "Gross Profit": 151,
        "Operating Income": 46,
        "EBIT": 53,
        "Net Income": 27
    },
    "2014-03-31": {
        "Diluted EPS": -0.25,
        "Total Revenue": 385,
        "Gross Profit": 87,
        "Operating Income": -17,
        "EBIT": -2,
        "Net Income": -12
    },
    "2013-12-31": {
        "Diluted EPS": 0.3,
        "Total Revenue": 552,
        "Gross Profit": 127,
        "Operating Income": 552,
        "EBIT": 552,
        "Net Income": 15
    },
    "2013-09-30": {
        "Diluted EPS": 0.0,
        "Total Revenue": NaN,
        "Gross Profit": NaN,
        "Operating Income": NaN,
        "EBIT": NaN,
        "Net Income": NaN
    },
    "2013-06-30": {
        "Diluted EPS": 0.55,
        "Total Revenue": 627,
        "Gross Profit": 147,
        "Operating Income": 48,
        "EBIT": 56,
        "Net Income": 27
    },
    "2013-03-31": {
        "Diluted EPS": 0.0,
        "Total Revenue": 416,
        "Gross Profit": 100,
        "Operating Income": 2,
        "EBIT": 17,
        "Net Income": 0
    },
    "2012-12-31": {
        "Diluted EPS": 0.37,
        "Total Revenue": 514,
        "Gross Profit": 127,
        "Operating Income": 514,
        "EBIT": 514,
        "Net Income": 18
    },
    "2012-09-30": {
        "Diluted EPS": 0.0,
        "Total Revenue": NaN,
        "Gross Profit": NaN,
        "Operating Income": NaN,
        "EBIT": NaN,
        "Net Income": NaN
    },
    "2012-06-30": {
        "Diluted EPS": 0.53,
        "Total Revenue": 561,
        "Gross Profit": 141,
        "Operating Income": 51,
        "EBIT": 57,
        "Net Income": 25
    },
    "2012-03-31": {
        "Diluted EPS": 0.07,
        "Total Revenue": 395,
        "Gross Profit": 94,
        "Operating Income": 10,
        "EBIT": 22,
        "Net Income": 3
    },
    "2011-12-31": {
        "Diluted EPS": 0.41,
        "Total Revenue": 490,
        "Gross Profit": 117,
        "Operating Income": 490,
        "EBIT": 490,
        "Net Income": 19
    },
    "2011-09-30": {
        "Diluted EPS": 0.0,
        "Total Revenue": NaN,
        "Gross Profit": NaN,
        "Operating Income": NaN,
        "EBIT": NaN,
        "Net Income": NaN
    },
    "2011-06-30": {
        "Diluted EPS": 0.51,
        "Total Revenue": 541,
        "Gross Profit": 127,
        "Operating Income": 43,
        "EBIT": 49,
        "Net Income": 24
    },
    "2011-03-31": {
        "Diluted EPS": -0.13,
        "Total Revenue": 296,
        "Gross Profit": 65,
        "Operating Income": -7,
        "EBIT": 6,
        "Net Income": -6
    },
    "2010-12-31": {
        "Diluted EPS": 0.22,
        "Total Revenue": 405,
        "Gross Profit": 95,
        "Operating Income": 405,
        "EBIT": 405,
        "Net Income": 10
    },
    "2010-09-30": {
        "Diluted EPS": 0.0,
        "Total Revenue": NaN,
        "Gross Profit": NaN,
        "Operating Income": NaN,
        "EBIT": NaN,
        "Net Income": NaN
    },
    "2010-06-30": {
        "Diluted EPS": 0.35,
        "Total Revenue": 474,
        "Gross Profit": 104,
        "Operating Income": 30,
        "EBIT": 37,
        "Net Income": 16
    },
    "2010-03-31": {
        "Diluted EPS": -0.14,
        "Total Revenue": 285,
        "Gross Profit": 61,
        "Operating Income": -6,
        "EBIT": 8,
        "Net Income": -6
    },
    "2009-12-31": {
        "Diluted EPS": 0.17,
        "Total Revenue": 368,
        "Gross Profit": 88,
        "Operating Income": 368,
        "EBIT": 368,
        "Net Income": 8
    },
    "2009-09-30": {
        "Diluted EPS": 0.0,
        "Total Revenue": NaN,
        "Gross Profit": NaN,
        "Operating Income": NaN,
        "EBIT": NaN,
        "Net Income": NaN
    },
    "2009-06-30": {
        "Diluted EPS": 0.38,
        "Total Revenue": 464,
        "Gross Profit": 108,
        "Operating Income": 34,
        "EBIT": 41,
        "Net Income": 17
    },
    "2009-03-31": {
        "Diluted EPS": -0.05,
        "Total Revenue": 319,
        "Gross Profit": 74,
        "Operating Income": 1,
        "EBIT": 17,
        "Net Income": -2
    },
    "2023-06-30": {
        "Tax Effect Of Unusual Items": NaN,
        "Tax Rate For Calcs": NaN,
        "Normalized EBITDA": NaN,
        "Total Unusual Items": 0.0,
        "Total Unusual Items Excluding Goodwill": 0.0,
        "Net Income From Continuing Operation Net Minority Interest": NaN,
        "Reconciled Depreciation": NaN,
        "Reconciled Cost Of Revenue": NaN,
        "EBITDA": NaN,
        "EBIT": NaN,
        "Net Interest Income": NaN,
        "Interest Expense": NaN,
        "Normalized Income": NaN,
        "Net Income From Continuing And Discontinued Operation": NaN,
        "Total Expenses": NaN,
        "Total Operating Income As Reported": NaN,
        "Diluted Average Shares": NaN,
        "Basic Average Shares": NaN,
        "Diluted EPS": NaN,
        "Basic EPS": NaN,
        "Diluted NI Availto Com Stockholders": NaN,
        "Net Income Common Stockholders": NaN,
        "Otherunder Preferred Stock Dividend": NaN,
        "Preferred Stock Dividends": 6000000.0,
        "Net Income": NaN,
        "Net Income Including Noncontrolling Interests": NaN,
        "Net Income Continuous Operations": NaN,
        "Tax Provision": NaN,
        "Pretax Income": NaN,
        "Other Income Expense": NaN,
        "Special Income Charges": 0.0,
        "Other Special Charges": NaN,
        "Net Non Operating Interest Income Expense": NaN,
        "Interest Expense Non Operating": NaN,
        "Operating Income": NaN,
        "Operating Expense": NaN,
        "Depreciation Amortization Depletion Income Statement": NaN,
        "Depreciation And Amortization In Income Statement": NaN,
        "Amortization": NaN,
        "Amortization Of Intangibles Income Statement": NaN,
        "Depreciation Income Statement": NaN,
        "Selling General And Administration": NaN,
        "Gross Profit": NaN,
        "Cost Of Revenue": NaN,
        "Total Revenue": NaN,
        "Operating Revenue": NaN
    },
    "2023-09-30": {
        "Tax Effect Of Unusual Items": NaN,
        "Tax Rate For Calcs": NaN,
        "Normalized EBITDA": NaN,
        "Total Unusual Items": NaN,
        "Total Unusual Items Excluding Goodwill": NaN,
        "Net Income From Continuing Operation Net Minority Interest": NaN,
        "Reconciled Depreciation": NaN,
        "Reconciled Cost Of Revenue": NaN,
        "EBITDA": NaN,
        "EBIT": NaN,
        "Net Interest Income": NaN,
        "Interest Expense": NaN,
        "Normalized Income": NaN,
        "Net Income From Continuing And Discontinued Operation": NaN,
        "Total Expenses": NaN,
        "Total Operating Income As Reported": NaN,
        "Diluted Average Shares": 63200000.0,
        "Basic Average Shares": 63200000.0,
        "Diluted EPS": -4.16,
        "Basic EPS": -4.16,
        "Diluted NI Availto Com Stockholders": NaN,
        "Net Income Common Stockholders": NaN,
        "Otherunder Preferred Stock Dividend": NaN,
        "Preferred Stock Dividends": 1900000.0,
        "Net Income": NaN,
        "Net Income Including Noncontrolling Interests": NaN,
        "Net Income Continuous Operations": NaN,
        "Tax Provision": NaN,
        "Pretax Income": NaN,
        "Other Income Expense": NaN,
        "Special Income Charges": NaN,
        "Other Special Charges": NaN,
        "Net Non Operating Interest Income Expense": NaN,
        "Interest Expense Non Operating": NaN,
        "Operating Income": NaN,
        "Operating Expense": NaN,
        "Depreciation Amortization Depletion Income Statement": NaN,
        "Depreciation And Amortization In Income Statement": NaN,
        "Amortization": NaN,
        "Amortization Of Intangibles Income Statement": NaN,
        "Depreciation Income Statement": NaN,
        "Selling General And Administration": NaN,
        "Gross Profit": NaN,
        "Cost Of Revenue": NaN,
        "Total Revenue": NaN,
        "Operating Revenue": NaN
    },
    "2023-12-31": {
        "Tax Effect Of Unusual Items": 0.0,
        "Tax Rate For Calcs": 0.247627,
        "Normalized EBITDA": 209000000.0,
        "Total Unusual Items": NaN,
        "Total Unusual Items Excluding Goodwill": NaN,
        "Net Income From Continuing Operation Net Minority Interest": 95100000.0,
        "Reconciled Depreciation": 45500000.0,
        "Reconciled Cost Of Revenue": 1707500000.0,
        "EBITDA": 209000000.0,
        "EBIT": 163500000.0,
        "Net Interest Income": -37100000.0,
        "Interest Expense": 37100000.0,
        "Normalized Income": 95100000.0,
        "Net Income From Continuing And Discontinued Operation": 95100000.0,
        "Total Expenses": 2136000000.0,
        "Total Operating Income As Reported": 163500000.0,
        "Diluted Average Shares": 64800000.0,
        "Basic Average Shares": 63400000.0,
        "Diluted EPS": 1.47,
        "Basic EPS": 1.5,
        "Diluted NI Availto Com Stockholders": 95300000.0,
        "Net Income Common Stockholders": 95300000.0,
        "Otherunder Preferred Stock Dividend": -200000.0,
        "Preferred Stock Dividends": 0.0,
        "Net Income": 95100000.0,
        "Net Income Including Noncontrolling Interests": 95100000.0,
        "Net Income Continuous Operations": 95100000.0,
        "Tax Provision": 31300000.0,
        "Pretax Income": 126400000.0,
        "Other Income Expense": NaN,
        "Special Income Charges": NaN,
        "Other Special Charges": NaN,
        "Net Non Operating Interest Income Expense": -37100000.0,
        "Interest Expense Non Operating": 37100000.0,
        "Operating Income": 163500000.0,
        "Operating Expense": 428500000.0,
        "Depreciation Amortization Depletion Income Statement": 45500000.0,
        "Depreciation And Amortization In Income Statement": 45500000.0,
        "Amortization": 19900000.0,
        "Amortization Of Intangibles Income Statement": 19900000.0,
        "Depreciation Income Statement": 25600000.0,
        "Selling General And Administration": 383000000.0,
        "Gross Profit": 592000000.0,
        "Cost Of Revenue": 1707500000.0,
        "Total Revenue": 2299500000.0,
        "Operating Revenue": 2299500000.0
    },
    "2024-03-31": {
        "Tax Effect Of Unusual Items": -504000.0,
        "Tax Rate For Calcs": 0.21,
        "Normalized EBITDA": 91700000.0,
        "Total Unusual Items": -2400000.0,
        "Total Unusual Items Excluding Goodwill": -2400000.0,
        "Net Income From Continuing Operation Net Minority Interest": 5600000.0,
        "Reconciled Depreciation": 46600000.0,
        "Reconciled Cost Of Revenue": 1439200000.0,
        "EBITDA": 89300000.0,
        "EBIT": 42700000.0,
        "Net Interest Income": -38600000.0,
        "Interest Expense": 38600000.0,
        "Normalized Income": 7496000.0,
        "Net Income From Continuing And Discontinued Operation": 5600000.0,
        "Total Expenses": 1867300000.0,
        "Total Operating Income As Reported": 45100000.0,
        "Diluted Average Shares": 64800000.0,
        "Basic Average Shares": 63600000.0,
        "Diluted EPS": 0.09,
        "Basic EPS": 0.09,
        "Diluted NI Availto Com Stockholders": 5600000.0,
        "Net Income Common Stockholders": 5600000.0,
        "Otherunder Preferred Stock Dividend": 0.0,
        "Preferred Stock Dividends": NaN,
        "Net Income": 5600000.0,
        "Net Income Including Noncontrolling Interests": 5600000.0,
        "Net Income Continuous Operations": 5600000.0,
        "Tax Provision": -1500000.0,
        "Pretax Income": 4100000.0,
        "Other Income Expense": -2400000.0,
        "Special Income Charges": -2400000.0,
        "Other Special Charges": 2400000.0,
        "Net Non Operating Interest Income Expense": -38600000.0,
        "Interest Expense Non Operating": 38600000.0,
        "Operating Income": 45100000.0,
        "Operating Expense": 428100000.0,
        "Depreciation Amortization Depletion Income Statement": 46600000.0,
        "Depreciation And Amortization In Income Statement": 46600000.0,
        "Amortization": 21100000.0,
        "Amortization Of Intangibles Income Statement": 21100000.0,
        "Depreciation Income Statement": 25500000.0,
        "Selling General And Administration": 381500000.0,
        "Gross Profit": 473200000.0,
        "Cost Of Revenue": 1439200000.0,
        "Total Revenue": 1912400000.0,
        "Operating Revenue": 1912400000.0
    },
    "2024-06-30": {
        "Tax Effect Of Unusual Items": 0.0,
        "Tax Rate For Calcs": 0.256,
        "Normalized EBITDA": 265200000.0,
        "Total Unusual Items": 0.0,
        "Total Unusual Items Excluding Goodwill": 0.0,
        "Net Income From Continuing Operation Net Minority Interest": 127200000.0,
        "Reconciled Depreciation": 49400000.0,
        "Reconciled Cost Of Revenue": 1990900000.0,
        "EBITDA": 265200000.0,
        "EBIT": 215800000.0,
        "Net Interest Income": -45400000.0,
        "Interest Expense": 45400000.0,
        "Normalized Income": 127200000.0,
        "Net Income From Continuing And Discontinued Operation": 127200000.0,
        "Total Expenses": 2458800000.0,
        "Total Operating Income As Reported": 215800000.0,
        "Diluted Average Shares": 63900000.0,
        "Basic Average Shares": 62700000.0,
        "Diluted EPS": 1.99,
        "Basic EPS": 2.03,
        "Diluted NI Availto Com Stockholders": 127200000.0,
        "Net Income Common Stockholders": 127200000.0,
        "Otherunder Preferred Stock Dividend": 0.0,
        "Preferred Stock Dividends": NaN,
        "Net Income": 127200000.0,
        "Net Income Including Noncontrolling Interests": 127200000.0,
        "Net Income Continuous Operations": 127200000.0,
        "Tax Provision": 43200000.0,
        "Pretax Income": 170400000.0,
        "Other Income Expense": NaN,
        "Special Income Charges": 0.0,
        "Other Special Charges": NaN,
        "Net Non Operating Interest Income Expense": -45400000.0,
        "Interest Expense Non Operating": 45400000.0,
        "Operating Income": 215800000.0,
        "Operating Expense": 467900000.0,
        "Depreciation Amortization Depletion Income Statement": 49400000.0,
        "Depreciation And Amortization In Income Statement": 49400000.0,
        "Amortization": 22900000.0,
        "Amortization Of Intangibles Income Statement": 22900000.0,
        "Depreciation Income Statement": 26500000.0,
        "Selling General And Administration": 418500000.0,
        "Gross Profit": 683700000.0,
        "Cost Of Revenue": 1990900000.0,
        "Total Revenue": 2674600000.0,
        "Operating Revenue": 2674600000.0
    },
    "2024-09-30": {
        "Tax Effect Of Unusual Items": 0.0,
        "Tax Rate For Calcs": 0.266,
        "Normalized EBITDA": 300200000.0,
        "Total Unusual Items": NaN,
        "Total Unusual Items Excluding Goodwill": NaN,
        "Net Income From Continuing Operation Net Minority Interest": 145300000.0,
        "Reconciled Depreciation": 53500000.0,
        "Reconciled Cost Of Revenue": 2042200000.0,
        "EBITDA": 300200000.0,
        "EBIT": 246700000.0,
        "Net Interest Income": -48700000.0,
        "Interest Expense": 48700000.0,
        "Normalized Income": 145300000.0,
        "Net Income From Continuing And Discontinued Operation": 145300000.0,
        "Total Expenses": 2525900000.0,
        "Total Operating Income As Reported": 246700000.0,
        "Diluted Average Shares": 63100000.0,
        "Basic Average Shares": 62000000.0,
        "Diluted EPS": 2.3,
        "Basic EPS": 2.34,
        "Diluted NI Availto Com Stockholders": 145300000.0,
        "Net Income Common Stockholders": 145300000.0,
        "Otherunder Preferred Stock Dividend": 0.0,
        "Preferred Stock Dividends": NaN,
        "Net Income": 145300000.0,
        "Net Income Including Noncontrolling Interests": 145300000.0,
        "Net Income Continuous Operations": 145300000.0,
        "Tax Provision": 52700000.0,
        "Pretax Income": 198000000.0,
        "Other Income Expense": NaN,
        "Special Income Charges": NaN,
        "Other Special Charges": NaN,
        "Net Non Operating Interest Income Expense": -48700000.0,
        "Interest Expense Non Operating": 48700000.0,
        "Operating Income": 246700000.0,
        "Operating Expense": 483700000.0,
        "Depreciation Amortization Depletion Income Statement": 53500000.0,
        "Depreciation And Amortization In Income Statement": 53500000.0,
        "Amortization": 24700000.0,
        "Amortization Of Intangibles Income Statement": 24700000.0,
        "Depreciation Income Statement": 28800000.0,
        "Selling General And Administration": 430200000.0,
        "Gross Profit": 730400000.0,
        "Cost Of Revenue": 2042200000.0,
        "Total Revenue": 2772600000.0,
        "Operating Revenue": 2772600000.0
    },
    "2024-12-31": {
        "Tax Effect Of Unusual Items": 0.0,
        "Tax Rate For Calcs": 0.261484,
        "Normalized EBITDA": 210100000.0,
        "Total Unusual Items": 0.0,
        "Total Unusual Items Excluding Goodwill": 0.0,
        "Net Income From Continuing Operation Net Minority Interest": 83600000.0,
        "Reconciled Depreciation": 52300000.0,
        "Reconciled Cost Of Revenue": 1786100000.0,
        "EBITDA": 210100000.0,
        "EBIT": 157800000.0,
        "Net Interest Income": -44600000.0,
        "Interest Expense": 44600000.0,
        "Normalized Income": 83600000.0,
        "Net Income From Continuing And Discontinued Operation": 83600000.0,
        "Total Expenses": 2245800000.0,
        "Total Operating Income As Reported": 157800000.0,
        "Diluted Average Shares": NaN,
        "Basic Average Shares": NaN,
        "Diluted EPS": NaN,
        "Basic EPS": NaN,
        "Diluted NI Availto Com Stockholders": 83600000.0,
        "Net Income Common Stockholders": 83600000.0,
        "Otherunder Preferred Stock Dividend": 0.0,
        "Preferred Stock Dividends": NaN,
        "Net Income": 83600000.0,
        "Net Income Including Noncontrolling Interests": 83600000.0,
        "Net Income Continuous Operations": 83600000.0,
        "Tax Provision": 29600000.0,
        "Pretax Income": 113200000.0,
        "Other Income Expense": 0.0,
        "Special Income Charges": 0.0,
        "Other Special Charges": 0.0,
        "Net Non Operating Interest Income Expense": -44600000.0,
        "Interest Expense Non Operating": 44600000.0,
        "Operating Income": 157800000.0,
        "Operating Expense": 459700000.0,
        "Depreciation Amortization Depletion Income Statement": 52300000.0,
        "Depreciation And Amortization In Income Statement": 52300000.0,
        "Amortization": 23200000.0,
        "Amortization Of Intangibles Income Statement": 23200000.0,
        "Depreciation Income Statement": 29100000.0,
        "Selling General And Administration": 407400000.0,
        "Gross Profit": 617500000.0,
        "Cost Of Revenue": 1786100000.0,
        "Total Revenue": 2403600000.0,
        "Operating Revenue": 2403600000.0
    }
}