{
    "2023-06-30": {
        "Tax Effect Of Unusual Items": NaN,
        "Tax Rate For Calcs": NaN,
        "Normalized EBITDA": NaN,
        "Total Unusual Items": NaN,
        "Total Unusual Items Excluding Goodwill": NaN,
        "Net Income From Continuing Operation Net Minority Interest": NaN,
        "Reconciled Depreciation": NaN,
        "Reconciled Cost Of Revenue": NaN,
        "EBITDA": NaN,
        "EBIT": NaN,
        "Net Interest Income": NaN,
        "Interest Expense": NaN,
        "Interest Income": 0.0,
        "Normalized Income": NaN,
        "Net Income From Continuing And Discontinued Operation": NaN,
        "Total Expenses": NaN,
        "Total Operating Income As Reported": NaN,
        "Diluted Average Shares": NaN,
        "Basic Average Shares": NaN,
        "Diluted EPS": NaN,
        "Basic EPS": NaN,
        "Diluted NI Availto Com Stockholders": NaN,
        "Net Income Common Stockholders": NaN,
        "Net Income": NaN,
        "Net Income Including Noncontrolling Interests": NaN,
        "Net Income Continuous Operations": NaN,
        "Tax Provision": NaN,
        "Pretax Income": NaN,
        "Other Income Expense": NaN,
        "Other Non Operating Income Expenses": NaN,
        "Special Income Charges": NaN,
        "Gain On Sale Of Ppe": 3672000.0,
        "Gain On Sale Of Business": 1115000.0,
        "Restructuring And Mergern Acquisition": NaN,
        "Net Non Operating Interest Income Expense": NaN,
        "Interest Expense Non Operating": NaN,
        "Interest Income Non Operating": 0.0,
        "Operating Income": NaN,
        "Operating Expense": NaN,
        "Research And Development": NaN,
        "Selling General And Administration": NaN,
        "Gross Profit": NaN,
        "Cost Of Revenue": NaN,
        "Total Revenue": NaN,
        "Operating Revenue": NaN
    },
    "2023-03-31": {
        "Tax Effect Of Unusual Items": NaN,
        "Tax Rate For Calcs": NaN,
        "Normalized EBITDA": NaN,
        "Total Unusual Items": NaN,
        "Total Unusual Items Excluding Goodwill": NaN,
        "Net Income From Continuing Operation Net Minority Interest": NaN,
        "Reconciled Depreciation": NaN,
        "Reconciled Cost Of Revenue": NaN,
        "EBITDA": NaN,
        "EBIT": NaN,
        "Net Interest Income": NaN,
        "Interest Expense": NaN,
        "Interest Income": 107000.0,
        "Normalized Income": NaN,
        "Net Income From Continuing And Discontinued Operation": NaN,
        "Total Expenses": NaN,
        "Total Operating Income As Reported": NaN,
        "Diluted Average Shares": NaN,
        "Basic Average Shares": NaN,
        "Diluted EPS": NaN,
        "Basic EPS": NaN,
        "Diluted NI Availto Com Stockholders": NaN,
        "Net Income Common Stockholders": NaN,
        "Net Income": NaN,
        "Net Income Including Noncontrolling Interests": NaN,
        "Net Income Continuous Operations": NaN,
        "Tax Provision": NaN,
        "Pretax Income": NaN,
        "Other Income Expense": NaN,
        "Other Non Operating Income Expenses": NaN,
        "Special Income Charges": NaN,
        "Gain On Sale Of Ppe": NaN,
        "Gain On Sale Of Business": NaN,
        "Restructuring And Mergern Acquisition": NaN,
        "Net Non Operating Interest Income Expense": NaN,
        "Interest Expense Non Operating": NaN,
        "Interest Income Non Operating": 107000.0,
        "Operating Income": NaN,
        "Operating Expense": NaN,
        "Research And Development": NaN,
        "Selling General And Administration": NaN,
        "Gross Profit": NaN,
        "Cost Of Revenue": NaN,
        "Total Revenue": NaN,
        "Operating Revenue": NaN
    },
    "2022-12-31": {
        "Tax Effect Of Unusual Items": NaN,
        "Tax Rate For Calcs": NaN,
        "Normalized EBITDA": NaN,
        "Total Unusual Items": NaN,
        "Total Unusual Items Excluding Goodwill": NaN,
        "Net Income From Continuing Operation Net Minority Interest": NaN,
        "Reconciled Depreciation": NaN,
        "Reconciled Cost Of Revenue": NaN,
        "EBITDA": NaN,
        "EBIT": NaN,
        "Net Interest Income": NaN,
        "Interest Expense": NaN,
        "Interest Income": NaN,
        "Normalized Income": NaN,
        "Net Income From Continuing And Discontinued Operation": NaN,
        "Total Expenses": NaN,
        "Total Operating Income As Reported": NaN,
        "Diluted Average Shares": NaN,
        "Basic Average Shares": NaN,
        "Diluted EPS": NaN,
        "Basic EPS": NaN,
        "Diluted NI Availto Com Stockholders": NaN,
        "Net Income Common Stockholders": NaN,
        "Net Income": NaN,
        "Net Income Including Noncontrolling Interests": NaN,
        "Net Income Continuous Operations": NaN,
        "Tax Provision": NaN,
        "Pretax Income": NaN,
        "Other Income Expense": NaN,
        "Other Non Operating Income Expenses": NaN,
        "Special Income Charges": NaN,
        "Gain On Sale Of Ppe": 0.0,
        "Gain On Sale Of Business": NaN,
        "Restructuring And Mergern Acquisition": NaN,
        "Net Non Operating Interest Income Expense": NaN,
        "Interest Expense Non Operating": NaN,
        "Interest Income Non Operating": NaN,
        "Operating Income": NaN,
        "Operating Expense": NaN,
        "Research And Development": NaN,
        "Selling General And Administration": NaN,
        "Gross Profit": NaN,
        "Cost Of Revenue": NaN,
        "Total Revenue": NaN,
        "Operating Revenue": NaN
    },
    "2022-09-30": {
        "Tax Effect Of Unusual Items": NaN,
        "Tax Rate For Calcs": NaN,
        "Normalized EBITDA": NaN,
        "Total Unusual Items": NaN,
        "Total Unusual Items Excluding Goodwill": NaN,
        "Net Income From Continuing Operation Net Minority Interest": NaN,
        "Reconciled Depreciation": NaN,
        "Reconciled Cost Of Revenue": NaN,
        "EBITDA": NaN,
        "EBIT": NaN,
        "Net Interest Income": NaN,
        "Interest Expense": NaN,
        "Interest Income": NaN,
        "Normalized Income": NaN,
        "Net Income From Continuing And Discontinued Operation": NaN,
        "Total Expenses": NaN,
        "Total Operating Income As Reported": NaN,
        "Diluted Average Shares": NaN,
        "Basic Average Shares": NaN,
        "Diluted EPS": NaN,
        "Basic EPS": NaN,
        "Diluted NI Availto Com Stockholders": NaN,
        "Net Income Common Stockholders": NaN,
        "Net Income": NaN,
        "Net Income Including Noncontrolling Interests": NaN,
        "Net Income Continuous Operations": NaN,
        "Tax Provision": NaN,
        "Pretax Income": NaN,
        "Other Income Expense": NaN,
        "Other Non Operating Income Expenses": NaN,
        "Special Income Charges": NaN,
        "Gain On Sale Of Ppe": 1596000.0,
        "Gain On Sale Of Business": 0.0,
        "Restructuring And Mergern Acquisition": NaN,
        "Net Non Operating Interest Income Expense": NaN,
        "Interest Expense Non Operating": NaN,
        "Interest Income Non Operating": NaN,
        "Operating Income": NaN,
        "Operating Expense": NaN,
        "Research And Development": NaN,
        "Selling General And Administration": NaN,
        "General And Administrative Expense": 22223000.0,
        "Other Gand A": 22223000.0,
        "Gross Profit": NaN,
        "Cost Of Revenue": NaN,
        "Total Revenue": NaN,
        "Operating Revenue": NaN
    },
    "2022-06-30": {
        "Tax Effect Of Unusual Items": -12400.0,
        "Tax Rate For Calcs": 0.4,
        "Normalized EBITDA": 15102000.0,
        "Total Unusual Items": -31000.0,
        "Total Unusual Items Excluding Goodwill": -31000.0,
        "Net Income From Continuing Operation Net Minority Interest": 17038000.0,
        "Reconciled Depreciation": 4015000.0,
        "Reconciled Cost Of Revenue": 125120000.0,
        "EBITDA": 15071000.0,
        "EBIT": 15071000.0,
        "Net Interest Income": -779000.0,
        "Interest Expense": 779000.0,
        "Normalized Income": 17056600.0,
        "Net Income From Continuing And Discontinued Operation": 17038000.0,
        "Total Expenses": 153746000.0,
        "Total Operating Income As Reported": 16795000.0,
        "Diluted Average Shares": 12506000.0,
        "Basic Average Shares": 12506000.0,
        "Diluted EPS": 1.37,
        "Basic EPS": 1.37,
        "Diluted NI Availto Com Stockholders": 17038000.0,
        "Net Income Common Stockholders": 17038000.0,
        "Net Income": 17038000.0,
        "Net Income Including Noncontrolling Interests": 17038000.0,
        "Net Income Continuous Operations": 17038000.0,
        "Tax Provision": -2746000.0,
        "Pretax Income": 14292000.0,
        "Other Income Expense": -1755000.0,
        "Other Non Operating Income Expenses": -1724000.0,
        "Special Income Charges": -31000.0,
        "Gain On Sale Of Ppe": 0.0,
        "Gain On Sale Of Business": NaN,
        "Restructuring And Mergern Acquisition": 31000.0,
        "Net Non Operating Interest Income Expense": -779000.0,
        "Interest Expense Non Operating": 779000.0,
        "Operating Income": 16826000.0,
        "Operating Expense": 28626000.0,
        "Research And Development": 4661000.0,
        "Selling General And Administration": 23965000.0,
        "General And Administrative Expense": NaN,
        "Other Gand A": NaN,
        "Gross Profit": 45452000.0,
        "Cost Of Revenue": 125120000.0,
        "Total Revenue": 170572000.0,
        "Operating Revenue": 170572000.0
    },
    "2022-03-31": {
        "Diluted EPS": 0.4,
        "Total Revenue": 137,
        "Gross Profit": 34,
        "Operating Income": 8,
        "EBIT": 12,
        "Net Income": 5
    },
    "2021-12-31": {
        "Diluted EPS": 0.64,
        "Total Revenue": 147,
        "Gross Profit": 40,
        "Operating Income": 11,
        "EBIT": 16,
        "Net Income": 8
    },
    "2021-09-30": {
        "Diluted EPS": 0.46,
        "Total Revenue": 147,
        "Gross Profit": 36,
        "Operating Income": 9,
        "EBIT": 14,
        "Net Income": 6
    },
    "2021-06-30": {
        "Diluted EPS": 0.64,
        "Total Revenue": 139,
        "Gross Profit": 34,
        "Operating Income": 7,
        "EBIT": 11,
        "Net Income": 8
    },
    "2021-03-31": {
        "Diluted EPS": 0.26,
        "Total Revenue": 111,
        "Gross Profit": 24,
        "Operating Income": 4,
        "EBIT": 9,
        "Net Income": 3
    },
    "2020-12-31": {
        "Diluted EPS": 0.29,
        "Total Revenue": 116,
        "Gross Profit": 29,
        "Operating Income": 6,
        "EBIT": 10,
        "Net Income": 4
    },
    "2020-09-30": {
        "Diluted EPS": 0.6,
        "Total Revenue": 124,
        "Gross Profit": 33,
        "Operating Income": 8,
        "EBIT": 12,
        "Net Income": 7
    },
    "2020-06-30": {
        "Diluted EPS": 0.45,
        "Total Revenue": 121,
        "Gross Profit": 31,
        "Operating Income": 6,
        "EBIT": 10,
        "Net Income": 6
    },
    "2020-03-31": {
        "Diluted EPS": -0.31,
        "Total Revenue": 104,
        "Gross Profit": 26,
        "Operating Income": -1,
        "EBIT": 3,
        "Net Income": -4
    },
    "2019-12-31": {
        "Diluted EPS": -0.51,
        "Total Revenue": 115,
        "Gross Profit": 24,
        "Operating Income": -4,
        "EBIT": 0,
        "Net Income": -6
    },
    "2019-09-30": {
        "Diluted EPS": -0.53,
        "Total Revenue": 124,
        "Gross Profit": 29,
        "Operating Income": -5,
        "EBIT": 8,
        "Net Income": -6
    },
    "2019-06-30": {
        "Diluted EPS": 0.24,
        "Total Revenue": 127,
        "Gross Profit": 27,
        "Operating Income": 5,
        "EBIT": 9,
        "Net Income": 3
    },
    "2019-03-31": {
        "Diluted EPS": 0.09,
        "Total Revenue": 125,
        "Gross Profit": 31,
        "Operating Income": 3,
        "EBIT": 8,
        "Net Income": 1
    },
    "2018-12-31": {
        "Diluted EPS": 0.34,
        "Total Revenue": 143,
        "Gross Profit": 60,
        "Operating Income": 5,
        "EBIT": 10,
        "Net Income": 4
    },
    "2018-09-30": {
        "Diluted EPS": 0.93,
        "Total Revenue": 146,
        "Gross Profit": 29,
        "Operating Income": 10,
        "EBIT": 15,
        "Net Income": 11
    },
    "2018-06-30": {
        "Diluted EPS": 0.55,
        "Total Revenue": 141,
        "Gross Profit": 29,
        "Operating Income": 11,
        "EBIT": 15,
        "Net Income": 7
    },
    "2018-03-31": {
        "Diluted EPS": -0.11,
        "Total Revenue": 118,
        "Gross Profit": 21,
        "Operating Income": 0,
        "EBIT": 5,
        "Net Income": -1
    },
    "2017-12-31": {
        "Diluted EPS": -1.73,
        "Total Revenue": 120,
        "Gross Profit": 22,
        "Operating Income": 1,
        "EBIT": 7,
        "Net Income": -21
    },
    "2017-09-30": {
        "Diluted EPS": 0.42,
        "Total Revenue": 126,
        "Gross Profit": 28,
        "Operating Income": 7,
        "EBIT": 12,
        "Net Income": 5
    },
    "2017-06-30": {
        "Diluted EPS": 0.26,
        "Total Revenue": 132,
        "Gross Profit": 29,
        "Operating Income": 7,
        "EBIT": 13,
        "Net Income": 3
    },
    "2017-03-31": {
        "Diluted EPS": 0.06,
        "Total Revenue": 114,
        "Gross Profit": 23,
        "Operating Income": 2,
        "EBIT": 8,
        "Net Income": 1
    },
    "2016-12-31": {
        "Diluted EPS": 0.32,
        "Total Revenue": 119,
        "Gross Profit": 25,
        "Operating Income": 8,
        "EBIT": 13,
        "Net Income": 3
    },
    "2016-09-30": {
        "Diluted EPS": 0.81,
        "Total Revenue": 129,
        "Gross Profit": 27,
        "Operating Income": 9,
        "EBIT": 15,
        "Net Income": 10
    },
    "2016-06-30": {
        "Diluted EPS": 1.91,
        "Total Revenue": 132,
        "Gross Profit": 26,
        "Operating Income": 10,
        "EBIT": 13,
        "Net Income": 23
    },
    "2016-03-31": {
        "Diluted EPS": -8.48,
        "Total Revenue": 121,
        "Gross Profit": 23,
        "Operating Income": -103,
        "EBIT": 11,
        "Net Income": -101
    },
    "2015-12-31": {
        "Diluted EPS": 0.25,
        "Total Revenue": 135,
        "Gross Profit": 26,
        "Operating Income": 5,
        "EBIT": 11,
        "Net Income": 3
    },
    "2015-09-30": {
        "Diluted EPS": 0.41,
        "Total Revenue": 144,
        "Gross Profit": 27,
        "Operating Income": 7,
        "EBIT": 13,
        "Net Income": 5
    },
    "2015-06-30": {
        "Diluted EPS": 0.51,
        "Total Revenue": 146,
        "Gross Profit": 29,
        "Operating Income": 7,
        "EBIT": 14,
        "Net Income": 6
    },
    "2015-03-31": {
        "Diluted EPS": 0.45,
        "Total Revenue": 142,
        "Gross Profit": 27,
        "Operating Income": 9,
        "EBIT": 15,
        "Net Income": 5
    },
    "2014-12-31": {
        "Diluted EPS": 0.14,
        "Total Revenue": 149,
        "Gross Profit": 28,
        "Operating Income": 3,
        "EBIT": 10,
        "Net Income": 2
    },
    "2014-09-30": {
        "Diluted EPS": 0.11,
        "Total Revenue": 156,
        "Gross Profit": 28,
        "Operating Income": 4,
        "EBIT": 11,
        "Net Income": 1
    },
    "2014-06-30": {
        "Diluted EPS": 0.27,
        "Total Revenue": 99,
        "Gross Profit": 18,
        "Operating Income": 4,
        "EBIT": 7,
        "Net Income": 3
    },
    "2014-03-31": {
        "Diluted EPS": 0.22,
        "Total Revenue": 83,
        "Gross Profit": 14,
        "Operating Income": 3,
        "EBIT": 6,
        "Net Income": 3
    },
    "2013-12-31": {
        "Diluted EPS": 0.65,
        "Total Revenue": 91,
        "Gross Profit": 18,
        "Operating Income": 7,
        "EBIT": 11,
        "Net Income": 7
    },
    "2013-09-30": {
        "Diluted EPS": 0.65,
        "Total Revenue": 101,
        "Gross Profit": 20,
        "Operating Income": 8,
        "EBIT": 11,
        "Net Income": 7
    },
    "2013-06-30": {
        "Diluted EPS": 0.14,
        "Total Revenue": 94,
        "Gross Profit": 15,
        "Operating Income": 2,
        "EBIT": 5,
        "Net Income": 2
    },
    "2013-03-31": {
        "Diluted EPS": -0.05,
        "Total Revenue": 63,
        "Gross Profit": 9,
        "Operating Income": -1,
        "EBIT": 1,
        "Net Income": -1
    },
    "2012-12-31": {
        "Diluted EPS": -0.2,
        "Total Revenue": 72,
        "Gross Profit": 11,
        "Operating Income": -3,
        "EBIT": -1,
        "Net Income": -2
    },
    "2012-09-30": {
        "Diluted EPS": 0.21,
        "Total Revenue": 76,
        "Gross Profit": 13,
        "Operating Income": 1,
        "EBIT": 3,
        "Net Income": 2
    },
    "2012-06-30": {
        "Diluted EPS": 0.12,
        "Total Revenue": 73,
        "Gross Profit": 12,
        "Operating Income": 2,
        "EBIT": 4,
        "Net Income": 1
    },
    "2012-03-31": {
        "Diluted EPS": 0.07,
        "Total Revenue": 66,
        "Gross Profit": 10,
        "Operating Income": 1,
        "EBIT": 4,
        "Net Income": 1
    },
    "2011-12-31": {
        "Diluted EPS": 0.0,
        "Total Revenue": 69,
        "Gross Profit": 10,
        "Operating Income": 1,
        "EBIT": 3,
        "Net Income": 0
    },
    "2011-09-30": {
        "Diluted EPS": 0.09,
        "Total Revenue": 76,
        "Gross Profit": 12,
        "Operating Income": 2,
        "EBIT": 4,
        "Net Income": 1
    },
    "2011-06-30": {
        "Diluted EPS": -0.05,
        "Total Revenue": 79,
        "Gross Profit": 14,
        "Operating Income": 0,
        "EBIT": 2,
        "Net Income": -1
    },
    "2011-03-31": {
        "Diluted EPS": 0.28,
        "Total Revenue": 71,
        "Gross Profit": 14,
        "Operating Income": 4,
        "EBIT": 6,
        "Net Income": 3
    },
    "2010-12-31": {
        "Diluted EPS": -0.08,
        "Total Revenue": 84,
        "Gross Profit": 18,
        "Operating Income": 0,
        "EBIT": 2,
        "Net Income": -1
    },
    "2010-09-30": {
        "Diluted EPS": 0.85,
        "Total Revenue": 85,
        "Gross Profit": 20,
        "Operating Income": 9,
        "EBIT": 12,
        "Net Income": 10
    },
    "2010-06-30": {
        "Diluted EPS": 0.41,
        "Total Revenue": 78,
        "Gross Profit": 16,
        "Operating Income": 6,
        "EBIT": 8,
        "Net Income": 5
    },
    "2010-03-31": {
        "Diluted EPS": -0.01,
        "Total Revenue": 56,
        "Gross Profit": 9,
        "Operating Income": 0,
        "EBIT": 2,
        "Net Income": 0
    },
    "2009-12-31": {
        "Diluted EPS": 0.26,
        "Total Revenue": 49,
        "Gross Profit": 7,
        "Operating Income": -1,
        "EBIT": -12,
        "Net Income": 3
    },
    "2009-09-30": {
        "Diluted EPS": -0.94,
        "Total Revenue": 45,
        "Gross Profit": 4,
        "Operating Income": -16,
        "EBIT": -1,
        "Net Income": -11
    },
    "2009-06-30": {
        "Diluted EPS": -0.11,
        "Total Revenue": 45,
        "Gross Profit": 5,
        "Operating Income": -3,
        "EBIT": -1,
        "Net Income": -1
    },
    "2009-03-31": {
        "Diluted EPS": 0.07,
        "Total Revenue": 44,
        "Gross Profit": 6,
        "Operating Income": 2,
        "EBIT": 4,
        "Net Income": 1
    },
    "2023-09-30": {
        "Tax Effect Of Unusual Items": NaN,
        "Tax Rate For Calcs": NaN,
        "Normalized EBITDA": NaN,
        "Total Unusual Items": NaN,
        "Total Unusual Items Excluding Goodwill": NaN,
        "Net Income From Continuing Operation Net Minority Interest": NaN,
        "Reconciled Depreciation": NaN,
        "Reconciled Cost Of Revenue": NaN,
        "EBITDA": NaN,
        "EBIT": NaN,
        "Net Interest Income": NaN,
        "Interest Expense": NaN,
        "Interest Income": NaN,
        "Normalized Income": NaN,
        "Net Income From Continuing And Discontinued Operation": NaN,
        "Total Expenses": NaN,
        "Total Operating Income As Reported": NaN,
        "Diluted Average Shares": NaN,
        "Basic Average Shares": NaN,
        "Diluted EPS": NaN,
        "Basic EPS": NaN,
        "Diluted NI Availto Com Stockholders": NaN,
        "Net Income Common Stockholders": NaN,
        "Net Income": NaN,
        "Minority Interests": NaN,
        "Net Income Including Noncontrolling Interests": NaN,
        "Net Income Continuous Operations": NaN,
        "Tax Provision": NaN,
        "Pretax Income": NaN,
        "Other Income Expense": NaN,
        "Other Non Operating Income Expenses": NaN,
        "Special Income Charges": NaN,
        "Gain On Sale Of Ppe": 147000.0,
        "Gain On Sale Of Business": -135000.0,
        "Restructuring And Mergern Acquisition": NaN,
        "Net Non Operating Interest Income Expense": NaN,
        "Interest Expense Non Operating": NaN,
        "Interest Income Non Operating": NaN,
        "Operating Income": NaN,
        "Operating Expense": NaN,
        "Research And Development": NaN,
        "Selling General And Administration": NaN,
        "Gross Profit": NaN,
        "Cost Of Revenue": NaN,
        "Total Revenue": NaN,
        "Operating Revenue": NaN
    },
    "2023-12-31": {
        "Tax Effect Of Unusual Items": NaN,
        "Tax Rate For Calcs": NaN,
        "Normalized EBITDA": NaN,
        "Total Unusual Items": NaN,
        "Total Unusual Items Excluding Goodwill": NaN,
        "Net Income From Continuing Operation Net Minority Interest": NaN,
        "Reconciled Depreciation": NaN,
        "Reconciled Cost Of Revenue": NaN,
        "EBITDA": NaN,
        "EBIT": NaN,
        "Net Interest Income": NaN,
        "Interest Expense": NaN,
        "Interest Income": NaN,
        "Normalized Income": NaN,
        "Net Income From Continuing And Discontinued Operation": NaN,
        "Total Expenses": NaN,
        "Total Operating Income As Reported": NaN,
        "Diluted Average Shares": NaN,
        "Basic Average Shares": NaN,
        "Diluted EPS": NaN,
        "Basic EPS": NaN,
        "Diluted NI Availto Com Stockholders": NaN,
        "Net Income Common Stockholders": NaN,
        "Net Income": NaN,
        "Minority Interests": NaN,
        "Net Income Including Noncontrolling Interests": NaN,
        "Net Income Continuous Operations": NaN,
        "Tax Provision": NaN,
        "Pretax Income": NaN,
        "Other Income Expense": NaN,
        "Other Non Operating Income Expenses": NaN,
        "Special Income Charges": NaN,
        "Gain On Sale Of Ppe": 0.0,
        "Gain On Sale Of Business": 0.0,
        "Restructuring And Mergern Acquisition": NaN,
        "Net Non Operating Interest Income Expense": NaN,
        "Interest Expense Non Operating": NaN,
        "Interest Income Non Operating": NaN,
        "Operating Income": NaN,
        "Operating Expense": NaN,
        "Research And Development": NaN,
        "Selling General And Administration": NaN,
        "Gross Profit": NaN,
        "Cost Of Revenue": NaN,
        "Total Revenue": NaN,
        "Operating Revenue": NaN
    },
    "2024-03-31": {
        "Tax Effect Of Unusual Items": NaN,
        "Tax Rate For Calcs": NaN,
        "Normalized EBITDA": NaN,
        "Total Unusual Items": NaN,
        "Total Unusual Items Excluding Goodwill": NaN,
        "Net Income From Continuing Operation Net Minority Interest": NaN,
        "Reconciled Depreciation": NaN,
        "Reconciled Cost Of Revenue": NaN,
        "EBITDA": NaN,
        "EBIT": NaN,
        "Net Interest Income": NaN,
        "Interest Expense": NaN,
        "Interest Income": NaN,
        "Normalized Income": NaN,
        "Net Income From Continuing And Discontinued Operation": NaN,
        "Total Expenses": NaN,
        "Total Operating Income As Reported": NaN,
        "Diluted Average Shares": NaN,
        "Basic Average Shares": NaN,
        "Diluted EPS": NaN,
        "Basic EPS": NaN,
        "Diluted NI Availto Com Stockholders": NaN,
        "Net Income Common Stockholders": NaN,
        "Net Income": NaN,
        "Minority Interests": 0.0,
        "Net Income Including Noncontrolling Interests": NaN,
        "Net Income Continuous Operations": NaN,
        "Tax Provision": NaN,
        "Pretax Income": NaN,
        "Other Income Expense": NaN,
        "Other Non Operating Income Expenses": NaN,
        "Special Income Charges": NaN,
        "Gain On Sale Of Ppe": NaN,
        "Gain On Sale Of Business": NaN,
        "Restructuring And Mergern Acquisition": NaN,
        "Net Non Operating Interest Income Expense": NaN,
        "Interest Expense Non Operating": NaN,
        "Interest Income Non Operating": NaN,
        "Operating Income": NaN,
        "Operating Expense": NaN,
        "Research And Development": NaN,
        "Selling General And Administration": NaN,
        "Gross Profit": NaN,
        "Cost Of Revenue": NaN,
        "Total Revenue": NaN,
        "Operating Revenue": NaN
    },
    "2024-06-30": {
        "Tax Effect Of Unusual Items": -113670.672552,
        "Tax Rate For Calcs": 0.178167,
        "Normalized EBITDA": 27375000.0,
        "Total Unusual Items": -638000.0,
        "Total Unusual Items Excluding Goodwill": -638000.0,
        "Net Income From Continuing Operation Net Minority Interest": 18806000.0,
        "Reconciled Depreciation": 3439000.0,
        "Reconciled Cost Of Revenue": 79809000.0,
        "EBITDA": 26737000.0,
        "EBIT": 23298000.0,
        "Net Interest Income": 731000.0,
        "Interest Expense": 415000.0,
        "Interest Income": 1146000.0,
        "Normalized Income": 19330329.327448,
        "Net Income From Continuing And Discontinued Operation": 18806000.0,
        "Total Expenses": 109944000.0,
        "Total Operating Income As Reported": 22623000.0,
        "Diluted Average Shares": 12616000.0,
        "Basic Average Shares": 12616000.0,
        "Diluted EPS": 1.5,
        "Basic EPS": 1.5,
        "Diluted NI Availto Com Stockholders": 18806000.0,
        "Net Income Common Stockholders": 18806000.0,
        "Net Income": 18806000.0,
        "Minority Interests": 0.0,
        "Net Income Including Noncontrolling Interests": 18806000.0,
        "Net Income Continuous Operations": 18806000.0,
        "Tax Provision": 4077000.0,
        "Pretax Income": 22883000.0,
        "Other Income Expense": -1109000.0,
        "Other Non Operating Income Expenses": -471000.0,
        "Special Income Charges": -638000.0,
        "Gain On Sale Of Ppe": 0.0,
        "Gain On Sale Of Business": 0.0,
        "Restructuring And Mergern Acquisition": 638000.0,
        "Net Non Operating Interest Income Expense": 731000.0,
        "Interest Expense Non Operating": 415000.0,
        "Interest Income Non Operating": 1146000.0,
        "Operating Income": 23261000.0,
        "Operating Expense": 30135000.0,
        "Research And Development": 5994000.0,
        "Selling General And Administration": 24141000.0,
        "Gross Profit": 53396000.0,
        "Cost Of Revenue": 79809000.0,
        "Total Revenue": 133205000.0,
        "Operating Revenue": 133205000.0
    },
    "2024-09-30": {
        "Tax Effect Of Unusual Items": -302186.0,
        "Tax Rate For Calcs": 0.278,
        "Normalized EBITDA": 16325000.0,
        "Total Unusual Items": -1087000.0,
        "Total Unusual Items Excluding Goodwill": -1087000.0,
        "Net Income From Continuing Operation Net Minority Interest": 8080000.0,
        "Reconciled Depreciation": 3636000.0,
        "Reconciled Cost Of Revenue": 78961000.0,
        "EBITDA": 15238000.0,
        "EBIT": 11602000.0,
        "Net Interest Income": 1066000.0,
        "Interest Expense": 414000.0,
        "Interest Income": 1480000.0,
        "Normalized Income": 8864814.0,
        "Net Income From Continuing And Discontinued Operation": 8080000.0,
        "Total Expenses": 111104000.0,
        "Total Operating Income As Reported": 11447000.0,
        "Diluted Average Shares": 12550000.0,
        "Basic Average Shares": 12550000.0,
        "Diluted EPS": 0.65,
        "Basic EPS": 0.65,
        "Diluted NI Availto Com Stockholders": 8080000.0,
        "Net Income Common Stockholders": 8080000.0,
        "Net Income": 8080000.0,
        "Minority Interests": NaN,
        "Net Income Including Noncontrolling Interests": 8080000.0,
        "Net Income Continuous Operations": 8080000.0,
        "Tax Provision": 3108000.0,
        "Pretax Income": 11188000.0,
        "Other Income Expense": -2412000.0,
        "Other Non Operating Income Expenses": -1325000.0,
        "Special Income Charges": -1087000.0,
        "Gain On Sale Of Ppe": 0.0,
        "Gain On Sale Of Business": 0.0,
        "Restructuring And Mergern Acquisition": 1087000.0,
        "Net Non Operating Interest Income Expense": 1066000.0,
        "Interest Expense Non Operating": 414000.0,
        "Interest Income Non Operating": 1480000.0,
        "Operating Income": 12534000.0,
        "Operating Expense": 32143000.0,
        "Research And Development": 5443000.0,
        "Selling General And Administration": 26700000.0,
        "Gross Profit": 44677000.0,
        "Cost Of Revenue": 78961000.0,
        "Total Revenue": 123638000.0,
        "Operating Revenue": 123638000.0
    },
    "2024-12-31": {
        "Tax Effect Of Unusual Items": -266994.854435,
        "Tax Rate For Calcs": 0.129045,
        "Normalized EBITDA": 17967000.0,
        "Total Unusual Items": -2069000.0,
        "Total Unusual Items Excluding Goodwill": -2069000.0,
        "Net Income From Continuing Operation Net Minority Interest": -1800000.0,
        "Reconciled Depreciation": 5698000.0,
        "Reconciled Cost Of Revenue": 93652000.0,
        "EBITDA": 15898000.0,
        "EBIT": 10200000.0,
        "Net Interest Income": -1802000.0,
        "Interest Expense": 2815000.0,
        "Interest Income": 1013000.0,
        "Normalized Income": 2005.145565,
        "Net Income From Continuing And Discontinued Operation": -1800000.0,
        "Total Expenses": 135417000.0,
        "Total Operating Income As Reported": 12373000.0,
        "Diluted Average Shares": 12544000.0,
        "Basic Average Shares": 12544000.0,
        "Diluted EPS": -0.14,
        "Basic EPS": -0.14,
        "Diluted NI Availto Com Stockholders": -1800000.0,
        "Net Income Common Stockholders": -1800000.0,
        "Net Income": -1800000.0,
        "Minority Interests": NaN,
        "Net Income Including Noncontrolling Interests": 6432000.0,
        "Net Income Continuous Operations": 6432000.0,
        "Tax Provision": 953000.0,
        "Pretax Income": 7385000.0,
        "Other Income Expense": -5255000.0,
        "Other Non Operating Income Expenses": -3186000.0,
        "Special Income Charges": -2069000.0,
        "Gain On Sale Of Ppe": 0.0,
        "Gain On Sale Of Business": 0.0,
        "Restructuring And Mergern Acquisition": 1669000.0,
        "Net Non Operating Interest Income Expense": -1802000.0,
        "Interest Expense Non Operating": 2815000.0,
        "Interest Income Non Operating": 1013000.0,
        "Operating Income": 14442000.0,
        "Operating Expense": 41765000.0,
        "Research And Development": 6934000.0,
        "Selling General And Administration": 34831000.0,
        "Gross Profit": 56207000.0,
        "Cost Of Revenue": 93652000.0,
        "Total Revenue": 149859000.0,
        "Operating Revenue": 149859000.0
    },
    "2025-03-31": {
        "Tax Effect Of Unusual Items": 674590.0,
        "Tax Rate For Calcs": 0.23,
        "Normalized EBITDA": 31688000.0,
        "Total Unusual Items": 2933000.0,
        "Total Unusual Items Excluding Goodwill": 2933000.0,
        "Net Income From Continuing Operation Net Minority Interest": 17874000.0,
        "Reconciled Depreciation": 6684000.0,
        "Reconciled Cost Of Revenue": 93419000.0,
        "EBITDA": 34621000.0,
        "EBIT": 27937000.0,
        "Net Interest Income": -3877000.0,
        "Interest Expense": 4152000.0,
        "Interest Income": 275000.0,
        "Normalized Income": 15615590.0,
        "Net Income From Continuing And Discontinued Operation": 17874000.0,
        "Total Expenses": 130148000.0,
        "Total Operating Income As Reported": 25023000.0,
        "Diluted Average Shares": 12572000.0,
        "Basic Average Shares": 12572000.0,
        "Diluted EPS": 1.36,
        "Basic EPS": 1.36,
        "Diluted NI Availto Com Stockholders": 17874000.0,
        "Net Income Common Stockholders": 17874000.0,
        "Net Income": 17874000.0,
        "Minority Interests": -448000.0,
        "Net Income Including Noncontrolling Interests": 18322000.0,
        "Net Income Continuous Operations": 18322000.0,
        "Tax Provision": 5463000.0,
        "Pretax Income": 23785000.0,
        "Other Income Expense": 5572000.0,
        "Other Non Operating Income Expenses": 2639000.0,
        "Special Income Charges": 2933000.0,
        "Gain On Sale Of Ppe": NaN,
        "Gain On Sale Of Business": NaN,
        "Restructuring And Mergern Acquisition": -2933000.0,
        "Net Non Operating Interest Income Expense": -3877000.0,
        "Interest Expense Non Operating": 4152000.0,
        "Interest Income Non Operating": 275000.0,
        "Operating Income": 22090000.0,
        "Operating Expense": 36729000.0,
        "Research And Development": 7222000.0,
        "Selling General And Administration": 29507000.0,
        "Gross Profit": 58819000.0,
        "Cost Of Revenue": 93419000.0,
        "Total Revenue": 152238000.0,
        "Operating Revenue": 152238000.0
    },
    "2025-06-30": {
        "Tax Effect Of Unusual Items": 777716.549453,
        "Tax Rate For Calcs": 0.204932,
        "Normalized EBITDA": 40497000.0,
        "Total Unusual Items": 3795000.0,
        "Total Unusual Items Excluding Goodwill": 3795000.0,
        "Net Income From Continuing Operation Net Minority Interest": 26861000.0,
        "Reconciled Depreciation": 6600000.0,
        "Reconciled Cost Of Revenue": 103216000.0,
        "EBITDA": 44292000.0,
        "EBIT": 37692000.0,
        "Net Interest Income": -3729000.0,
        "Interest Expense": 3993000.0,
        "Interest Income": 264000.0,
        "Normalized Income": 23843716.549453,
        "Net Income From Continuing And Discontinued Operation": 26861000.0,
        "Total Expenses": 142234000.0,
        "Total Operating Income As Reported": 29860000.0,
        "Diluted Average Shares": 12666000.0,
        "Basic Average Shares": 12666000.0,
        "Diluted EPS": 2.03,
        "Basic EPS": 2.03,
        "Diluted NI Availto Com Stockholders": 26861000.0,
        "Net Income Common Stockholders": 26861000.0,
        "Net Income": 26861000.0,
        "Minority Interests": 68000.0,
        "Net Income Including Noncontrolling Interests": 26793000.0,
        "Net Income Continuous Operations": 26793000.0,
        "Tax Provision": 6906000.0,
        "Pretax Income": 33699000.0,
        "Other Income Expense": 11363000.0,
        "Other Non Operating Income Expenses": 7568000.0,
        "Special Income Charges": 3795000.0,
        "Gain On Sale Of Ppe": 4075000.0,
        "Gain On Sale Of Business": NaN,
        "Restructuring And Mergern Acquisition": 280000.0,
        "Net Non Operating Interest Income Expense": -3729000.0,
        "Interest Expense Non Operating": 3993000.0,
        "Interest Income Non Operating": 264000.0,
        "Operating Income": 26065000.0,
        "Operating Expense": 39018000.0,
        "Research And Development": 8104000.0,
        "Selling General And Administration": 30914000.0,
        "Gross Profit": 65083000.0,
        "Cost Of Revenue": 103216000.0,
        "Total Revenue": 168299000.0,
        "Operating Revenue": 168299000.0
    }
}