{
    "2023-03-31": {
        "Tax Effect Of Unusual Items": NaN,
        "Tax Rate For Calcs": NaN,
        "Normalized EBITDA": NaN,
        "Total Unusual Items": NaN,
        "Total Unusual Items Excluding Goodwill": NaN,
        "Net Income From Continuing Operation Net Minority Interest": NaN,
        "Reconciled Depreciation": NaN,
        "Reconciled Cost Of Revenue": NaN,
        "EBITDA": NaN,
        "EBIT": NaN,
        "Net Interest Income": NaN,
        "Interest Expense": NaN,
        "Normalized Income": NaN,
        "Net Income From Continuing And Discontinued Operation": NaN,
        "Total Expenses": NaN,
        "Diluted Average Shares": NaN,
        "Basic Average Shares": NaN,
        "Diluted EPS": NaN,
        "Basic EPS": NaN,
        "Diluted NI Availto Com Stockholders": NaN,
        "Net Income Common Stockholders": NaN,
        "Net Income": NaN,
        "Minority Interests": NaN,
        "Net Income Including Noncontrolling Interests": NaN,
        "Net Income Continuous Operations": NaN,
        "Tax Provision": NaN,
        "Pretax Income": NaN,
        "Other Income Expense": NaN,
        "Other Non Operating Income Expenses": NaN,
        "Earnings From Equity Interest": NaN,
        "Gain On Sale Of Security": NaN,
        "Net Non Operating Interest Income Expense": NaN,
        "Interest Expense Non Operating": NaN,
        "Operating Income": NaN,
        "Operating Expense": NaN,
        "Other Operating Expenses": NaN,
        "Depreciation Amortization Depletion Income Statement": NaN,
        "Depreciation And Amortization In Income Statement": NaN,
        "Depreciation Income Statement": NaN,
        "Selling General And Administration": 36000000.0,
        "General And Administrative Expense": 36000000.0,
        "Other Gand A": 36000000.0,
        "Gross Profit": NaN,
        "Cost Of Revenue": NaN,
        "Total Revenue": NaN,
        "Operating Revenue": NaN
    },
    "2022-12-31": {
        "Tax Effect Of Unusual Items": 6090000.0,
        "Tax Rate For Calcs": 0.21,
        "Normalized EBITDA": 1648000000.0,
        "Total Unusual Items": 29000000.0,
        "Total Unusual Items Excluding Goodwill": 29000000.0,
        "Net Income From Continuing Operation Net Minority Interest": 953000000.0,
        "Reconciled Depreciation": 309000000.0,
        "Reconciled Cost Of Revenue": 304000000.0,
        "EBITDA": 1677000000.0,
        "EBIT": 1358000000.0,
        "Net Interest Income": -285000000.0,
        "Interest Expense": 285000000.0,
        "Normalized Income": 930090000.0,
        "Net Income From Continuing And Discontinued Operation": 953000000.0,
        "Total Expenses": 650000000.0,
        "Diluted Average Shares": 172218098.0,
        "Basic Average Shares": 172218098.0,
        "Diluted EPS": 5.533681,
        "Basic EPS": 5.533681,
        "Diluted NI Availto Com Stockholders": 953000000.0,
        "Net Income Common Stockholders": 953000000.0,
        "Net Income": 953000000.0,
        "Minority Interests": -125000000.0,
        "Net Income Including Noncontrolling Interests": 1078000000.0,
        "Net Income Continuous Operations": 1078000000.0,
        "Tax Provision": -5000000.0,
        "Pretax Income": 1073000000.0,
        "Other Income Expense": 1052000000.0,
        "Other Non Operating Income Expenses": 1018000000.0,
        "Earnings From Equity Interest": 5000000.0,
        "Gain On Sale Of Security": 29000000.0,
        "Net Non Operating Interest Income Expense": -285000000.0,
        "Interest Expense Non Operating": 285000000.0,
        "Operating Income": 306000000.0,
        "Operating Expense": 356000000.0,
        "Other Operating Expenses": 37000000.0,
        "Depreciation Amortization Depletion Income Statement": 319000000.0,
        "Depreciation And Amortization In Income Statement": 319000000.0,
        "Depreciation Income Statement": 309000000.0,
        "Selling General And Administration": NaN,
        "General And Administrative Expense": NaN,
        "Other Gand A": NaN,
        "Gross Profit": 662000000.0,
        "Cost Of Revenue": 294000000.0,
        "Total Revenue": 956000000.0,
        "Operating Revenue": 956000000.0
    },
    "2022-09-30": {
        "Tax Effect Of Unusual Items": NaN,
        "Tax Rate For Calcs": NaN,
        "Normalized EBITDA": NaN,
        "Total Unusual Items": NaN,
        "Total Unusual Items Excluding Goodwill": NaN,
        "Net Income From Continuing Operation Net Minority Interest": NaN,
        "Reconciled Depreciation": NaN,
        "Reconciled Cost Of Revenue": NaN,
        "EBITDA": NaN,
        "EBIT": NaN,
        "Net Interest Income": NaN,
        "Interest Expense": NaN,
        "Normalized Income": NaN,
        "Net Income From Continuing And Discontinued Operation": NaN,
        "Total Expenses": NaN,
        "Diluted Average Shares": NaN,
        "Basic Average Shares": NaN,
        "Diluted EPS": NaN,
        "Basic EPS": NaN,
        "Diluted NI Availto Com Stockholders": NaN,
        "Net Income Common Stockholders": NaN,
        "Net Income": NaN,
        "Minority Interests": NaN,
        "Net Income Including Noncontrolling Interests": NaN,
        "Net Income Continuous Operations": NaN,
        "Tax Provision": NaN,
        "Pretax Income": NaN,
        "Other Income Expense": NaN,
        "Other Non Operating Income Expenses": NaN,
        "Earnings From Equity Interest": NaN,
        "Gain On Sale Of Security": NaN,
        "Net Non Operating Interest Income Expense": NaN,
        "Interest Expense Non Operating": NaN,
        "Operating Income": NaN,
        "Operating Expense": NaN,
        "Other Operating Expenses": NaN,
        "Depreciation Amortization Depletion Income Statement": NaN,
        "Depreciation And Amortization In Income Statement": NaN,
        "Depreciation Income Statement": NaN,
        "Selling General And Administration": 37000000.0,
        "General And Administrative Expense": 37000000.0,
        "Other Gand A": 37000000.0,
        "Gross Profit": NaN,
        "Cost Of Revenue": NaN,
        "Total Revenue": NaN,
        "Operating Revenue": NaN
    },
    "2022-06-30": {
        "Tax Effect Of Unusual Items": 116086.235489,
        "Tax Rate For Calcs": 0.058043,
        "Normalized EBITDA": 1745000000.0,
        "Total Unusual Items": 2000000.0,
        "Total Unusual Items Excluding Goodwill": 2000000.0,
        "Net Income From Continuing Operation Net Minority Interest": 1046000000.0,
        "Reconciled Depreciation": 286000000.0,
        "Reconciled Cost Of Revenue": 296000000.0,
        "EBITDA": 1747000000.0,
        "EBIT": 1461000000.0,
        "Net Interest Income": -255000000.0,
        "Interest Expense": 255000000.0,
        "Normalized Income": 1044116086.235489,
        "Net Income From Continuing And Discontinued Operation": 1046000000.0,
        "Total Expenses": 625000000.0,
        "Diluted Average Shares": 172222322.0,
        "Basic Average Shares": 172222322.0,
        "Diluted EPS": 6.073545,
        "Basic EPS": 6.073545,
        "Diluted NI Availto Com Stockholders": 1046000000.0,
        "Net Income Common Stockholders": 1046000000.0,
        "Net Income": 1046000000.0,
        "Minority Interests": -91000000.0,
        "Net Income Including Noncontrolling Interests": 1137000000.0,
        "Net Income Continuous Operations": 1136000000.0,
        "Tax Provision": 70000000.0,
        "Pretax Income": 1206000000.0,
        "Other Income Expense": 1089000000.0,
        "Other Non Operating Income Expenses": 1086000000.0,
        "Earnings From Equity Interest": 1000000.0,
        "Gain On Sale Of Security": 2000000.0,
        "Net Non Operating Interest Income Expense": -255000000.0,
        "Interest Expense Non Operating": 255000000.0,
        "Operating Income": 372000000.0,
        "Operating Expense": 329000000.0,
        "Other Operating Expenses": NaN,
        "Depreciation Amortization Depletion Income Statement": 286000000.0,
        "Depreciation And Amortization In Income Statement": 286000000.0,
        "Depreciation Income Statement": 286000000.0,
        "Selling General And Administration": 43000000.0,
        "General And Administrative Expense": 43000000.0,
        "Other Gand A": 43000000.0,
        "Gross Profit": 701000000.0,
        "Cost Of Revenue": 296000000.0,
        "Total Revenue": 997000000.0,
        "Operating Revenue": 997000000.0
    },
    "2022-03-31": {
        "Diluted EPS": 0.0,
        "Total Revenue": 993,
        "Gross Profit": 702,
        "Operating Income": 354,
        "EBIT": 650,
        "Net Income": -976
    },
    "2021-12-31": {
        "Diluted EPS": 0.0,
        "Total Revenue": 917,
        "Gross Profit": 573,
        "Operating Income": 264,
        "EBIT": 545,
        "Net Income": 130
    },
    "2021-09-30": {
        "Diluted EPS": 0.0,
        "Total Revenue": 835,
        "Gross Profit": 581,
        "Operating Income": 267,
        "EBIT": 536,
        "Net Income": 214
    },
    "2021-06-30": {
        "Diluted EPS": 0.0,
        "Total Revenue": 822,
        "Gross Profit": 573,
        "Operating Income": 251,
        "EBIT": 526,
        "Net Income": 611
    },
    "2021-03-31": {
        "Diluted EPS": 0.0,
        "Total Revenue": 853,
        "Gross Profit": 515,
        "Operating Income": 170,
        "EBIT": 460,
        "Net Income": -9
    },
    "2020-12-31": {
        "Diluted EPS": 0.0,
        "Total Revenue": 816,
        "Gross Profit": 536,
        "Operating Income": 231,
        "EBIT": 490,
        "Net Income": NaN
    },
    "2020-09-30": {
        "Diluted EPS": 0.0,
        "Total Revenue": 729,
        "Gross Profit": 491,
        "Operating Income": 157,
        "EBIT": 450,
        "Net Income": NaN
    },
    "2020-06-30": {
        "Diluted EPS": 0.0,
        "Total Revenue": 778,
        "Gross Profit": 514,
        "Operating Income": 224,
        "EBIT": 478,
        "Net Income": 11
    },
    "2020-03-31": {
        "Diluted EPS": 0.0,
        "Total Revenue": 863,
        "Gross Profit": 584,
        "Operating Income": 296,
        "EBIT": 555,
        "Net Income": 62
    },
    "2019-12-31": {
        "Diluted EPS": 0.0,
        "Total Revenue": NaN,
        "Gross Profit": NaN,
        "Operating Income": NaN,
        "EBIT": NaN,
        "Net Income": NaN
    },
    "2023-06-30": {
        "Tax Effect Of Unusual Items": -333333.333333,
        "Tax Rate For Calcs": 0.047619,
        "Normalized EBITDA": 1027000000.0,
        "Total Unusual Items": -7000000.0,
        "Total Unusual Items Excluding Goodwill": -7000000.0,
        "Net Income From Continuing Operation Net Minority Interest": 291000000.0,
        "Reconciled Depreciation": 327000000.0,
        "Reconciled Cost Of Revenue": 308000000.0,
        "EBITDA": 1020000000.0,
        "EBIT": 693000000.0,
        "Net Interest Income": -315000000.0,
        "Interest Expense": 315000000.0,
        "Normalized Income": 297666666.666667,
        "Net Income From Continuing And Discontinued Operation": 291000000.0,
        "Total Expenses": 667000000.0,
        "Diluted Average Shares": 179657416.0,
        "Basic Average Shares": 179657416.0,
        "Diluted EPS": 1.619749,
        "Basic EPS": 1.619749,
        "Diluted NI Availto Com Stockholders": 291000000.0,
        "Net Income Common Stockholders": 291000000.0,
        "Net Income": 291000000.0,
        "Minority Interests": -69000000.0,
        "Net Income Including Noncontrolling Interests": 360000000.0,
        "Net Income Continuous Operations": 360000000.0,
        "Tax Provision": 18000000.0,
        "Pretax Income": 378000000.0,
        "Other Income Expense": 459000000.0,
        "Other Non Operating Income Expenses": 469000000.0,
        "Earnings From Equity Interest": -3000000.0,
        "Gain On Sale Of Security": -7000000.0,
        "Net Non Operating Interest Income Expense": -315000000.0,
        "Interest Expense Non Operating": 315000000.0,
        "Operating Income": 234000000.0,
        "Operating Expense": 359000000.0,
        "Other Operating Expenses": 32000000.0,
        "Depreciation Amortization Depletion Income Statement": 327000000.0,
        "Depreciation And Amortization In Income Statement": 327000000.0,
        "Depreciation Income Statement": 327000000.0,
        "Selling General And Administration": NaN,
        "General And Administrative Expense": NaN,
        "Other Gand A": NaN,
        "Gross Profit": 593000000.0,
        "Cost Of Revenue": 308000000.0,
        "Total Revenue": 901000000.0,
        "Operating Revenue": 901000000.0
    },
    "2023-09-30": {
        "Tax Effect Of Unusual Items": 386819.484241,
        "Tax Rate For Calcs": 0.019341,
        "Normalized EBITDA": 2004000000.0,
        "Total Unusual Items": 20000000.0,
        "Total Unusual Items Excluding Goodwill": 20000000.0,
        "Net Income From Continuing Operation Net Minority Interest": 1340000000.0,
        "Reconciled Depreciation": 320000000.0,
        "Reconciled Cost Of Revenue": 388000000.0,
        "EBITDA": 2024000000.0,
        "EBIT": 1704000000.0,
        "Net Interest Income": -308000000.0,
        "Interest Expense": 308000000.0,
        "Normalized Income": 1320386819.484241,
        "Net Income From Continuing And Discontinued Operation": 1340000000.0,
        "Total Expenses": 734000000.0,
        "Diluted Average Shares": NaN,
        "Basic Average Shares": NaN,
        "Diluted EPS": NaN,
        "Basic EPS": NaN,
        "Diluted NI Availto Com Stockholders": 1340000000.0,
        "Net Income Common Stockholders": 1340000000.0,
        "Net Income": 1340000000.0,
        "Minority Interests": -30000000.0,
        "Net Income Including Noncontrolling Interests": 1370000000.0,
        "Net Income Continuous Operations": 1369000000.0,
        "Tax Provision": 27000000.0,
        "Pretax Income": 1396000000.0,
        "Other Income Expense": 1504000000.0,
        "Other Non Operating Income Expenses": 1491000000.0,
        "Earnings From Equity Interest": -7000000.0,
        "Gain On Sale Of Security": 20000000.0,
        "Net Non Operating Interest Income Expense": -308000000.0,
        "Interest Expense Non Operating": 308000000.0,
        "Operating Income": 200000000.0,
        "Operating Expense": 346000000.0,
        "Other Operating Expenses": 26000000.0,
        "Depreciation Amortization Depletion Income Statement": 320000000.0,
        "Depreciation And Amortization In Income Statement": 320000000.0,
        "Depreciation Income Statement": 320000000.0,
        "Gross Profit": 546000000.0,
        "Cost Of Revenue": 388000000.0,
        "Total Revenue": 934000000.0,
        "Operating Revenue": 934000000.0
    },
    "2023-12-31": {
        "Tax Effect Of Unusual Items": NaN,
        "Tax Rate For Calcs": NaN,
        "Normalized EBITDA": NaN,
        "Total Unusual Items": NaN,
        "Total Unusual Items Excluding Goodwill": NaN,
        "Net Income From Continuing Operation Net Minority Interest": NaN,
        "Reconciled Depreciation": NaN,
        "Reconciled Cost Of Revenue": NaN,
        "EBITDA": NaN,
        "EBIT": NaN,
        "Net Interest Income": NaN,
        "Interest Expense": NaN,
        "Normalized Income": NaN,
        "Net Income From Continuing And Discontinued Operation": NaN,
        "Total Expenses": NaN,
        "Diluted Average Shares": 179651526.0,
        "Basic Average Shares": 179651526.0,
        "Diluted EPS": -4.15805,
        "Basic EPS": -4.15805,
        "Diluted NI Availto Com Stockholders": NaN,
        "Net Income Common Stockholders": NaN,
        "Net Income": NaN,
        "Minority Interests": NaN,
        "Net Income Including Noncontrolling Interests": NaN,
        "Net Income Continuous Operations": NaN,
        "Tax Provision": NaN,
        "Pretax Income": NaN,
        "Other Income Expense": NaN,
        "Other Non Operating Income Expenses": NaN,
        "Earnings From Equity Interest": NaN,
        "Gain On Sale Of Security": NaN,
        "Net Non Operating Interest Income Expense": NaN,
        "Interest Expense Non Operating": NaN,
        "Operating Income": NaN,
        "Operating Expense": NaN,
        "Other Operating Expenses": NaN,
        "Depreciation Amortization Depletion Income Statement": NaN,
        "Depreciation And Amortization In Income Statement": NaN,
        "Depreciation Income Statement": NaN,
        "Gross Profit": NaN,
        "Cost Of Revenue": NaN,
        "Total Revenue": NaN,
        "Operating Revenue": NaN
    },
    "2024-03-31": {
        "Tax Effect Of Unusual Items": NaN,
        "Tax Rate For Calcs": NaN,
        "Normalized EBITDA": NaN,
        "Total Unusual Items": NaN,
        "Total Unusual Items Excluding Goodwill": NaN,
        "Net Income From Continuing Operation Net Minority Interest": NaN,
        "Reconciled Depreciation": NaN,
        "Reconciled Cost Of Revenue": NaN,
        "EBITDA": NaN,
        "EBIT": NaN,
        "Net Interest Income": NaN,
        "Interest Expense": NaN,
        "Normalized Income": NaN,
        "Net Income From Continuing And Discontinued Operation": NaN,
        "Total Expenses": NaN,
        "Diluted Average Shares": 179648843.0,
        "Basic Average Shares": 179648843.0,
        "Diluted EPS": 2.73311,
        "Basic EPS": 2.73311,
        "Diluted NI Availto Com Stockholders": NaN,
        "Net Income Common Stockholders": NaN,
        "Net Income": NaN,
        "Minority Interests": NaN,
        "Net Income Including Noncontrolling Interests": NaN,
        "Net Income Continuous Operations": NaN,
        "Tax Provision": NaN,
        "Pretax Income": NaN,
        "Other Income Expense": NaN,
        "Other Non Operating Income Expenses": NaN,
        "Earnings From Equity Interest": NaN,
        "Gain On Sale Of Security": NaN,
        "Net Non Operating Interest Income Expense": NaN,
        "Interest Expense Non Operating": NaN,
        "Operating Income": NaN,
        "Operating Expense": NaN,
        "Other Operating Expenses": NaN,
        "Depreciation Amortization Depletion Income Statement": NaN,
        "Depreciation And Amortization In Income Statement": NaN,
        "Depreciation Income Statement": NaN,
        "Gross Profit": NaN,
        "Cost Of Revenue": NaN,
        "Total Revenue": NaN,
        "Operating Revenue": NaN
    },
    "2024-06-30": {
        "Tax Effect Of Unusual Items": 7770000.0,
        "Tax Rate For Calcs": 0.21,
        "Normalized EBITDA": 283000000.0,
        "Total Unusual Items": 37000000.0,
        "Total Unusual Items Excluding Goodwill": 37000000.0,
        "Net Income From Continuing Operation Net Minority Interest": -342000000.0,
        "Reconciled Depreciation": 312000000.0,
        "Reconciled Cost Of Revenue": 419000000.0,
        "EBITDA": 320000000.0,
        "EBIT": 8000000.0,
        "Net Interest Income": -341000000.0,
        "Interest Expense": 341000000.0,
        "Normalized Income": -371230000.0,
        "Net Income From Continuing And Discontinued Operation": -342000000.0,
        "Total Expenses": 753000000.0,
        "Diluted Average Shares": 179641384.0,
        "Basic Average Shares": 179641384.0,
        "Diluted EPS": -1.903793,
        "Basic EPS": -1.903793,
        "Diluted NI Availto Com Stockholders": -342000000.0,
        "Net Income Common Stockholders": -342000000.0,
        "Net Income": -342000000.0,
        "Minority Interests": -3000000.0,
        "Net Income Including Noncontrolling Interests": -339000000.0,
        "Net Income Continuous Operations": -339000000.0,
        "Tax Provision": 6000000.0,
        "Pretax Income": -333000000.0,
        "Other Income Expense": -228000000.0,
        "Other Non Operating Income Expenses": -258000000.0,
        "Earnings From Equity Interest": -7000000.0,
        "Gain On Sale Of Security": 37000000.0,
        "Net Non Operating Interest Income Expense": -341000000.0,
        "Interest Expense Non Operating": 341000000.0,
        "Operating Income": 236000000.0,
        "Operating Expense": 334000000.0,
        "Other Operating Expenses": 22000000.0,
        "Depreciation Amortization Depletion Income Statement": 312000000.0,
        "Depreciation And Amortization In Income Statement": 312000000.0,
        "Depreciation Income Statement": 312000000.0,
        "Gross Profit": 570000000.0,
        "Cost Of Revenue": 419000000.0,
        "Total Revenue": 989000000.0,
        "Operating Revenue": 989000000.0
    },
    "2024-09-30": {
        "Tax Effect Of Unusual Items": 2520000.0,
        "Tax Rate For Calcs": 0.21,
        "Normalized EBITDA": -8000000.0,
        "Total Unusual Items": 12000000.0,
        "Total Unusual Items Excluding Goodwill": 12000000.0,
        "Net Income From Continuing Operation Net Minority Interest": -674000000.0,
        "Reconciled Depreciation": 313000000.0,
        "Reconciled Cost Of Revenue": 407000000.0,
        "EBITDA": 4000000.0,
        "EBIT": -309000000.0,
        "Net Interest Income": -328000000.0,
        "Interest Expense": 328000000.0,
        "Normalized Income": -683480000.0,
        "Net Income From Continuing And Discontinued Operation": -674000000.0,
        "Total Expenses": 748000000.0,
        "Diluted Average Shares": 179641191.0,
        "Basic Average Shares": 179641191.0,
        "Diluted EPS": -3.751923,
        "Basic EPS": -3.751923,
        "Diluted NI Availto Com Stockholders": -674000000.0,
        "Net Income Common Stockholders": -674000000.0,
        "Net Income": -674000000.0,
        "Minority Interests": -10000000.0,
        "Net Income Including Noncontrolling Interests": -664000000.0,
        "Net Income Continuous Operations": -664000000.0,
        "Tax Provision": 27000000.0,
        "Pretax Income": -637000000.0,
        "Other Income Expense": -602000000.0,
        "Other Non Operating Income Expenses": -614000000.0,
        "Earnings From Equity Interest": 0.0,
        "Gain On Sale Of Security": 12000000.0,
        "Net Non Operating Interest Income Expense": -328000000.0,
        "Interest Expense Non Operating": 328000000.0,
        "Operating Income": 293000000.0,
        "Operating Expense": 341000000.0,
        "Other Operating Expenses": 28000000.0,
        "Depreciation Amortization Depletion Income Statement": 313000000.0,
        "Depreciation And Amortization In Income Statement": 313000000.0,
        "Depreciation Income Statement": 313000000.0,
        "Gross Profit": 634000000.0,
        "Cost Of Revenue": 407000000.0,
        "Total Revenue": 1041000000.0,
        "Operating Revenue": 1041000000.0
    },
    "2024-12-31": {
        "Tax Effect Of Unusual Items": 46347992.351816,
        "Tax Rate For Calcs": 0.096558,
        "Normalized EBITDA": 1493000000.0,
        "Total Unusual Items": 480000000.0,
        "Total Unusual Items Excluding Goodwill": 480000000.0,
        "Net Income From Continuing Operation Net Minority Interest": 761000000.0,
        "Reconciled Depreciation": 292000000.0,
        "Reconciled Cost Of Revenue": 457000000.0,
        "EBITDA": 1973000000.0,
        "EBIT": 1681000000.0,
        "Net Interest Income": -534000000.0,
        "Interest Expense": 635000000.0,
        "Normalized Income": 327347992.351816,
        "Net Income From Continuing And Discontinued Operation": 761000000.0,
        "Total Expenses": 784000000.0,
        "Diluted Average Shares": 179640851.0,
        "Basic Average Shares": 179640851.0,
        "Diluted EPS": 4.23623,
        "Basic EPS": 4.23623,
        "Diluted NI Availto Com Stockholders": 761000000.0,
        "Net Income Common Stockholders": 761000000.0,
        "Net Income": 761000000.0,
        "Minority Interests": -184000000.0,
        "Net Income Including Noncontrolling Interests": 945000000.0,
        "Net Income Continuous Operations": 945000000.0,
        "Tax Provision": 101000000.0,
        "Pretax Income": 1046000000.0,
        "Other Income Expense": 1377000000.0,
        "Other Non Operating Income Expenses": 899000000.0,
        "Earnings From Equity Interest": -2000000.0,
        "Gain On Sale Of Security": 160000000.0,
        "Net Non Operating Interest Income Expense": -534000000.0,
        "Interest Expense Non Operating": 635000000.0,
        "Operating Income": 203000000.0,
        "Operating Expense": 327000000.0,
        "Other Operating Expenses": 35000000.0,
        "Depreciation Amortization Depletion Income Statement": 292000000.0,
        "Depreciation And Amortization In Income Statement": 292000000.0,
        "Depreciation Income Statement": 292000000.0,
        "Gross Profit": 530000000.0,
        "Cost Of Revenue": 457000000.0,
        "Total Revenue": 987000000.0,
        "Operating Revenue": 987000000.0
    },
    "2025-03-31": {
        "Tax Effect Of Unusual Items": -4410000.0,
        "Tax Rate For Calcs": 0.21,
        "Normalized EBITDA": 743000000.0,
        "Total Unusual Items": -21000000.0,
        "Total Unusual Items Excluding Goodwill": -21000000.0,
        "Net Income From Continuing Operation Net Minority Interest": 5000000.0,
        "Reconciled Depreciation": 307000000.0,
        "Reconciled Cost Of Revenue": 368000000.0,
        "EBITDA": 722000000.0,
        "EBIT": 415000000.0,
        "Net Interest Income": -413000000.0,
        "Interest Expense": 413000000.0,
        "Normalized Income": 21590000.0,
        "Net Income From Continuing And Discontinued Operation": 5000000.0,
        "Total Expenses": 698000000.0,
        "Diluted Average Shares": 179605538.0,
        "Basic Average Shares": 179605538.0,
        "Diluted EPS": 0.027839,
        "Basic EPS": 0.027839,
        "Diluted NI Availto Com Stockholders": 5000000.0,
        "Net Income Common Stockholders": 5000000.0,
        "Net Income": 5000000.0,
        "Minority Interests": 10000000.0,
        "Net Income Including Noncontrolling Interests": -5000000.0,
        "Net Income Continuous Operations": -5000000.0,
        "Tax Provision": 7000000.0,
        "Pretax Income": 2000000.0,
        "Other Income Expense": 206000000.0,
        "Other Non Operating Income Expenses": 229000000.0,
        "Earnings From Equity Interest": -2000000.0,
        "Gain On Sale Of Security": -21000000.0,
        "Net Non Operating Interest Income Expense": -413000000.0,
        "Interest Expense Non Operating": 413000000.0,
        "Operating Income": 209000000.0,
        "Operating Expense": 330000000.0,
        "Other Operating Expenses": 23000000.0,
        "Depreciation Amortization Depletion Income Statement": 307000000.0,
        "Depreciation And Amortization In Income Statement": 307000000.0,
        "Depreciation Income Statement": 307000000.0,
        "Gross Profit": 539000000.0,
        "Cost Of Revenue": 368000000.0,
        "Total Revenue": 907000000.0,
        "Operating Revenue": 907000000.0
    },
    "2025-06-30": {
        "Tax Effect Of Unusual Items": -17955.801105,
        "Tax Rate For Calcs": 0.000691,
        "Normalized EBITDA": -678000000.0,
        "Total Unusual Items": -26000000.0,
        "Total Unusual Items Excluding Goodwill": -26000000.0,
        "Net Income From Continuing Operation Net Minority Interest": -1410000000.0,
        "Reconciled Depreciation": 319000000.0,
        "Reconciled Cost Of Revenue": 353000000.0,
        "EBITDA": -704000000.0,
        "EBIT": -1023000000.0,
        "Net Interest Income": -425000000.0,
        "Interest Expense": 425000000.0,
        "Normalized Income": -1384017955.801105,
        "Net Income From Continuing And Discontinued Operation": -1410000000.0,
        "Total Expenses": 698000000.0,
        "Diluted Average Shares": NaN,
        "Basic Average Shares": NaN,
        "Diluted EPS": NaN,
        "Basic EPS": NaN,
        "Diluted NI Availto Com Stockholders": -1410000000.0,
        "Net Income Common Stockholders": -1410000000.0,
        "Net Income": -1410000000.0,
        "Minority Interests": 37000000.0,
        "Net Income Including Noncontrolling Interests": -1447000000.0,
        "Net Income Continuous Operations": -1447000000.0,
        "Tax Provision": -1000000.0,
        "Pretax Income": -1448000000.0,
        "Other Income Expense": -1277000000.0,
        "Other Non Operating Income Expenses": -1252000000.0,
        "Earnings From Equity Interest": 1000000.0,
        "Gain On Sale Of Security": -26000000.0,
        "Net Non Operating Interest Income Expense": -425000000.0,
        "Interest Expense Non Operating": 425000000.0,
        "Operating Income": 254000000.0,
        "Operating Expense": 345000000.0,
        "Other Operating Expenses": 26000000.0,
        "Depreciation Amortization Depletion Income Statement": 319000000.0,
        "Depreciation And Amortization In Income Statement": 319000000.0,
        "Depreciation Income Statement": 319000000.0,
        "Gross Profit": 599000000.0,
        "Cost Of Revenue": 353000000.0,
        "Total Revenue": 952000000.0,
        "Operating Revenue": 952000000.0
    }
}