{
    "2023-03-31": {
        "Tax Effect Of Unusual Items": 0.0,
        "Tax Rate For Calcs": 0.21,
        "Normalized EBITDA": 57955000.0,
        "Total Unusual Items": NaN,
        "Total Unusual Items Excluding Goodwill": NaN,
        "Net Income From Continuing Operation Net Minority Interest": 8126000.0,
        "Reconciled Depreciation": 27310000.0,
        "Reconciled Cost Of Revenue": 412880000.0,
        "EBITDA": 57955000.0,
        "EBIT": 30645000.0,
        "Net Interest Income": -12916000.0,
        "Interest Expense": 12916000.0,
        "Normalized Income": 8126000.0,
        "Net Income From Continuing And Discontinued Operation": 8126000.0,
        "Total Expenses": 522961000.0,
        "Total Operating Income As Reported": 30645000.0,
        "Diluted Average Shares": 57709909.0,
        "Basic Average Shares": 57603866.0,
        "Diluted EPS": 0.14,
        "Basic EPS": 0.14,
        "Diluted NI Availto Com Stockholders": 8098000.0,
        "Average Dilution Earnings": 0.0,
        "Net Income Common Stockholders": 8098000.0,
        "Otherunder Preferred Stock Dividend": 28000.0,
        "Net Income": 8126000.0,
        "Net Income Including Noncontrolling Interests": 8126000.0,
        "Net Income Continuous Operations": 8126000.0,
        "Tax Provision": 9603000.0,
        "Pretax Income": 17729000.0,
        "Other Income Expense": NaN,
        "Gain On Sale Of Security": NaN,
        "Net Non Operating Interest Income Expense": -12916000.0,
        "Interest Expense Non Operating": 12916000.0,
        "Operating Income": 30645000.0,
        "Operating Expense": 90969000.0,
        "Depreciation Amortization Depletion Income Statement": 8198000.0,
        "Depreciation And Amortization In Income Statement": 8198000.0,
        "Amortization": 8198000.0,
        "Amortization Of Intangibles Income Statement": 8198000.0,
        "Selling General And Administration": 82771000.0,
        "Gross Profit": 121614000.0,
        "Cost Of Revenue": 431992000.0,
        "Total Revenue": 553606000.0,
        "Operating Revenue": 553606000.0
    },
    "2022-12-31": {
        "Tax Effect Of Unusual Items": NaN,
        "Tax Rate For Calcs": NaN,
        "Normalized EBITDA": NaN,
        "Total Unusual Items": 0.0,
        "Total Unusual Items Excluding Goodwill": 0.0,
        "Net Income From Continuing Operation Net Minority Interest": NaN,
        "Reconciled Depreciation": NaN,
        "Reconciled Cost Of Revenue": NaN,
        "EBITDA": NaN,
        "EBIT": NaN,
        "Net Interest Income": NaN,
        "Interest Expense": NaN,
        "Normalized Income": NaN,
        "Net Income From Continuing And Discontinued Operation": NaN,
        "Total Expenses": NaN,
        "Total Operating Income As Reported": NaN,
        "Diluted Average Shares": NaN,
        "Basic Average Shares": NaN,
        "Diluted EPS": NaN,
        "Basic EPS": NaN,
        "Diluted NI Availto Com Stockholders": NaN,
        "Average Dilution Earnings": NaN,
        "Net Income Common Stockholders": NaN,
        "Otherunder Preferred Stock Dividend": NaN,
        "Net Income": NaN,
        "Net Income Including Noncontrolling Interests": NaN,
        "Net Income Continuous Operations": NaN,
        "Tax Provision": NaN,
        "Pretax Income": NaN,
        "Other Income Expense": 0.0,
        "Gain On Sale Of Security": 0.0,
        "Net Non Operating Interest Income Expense": NaN,
        "Interest Expense Non Operating": NaN,
        "Operating Income": NaN,
        "Operating Expense": NaN,
        "Depreciation Amortization Depletion Income Statement": NaN,
        "Depreciation And Amortization In Income Statement": NaN,
        "Amortization": NaN,
        "Amortization Of Intangibles Income Statement": NaN,
        "Selling General And Administration": NaN,
        "Gross Profit": NaN,
        "Cost Of Revenue": NaN,
        "Total Revenue": NaN,
        "Operating Revenue": NaN
    },
    "2022-09-30": {
        "Tax Effect Of Unusual Items": 0.0,
        "Tax Rate For Calcs": 0.332602,
        "Normalized EBITDA": 66346000.0,
        "Total Unusual Items": NaN,
        "Total Unusual Items Excluding Goodwill": NaN,
        "Net Income From Continuing Operation Net Minority Interest": 18248000.0,
        "Reconciled Depreciation": 27297000.0,
        "Reconciled Cost Of Revenue": 393057000.0,
        "EBITDA": 66346000.0,
        "EBIT": 39049000.0,
        "Net Interest Income": -11707000.0,
        "Interest Expense": 11707000.0,
        "Normalized Income": 18248000.0,
        "Net Income From Continuing And Discontinued Operation": 18248000.0,
        "Total Expenses": 501166000.0,
        "Total Operating Income As Reported": 39049000.0,
        "Diluted Average Shares": 57740013.0,
        "Basic Average Shares": 57664895.0,
        "Diluted EPS": 0.31,
        "Basic EPS": 0.32,
        "Diluted NI Availto Com Stockholders": 18248000.0,
        "Average Dilution Earnings": 0.0,
        "Net Income Common Stockholders": 18248000.0,
        "Otherunder Preferred Stock Dividend": 78000.0,
        "Net Income": 18248000.0,
        "Net Income Including Noncontrolling Interests": 18248000.0,
        "Net Income Continuous Operations": 18248000.0,
        "Tax Provision": 9094000.0,
        "Pretax Income": 27342000.0,
        "Other Income Expense": NaN,
        "Special Income Charges": NaN,
        "Gain On Sale Of Security": NaN,
        "Net Non Operating Interest Income Expense": -11707000.0,
        "Interest Expense Non Operating": 11707000.0,
        "Operating Income": 39049000.0,
        "Operating Expense": 89760000.0,
        "Depreciation Amortization Depletion Income Statement": 8948000.0,
        "Depreciation And Amortization In Income Statement": 8948000.0,
        "Amortization": 8948000.0,
        "Amortization Of Intangibles Income Statement": 8948000.0,
        "Selling General And Administration": 80812000.0,
        "Gross Profit": 128809000.0,
        "Cost Of Revenue": 411406000.0,
        "Total Revenue": 540215000.0,
        "Operating Revenue": 540215000.0
    },
    "2022-06-30": {
        "Tax Effect Of Unusual Items": -1571106.969349,
        "Tax Rate For Calcs": 0.265524,
        "Normalized EBITDA": 72907000.0,
        "Total Unusual Items": -5917000.0,
        "Total Unusual Items Excluding Goodwill": -5917000.0,
        "Net Income From Continuing Operation Net Minority Interest": 24945000.0,
        "Reconciled Depreciation": 25085000.0,
        "Reconciled Cost Of Revenue": 343761000.0,
        "EBITDA": 66990000.0,
        "EBIT": 41905000.0,
        "Net Interest Income": -7942000.0,
        "Interest Expense": 7942000.0,
        "Normalized Income": 29290893.030651,
        "Net Income From Continuing And Discontinued Operation": 24945000.0,
        "Total Expenses": 442519000.0,
        "Total Operating Income As Reported": 47822000.0,
        "Diluted Average Shares": 59252869.0,
        "Basic Average Shares": 59113044.0,
        "Diluted EPS": 0.42,
        "Basic EPS": 0.42,
        "Diluted NI Availto Com Stockholders": 24945000.0,
        "Average Dilution Earnings": 1000.0,
        "Net Income Common Stockholders": 24945000.0,
        "Otherunder Preferred Stock Dividend": 105000.0,
        "Net Income": 24945000.0,
        "Net Income Including Noncontrolling Interests": 24945000.0,
        "Net Income Continuous Operations": 24945000.0,
        "Tax Provision": 9018000.0,
        "Pretax Income": 33963000.0,
        "Other Income Expense": -5917000.0,
        "Special Income Charges": NaN,
        "Gain On Sale Of Security": -5917000.0,
        "Net Non Operating Interest Income Expense": -7942000.0,
        "Interest Expense Non Operating": 7942000.0,
        "Operating Income": 47822000.0,
        "Operating Expense": 80703000.0,
        "Depreciation Amortization Depletion Income Statement": 7030000.0,
        "Depreciation And Amortization In Income Statement": 7030000.0,
        "Amortization": 7030000.0,
        "Amortization Of Intangibles Income Statement": 7030000.0,
        "Selling General And Administration": 73673000.0,
        "Gross Profit": 128525000.0,
        "Cost Of Revenue": 361816000.0,
        "Total Revenue": 490341000.0,
        "Operating Revenue": 490341000.0
    },
    "2023-06-30": {
        "Tax Effect Of Unusual Items": 0.0,
        "Tax Rate For Calcs": 0.382,
        "Normalized EBITDA": 74451000.0,
        "Net Income From Continuing Operation Net Minority Interest": 20594000.0,
        "Reconciled Depreciation": 28919000.0,
        "Reconciled Cost Of Revenue": 446866000.0,
        "EBITDA": 74451000.0,
        "EBIT": 45532000.0,
        "Net Interest Income": -12219000.0,
        "Interest Expense": 12219000.0,
        "Normalized Income": 20594000.0,
        "Net Income From Continuing And Discontinued Operation": 20594000.0,
        "Total Expenses": 557684000.0,
        "Total Operating Income As Reported": 45532000.0,
        "Diluted Average Shares": 57905424.0,
        "Basic Average Shares": 57707565.0,
        "Diluted EPS": 0.35,
        "Basic EPS": 0.36,
        "Diluted NI Availto Com Stockholders": 20548000.0,
        "Average Dilution Earnings": 0.0,
        "Net Income Common Stockholders": 20548000.0,
        "Otherunder Preferred Stock Dividend": 46000.0,
        "Net Income": 20594000.0,
        "Net Income Including Noncontrolling Interests": 20594000.0,
        "Net Income Continuous Operations": 20594000.0,
        "Tax Provision": 12719000.0,
        "Pretax Income": 33313000.0,
        "Net Non Operating Interest Income Expense": -12219000.0,
        "Interest Expense Non Operating": 12219000.0,
        "Operating Income": 45532000.0,
        "Operating Expense": 91031000.0,
        "Depreciation Amortization Depletion Income Statement": 9132000.0,
        "Depreciation And Amortization In Income Statement": 9132000.0,
        "Amortization": 9132000.0,
        "Amortization Of Intangibles Income Statement": 9132000.0,
        "Selling General And Administration": 81899000.0,
        "Gross Profit": 136563000.0,
        "Cost Of Revenue": 466653000.0,
        "Total Revenue": 603216000.0,
        "Operating Revenue": 603216000.0
    },
    "2022-03-31": {
        "Diluted EPS": 0.33,
        "Total Revenue": 460,
        "Gross Profit": 110,
        "Operating Income": 31,
        "EBIT": 57,
        "Net Income": 19
    },
    "2021-12-31": {
        "Diluted EPS": 0.28,
        "Total Revenue": 463,
        "Gross Profit": 107,
        "Operating Income": 35,
        "EBIT": 64,
        "Net Income": 18
    },
    "2021-09-30": {
        "Diluted EPS": 0.44,
        "Total Revenue": 460,
        "Gross Profit": 120,
        "Operating Income": 46,
        "EBIT": 73,
        "Net Income": 27
    },
    "2021-06-30": {
        "Diluted EPS": 0.31,
        "Total Revenue": 441,
        "Gross Profit": 106,
        "Operating Income": 34,
        "EBIT": 62,
        "Net Income": 19
    },
    "2021-03-31": {
        "Diluted EPS": 0.12,
        "Total Revenue": 391,
        "Gross Profit": 81,
        "Operating Income": 14,
        "EBIT": 41,
        "Net Income": 7
    },
    "2020-12-31": {
        "Diluted EPS": 0.03,
        "Total Revenue": 377,
        "Gross Profit": 75,
        "Operating Income": 8,
        "EBIT": 40,
        "Net Income": 2
    },
    "2020-09-30": {
        "Diluted EPS": -0.11,
        "Total Revenue": 338,
        "Gross Profit": 55,
        "Operating Income": -6,
        "EBIT": 21,
        "Net Income": -7
    },
    "2020-06-30": {
        "Diluted EPS": 0.01,
        "Total Revenue": 294,
        "Gross Profit": 65,
        "Operating Income": 8,
        "EBIT": 36,
        "Net Income": 0
    },
    "2020-03-31": {
        "Diluted EPS": 0.52,
        "Total Revenue": 506,
        "Gross Profit": 109,
        "Operating Income": 43,
        "EBIT": 72,
        "Net Income": 31
    },
    "2019-12-31": {
        "Diluted EPS": 0.82,
        "Total Revenue": 521,
        "Gross Profit": 131,
        "Operating Income": 67,
        "EBIT": 97,
        "Net Income": 48
    },
    "2019-09-30": {
        "Diluted EPS": 0.69,
        "Total Revenue": 512,
        "Gross Profit": 125,
        "Operating Income": 63,
        "EBIT": 90,
        "Net Income": 41
    },
    "2019-06-30": {
        "Diluted EPS": 0.83,
        "Total Revenue": 528,
        "Gross Profit": 140,
        "Operating Income": 75,
        "EBIT": 102,
        "Net Income": 49
    },
    "2019-03-31": {
        "Diluted EPS": 0.71,
        "Total Revenue": 502,
        "Gross Profit": 127,
        "Operating Income": 63,
        "EBIT": 89,
        "Net Income": 42
    },
    "2018-12-31": {
        "Diluted EPS": 0.79,
        "Total Revenue": 478,
        "Gross Profit": 121,
        "Operating Income": 64,
        "EBIT": 91,
        "Net Income": 46
    },
    "2018-09-30": {
        "Diluted EPS": 0.57,
        "Total Revenue": 472,
        "Gross Profit": 113,
        "Operating Income": 55,
        "EBIT": 81,
        "Net Income": 34
    },
    "2018-06-30": {
        "Diluted EPS": 0.68,
        "Total Revenue": 490,
        "Gross Profit": 126,
        "Operating Income": 65,
        "EBIT": 90,
        "Net Income": 40
    },
    "2018-03-31": {
        "Diluted EPS": 0.62,
        "Total Revenue": 464,
        "Gross Profit": 114,
        "Operating Income": 55,
        "EBIT": 80,
        "Net Income": 37
    },
    "2017-12-31": {
        "Diluted EPS": 0.86,
        "Total Revenue": 440,
        "Gross Profit": 108,
        "Operating Income": 52,
        "EBIT": 77,
        "Net Income": 51
    },
    "2017-09-30": {
        "Diluted EPS": 0.51,
        "Total Revenue": 433,
        "Gross Profit": 103,
        "Operating Income": 45,
        "EBIT": 69,
        "Net Income": 31
    },
    "2017-06-30": {
        "Diluted EPS": 0.54,
        "Total Revenue": 446,
        "Gross Profit": 114,
        "Operating Income": 57,
        "EBIT": 80,
        "Net Income": 33
    },
    "2017-03-31": {
        "Diluted EPS": 0.68,
        "Total Revenue": 422,
        "Gross Profit": 105,
        "Operating Income": 51,
        "EBIT": 75,
        "Net Income": 41
    },
    "2016-12-31": {
        "Diluted EPS": 0.28,
        "Total Revenue": 399,
        "Gross Profit": 99,
        "Operating Income": 47,
        "EBIT": 71,
        "Net Income": 17
    },
    "2016-09-30": {
        "Diluted EPS": 0.37,
        "Total Revenue": 384,
        "Gross Profit": 91,
        "Operating Income": 45,
        "EBIT": 67,
        "Net Income": 22
    },
    "2016-06-30": {
        "Diluted EPS": 0.5,
        "Total Revenue": 402,
        "Gross Profit": 104,
        "Operating Income": 57,
        "EBIT": 78,
        "Net Income": 30
    },
    "2016-03-31": {
        "Diluted EPS": 0.4,
        "Total Revenue": 385,
        "Gross Profit": 96,
        "Operating Income": 49,
        "EBIT": 70,
        "Net Income": 25
    },
    "2015-12-31": {
        "Diluted EPS": 0.39,
        "Total Revenue": 372,
        "Gross Profit": 90,
        "Operating Income": 45,
        "EBIT": 66,
        "Net Income": 23
    },
    "2015-09-30": {
        "Diluted EPS": 0.33,
        "Total Revenue": 366,
        "Gross Profit": 85,
        "Operating Income": 42,
        "EBIT": 63,
        "Net Income": 21
    },
    "2015-06-30": {
        "Diluted EPS": 0.43,
        "Total Revenue": 370,
        "Gross Profit": 96,
        "Operating Income": 52,
        "EBIT": 72,
        "Net Income": 27
    },
    "2015-03-31": {
        "Diluted EPS": 0.35,
        "Total Revenue": 350,
        "Gross Profit": 87,
        "Operating Income": 43,
        "EBIT": 63,
        "Net Income": 23
    },
    "2014-12-31": {
        "Diluted EPS": 0.28,
        "Total Revenue": 338,
        "Gross Profit": 80,
        "Operating Income": 37,
        "EBIT": 57,
        "Net Income": 19
    },
    "2014-09-30": {
        "Diluted EPS": 0.23,
        "Total Revenue": 335,
        "Gross Profit": 73,
        "Operating Income": 33,
        "EBIT": 53,
        "Net Income": 15
    },
    "2014-06-30": {
        "Diluted EPS": 0.32,
        "Total Revenue": 348,
        "Gross Profit": 83,
        "Operating Income": 43,
        "EBIT": 63,
        "Net Income": 22
    },
    "2014-03-31": {
        "Diluted EPS": 0.24,
        "Total Revenue": 332,
        "Gross Profit": 77,
        "Operating Income": 34,
        "EBIT": 54,
        "Net Income": 16
    },
    "2013-12-31": {
        "Diluted EPS": 0.51,
        "Total Revenue": 319,
        "Gross Profit": 71,
        "Operating Income": 30,
        "EBIT": 51,
        "Net Income": 24
    },
    "2013-09-30": {
        "Diluted EPS": 0.23,
        "Total Revenue": 309,
        "Gross Profit": 69,
        "Operating Income": 28,
        "EBIT": 47,
        "Net Income": 15
    },
    "2013-06-30": {
        "Diluted EPS": 0.37,
        "Total Revenue": 311,
        "Gross Profit": 75,
        "Operating Income": 35,
        "EBIT": 54,
        "Net Income": 25
    },
    "2013-03-31": {
        "Diluted EPS": -0.91,
        "Total Revenue": 280,
        "Gross Profit": 66,
        "Operating Income": 15,
        "EBIT": 32,
        "Net Income": -51
    },
    "2012-12-31": {
        "Diluted EPS": -2.87,
        "Total Revenue": 273,
        "Gross Profit": 63,
        "Operating Income": 28,
        "EBIT": 46,
        "Net Income": 4
    },
    "2012-09-30": {
        "Diluted EPS": -3.05,
        "Total Revenue": 268,
        "Gross Profit": 60,
        "Operating Income": 25,
        "EBIT": 43,
        "Net Income": -19
    },
    "2012-06-30": {
        "Diluted EPS": -4.2,
        "Total Revenue": 271,
        "Gross Profit": 65,
        "Operating Income": 16,
        "EBIT": 33,
        "Net Income": -25
    },
    "2012-03-31": {
        "Diluted EPS": -2.49,
        "Total Revenue": 258,
        "Gross Profit": 58,
        "Operating Income": 26,
        "EBIT": 42,
        "Net Income": -15
    },
    "2011-12-31": {
        "Diluted EPS": 0.0,
        "Total Revenue": NaN,
        "Gross Profit": NaN,
        "Operating Income": NaN,
        "EBIT": NaN,
        "Net Income": NaN
    },
    "2010-12-31": {
        "Diluted EPS": 0.0,
        "Total Revenue": NaN,
        "Gross Profit": NaN,
        "Operating Income": NaN,
        "EBIT": NaN,
        "Net Income": NaN
    },
    "2023-09-30": {
        "Tax Effect Of Unusual Items": NaN,
        "Tax Rate For Calcs": NaN,
        "Normalized EBITDA": NaN,
        "Net Income From Continuing Operation Net Minority Interest": NaN,
        "Reconciled Depreciation": NaN,
        "Reconciled Cost Of Revenue": NaN,
        "EBITDA": NaN,
        "EBIT": NaN,
        "Net Interest Income": NaN,
        "Interest Expense": NaN,
        "Normalized Income": NaN,
        "Net Income From Continuing And Discontinued Operation": NaN,
        "Total Expenses": NaN,
        "Total Operating Income As Reported": NaN,
        "Diluted Average Shares": 58045137.0,
        "Basic Average Shares": 57765332.0,
        "Diluted EPS": 0.69,
        "Basic EPS": 0.69,
        "Diluted NI Availto Com Stockholders": NaN,
        "Average Dilution Earnings": NaN,
        "Net Income Common Stockholders": NaN,
        "Otherunder Preferred Stock Dividend": NaN,
        "Net Income": NaN,
        "Net Income Including Noncontrolling Interests": NaN,
        "Net Income Continuous Operations": NaN,
        "Tax Provision": NaN,
        "Pretax Income": NaN,
        "Net Non Operating Interest Income Expense": NaN,
        "Interest Expense Non Operating": NaN,
        "Operating Income": NaN,
        "Operating Expense": NaN,
        "Depreciation Amortization Depletion Income Statement": NaN,
        "Depreciation And Amortization In Income Statement": NaN,
        "Amortization": NaN,
        "Amortization Of Intangibles Income Statement": NaN,
        "Selling General And Administration": NaN,
        "Gross Profit": NaN,
        "Cost Of Revenue": NaN,
        "Total Revenue": NaN,
        "Operating Revenue": NaN
    },
    "2023-12-31": {
        "Tax Effect Of Unusual Items": NaN,
        "Tax Rate For Calcs": NaN,
        "Normalized EBITDA": NaN,
        "Net Income From Continuing Operation Net Minority Interest": NaN,
        "Reconciled Depreciation": NaN,
        "Reconciled Cost Of Revenue": NaN,
        "EBITDA": NaN,
        "EBIT": NaN,
        "Net Interest Income": NaN,
        "Interest Expense": NaN,
        "Normalized Income": NaN,
        "Net Income From Continuing And Discontinued Operation": NaN,
        "Total Expenses": NaN,
        "Total Operating Income As Reported": NaN,
        "Diluted Average Shares": NaN,
        "Basic Average Shares": NaN,
        "Diluted EPS": NaN,
        "Basic EPS": NaN,
        "Diluted NI Availto Com Stockholders": NaN,
        "Average Dilution Earnings": 0.0,
        "Net Income Common Stockholders": NaN,
        "Otherunder Preferred Stock Dividend": 12000.0,
        "Net Income": NaN,
        "Net Income Including Noncontrolling Interests": NaN,
        "Net Income Continuous Operations": NaN,
        "Tax Provision": NaN,
        "Pretax Income": NaN,
        "Net Non Operating Interest Income Expense": NaN,
        "Interest Expense Non Operating": NaN,
        "Operating Income": NaN,
        "Operating Expense": NaN,
        "Depreciation Amortization Depletion Income Statement": NaN,
        "Depreciation And Amortization In Income Statement": NaN,
        "Amortization": NaN,
        "Amortization Of Intangibles Income Statement": NaN,
        "Selling General And Administration": NaN,
        "Gross Profit": NaN,
        "Cost Of Revenue": NaN,
        "Total Revenue": NaN,
        "Operating Revenue": NaN
    },
    "2024-03-31": {
        "Tax Effect Of Unusual Items": NaN,
        "Tax Rate For Calcs": NaN,
        "Normalized EBITDA": NaN,
        "Net Income From Continuing Operation Net Minority Interest": NaN,
        "Reconciled Depreciation": NaN,
        "Reconciled Cost Of Revenue": NaN,
        "EBITDA": NaN,
        "EBIT": NaN,
        "Net Interest Income": NaN,
        "Interest Expense": NaN,
        "Normalized Income": NaN,
        "Net Income From Continuing And Discontinued Operation": NaN,
        "Total Expenses": NaN,
        "Total Operating Income As Reported": NaN,
        "Diluted Average Shares": NaN,
        "Basic Average Shares": NaN,
        "Diluted EPS": NaN,
        "Basic EPS": NaN,
        "Diluted NI Availto Com Stockholders": NaN,
        "Average Dilution Earnings": 0.0,
        "Net Income Common Stockholders": NaN,
        "Otherunder Preferred Stock Dividend": 0.0,
        "Net Income": NaN,
        "Net Income Including Noncontrolling Interests": NaN,
        "Net Income Continuous Operations": NaN,
        "Tax Provision": NaN,
        "Pretax Income": NaN,
        "Net Non Operating Interest Income Expense": NaN,
        "Interest Expense Non Operating": NaN,
        "Operating Income": NaN,
        "Operating Expense": NaN,
        "Depreciation Amortization Depletion Income Statement": NaN,
        "Depreciation And Amortization In Income Statement": NaN,
        "Amortization": NaN,
        "Amortization Of Intangibles Income Statement": NaN,
        "Selling General And Administration": NaN,
        "Gross Profit": NaN,
        "Cost Of Revenue": NaN,
        "Total Revenue": NaN,
        "Operating Revenue": NaN
    },
    "2024-06-30": {
        "Tax Effect Of Unusual Items": 0.0,
        "Tax Rate For Calcs": 0.313291,
        "Normalized EBITDA": 94525000.0,
        "Net Income From Continuing Operation Net Minority Interest": 39174000.0,
        "Reconciled Depreciation": 25466000.0,
        "Reconciled Cost Of Revenue": 488035000.0,
        "EBITDA": 94525000.0,
        "EBIT": 69059000.0,
        "Net Interest Income": -12013000.0,
        "Interest Expense": 12013000.0,
        "Normalized Income": 39174000.0,
        "Net Income From Continuing And Discontinued Operation": 39174000.0,
        "Total Expenses": 601000000.0,
        "Total Operating Income As Reported": 69059000.0,
        "Diluted Average Shares": 58438186.0,
        "Basic Average Shares": 57971350.0,
        "Diluted EPS": 0.67,
        "Basic EPS": 0.68,
        "Diluted NI Availto Com Stockholders": 39174000.0,
        "Average Dilution Earnings": 0.0,
        "Net Income Common Stockholders": 39174000.0,
        "Otherunder Preferred Stock Dividend": 0.0,
        "Net Income": 39174000.0,
        "Net Income Including Noncontrolling Interests": 39174000.0,
        "Net Income Continuous Operations": 39174000.0,
        "Tax Provision": 17872000.0,
        "Pretax Income": 57046000.0,
        "Net Non Operating Interest Income Expense": -12013000.0,
        "Interest Expense Non Operating": 12013000.0,
        "Operating Income": 69059000.0,
        "Operating Expense": 93353000.0,
        "Depreciation Amortization Depletion Income Statement": 5854000.0,
        "Depreciation And Amortization In Income Statement": 5854000.0,
        "Amortization": 5854000.0,
        "Amortization Of Intangibles Income Statement": 5854000.0,
        "Selling General And Administration": 87499000.0,
        "Gross Profit": 162412000.0,
        "Cost Of Revenue": 507647000.0,
        "Total Revenue": 670059000.0,
        "Operating Revenue": 670059000.0
    },
    "2024-09-30": {
        "Tax Effect Of Unusual Items": 0.0,
        "Tax Rate For Calcs": 0.294,
        "Normalized EBITDA": 111898000.0,
        "Net Income From Continuing Operation Net Minority Interest": 54905000.0,
        "Reconciled Depreciation": 22502000.0,
        "Reconciled Cost Of Revenue": 517702000.0,
        "EBITDA": 111898000.0,
        "EBIT": 89396000.0,
        "Net Interest Income": -11613000.0,
        "Interest Expense": 11613000.0,
        "Normalized Income": 54905000.0,
        "Net Income From Continuing And Discontinued Operation": 54905000.0,
        "Total Expenses": 629703000.0,
        "Total Operating Income As Reported": 89396000.0,
        "Diluted Average Shares": 58701618.0,
        "Basic Average Shares": 58062009.0,
        "Diluted EPS": 0.94,
        "Basic EPS": 0.95,
        "Diluted NI Availto Com Stockholders": 54905000.0,
        "Average Dilution Earnings": 0.0,
        "Net Income Common Stockholders": 54905000.0,
        "Otherunder Preferred Stock Dividend": 0.0,
        "Net Income": 54905000.0,
        "Net Income Including Noncontrolling Interests": 54905000.0,
        "Net Income Continuous Operations": 54905000.0,
        "Tax Provision": 22878000.0,
        "Pretax Income": 77783000.0,
        "Net Non Operating Interest Income Expense": -11613000.0,
        "Interest Expense Non Operating": 11613000.0,
        "Operating Income": 89396000.0,
        "Operating Expense": 92139000.0,
        "Depreciation Amortization Depletion Income Statement": 2640000.0,
        "Depreciation And Amortization In Income Statement": 2640000.0,
        "Amortization": 2640000.0,
        "Amortization Of Intangibles Income Statement": 2640000.0,
        "Selling General And Administration": 89499000.0,
        "Gross Profit": 181535000.0,
        "Cost Of Revenue": 537564000.0,
        "Total Revenue": 719099000.0,
        "Operating Revenue": 719099000.0
    },
    "2024-12-31": {
        "Tax Effect Of Unusual Items": 0.0,
        "Tax Rate For Calcs": 0.208033,
        "Normalized EBITDA": 70544000.0,
        "Net Income From Continuing Operation Net Minority Interest": 29123000.0,
        "Reconciled Depreciation": 22317000.0,
        "Reconciled Cost Of Revenue": 513501000.0,
        "EBITDA": 70544000.0,
        "EBIT": 48227000.0,
        "Net Interest Income": -11454000.0,
        "Interest Expense": 11454000.0,
        "Normalized Income": 29123000.0,
        "Net Income From Continuing And Discontinued Operation": 29123000.0,
        "Total Expenses": 625919000.0,
        "Total Operating Income As Reported": 48227000.0,
        "Diluted Average Shares": 58436055.0,
        "Basic Average Shares": 57814529.0,
        "Diluted EPS": 0.5,
        "Basic EPS": 0.5,
        "Diluted NI Availto Com Stockholders": 29123000.0,
        "Average Dilution Earnings": 0.0,
        "Net Income Common Stockholders": 29123000.0,
        "Otherunder Preferred Stock Dividend": 0.0,
        "Net Income": 29123000.0,
        "Net Income Including Noncontrolling Interests": 29123000.0,
        "Net Income Continuous Operations": 29123000.0,
        "Tax Provision": 7650000.0,
        "Pretax Income": 36773000.0,
        "Net Non Operating Interest Income Expense": -11454000.0,
        "Interest Expense Non Operating": 11454000.0,
        "Operating Income": 48227000.0,
        "Operating Expense": 92304000.0,
        "Depreciation Amortization Depletion Income Statement": 2203000.0,
        "Depreciation And Amortization In Income Statement": 2203000.0,
        "Amortization": 2203000.0,
        "Amortization Of Intangibles Income Statement": 2203000.0,
        "Selling General And Administration": 90101000.0,
        "Gross Profit": 140531000.0,
        "Cost Of Revenue": 533615000.0,
        "Total Revenue": 674146000.0,
        "Operating Revenue": 674146000.0
    },
    "2025-03-31": {
        "Tax Effect Of Unusual Items": 0.0,
        "Tax Rate For Calcs": 0.267,
        "Normalized EBITDA": 84147000.0,
        "Net Income From Continuing Operation Net Minority Interest": 38049000.0,
        "Reconciled Depreciation": 21875000.0,
        "Reconciled Cost Of Revenue": 489519000.0,
        "EBITDA": 84147000.0,
        "EBIT": 62272000.0,
        "Net Interest Income": -10351000.0,
        "Interest Expense": 10351000.0,
        "Normalized Income": 38049000.0,
        "Net Income From Continuing And Discontinued Operation": 38049000.0,
        "Total Expenses": 603255000.0,
        "Total Operating Income As Reported": 62272000.0,
        "Diluted Average Shares": 57950748.0,
        "Basic Average Shares": 57383787.0,
        "Diluted EPS": 0.66,
        "Basic EPS": 0.66,
        "Diluted NI Availto Com Stockholders": 38049000.0,
        "Average Dilution Earnings": NaN,
        "Net Income Common Stockholders": 38049000.0,
        "Otherunder Preferred Stock Dividend": NaN,
        "Net Income": 38049000.0,
        "Net Income Including Noncontrolling Interests": 38049000.0,
        "Net Income Continuous Operations": 38049000.0,
        "Tax Provision": 13872000.0,
        "Pretax Income": 51921000.0,
        "Net Non Operating Interest Income Expense": -10351000.0,
        "Interest Expense Non Operating": 10351000.0,
        "Operating Income": 62272000.0,
        "Operating Expense": 93465000.0,
        "Depreciation Amortization Depletion Income Statement": 1604000.0,
        "Depreciation And Amortization In Income Statement": 1604000.0,
        "Amortization": 1604000.0,
        "Amortization Of Intangibles Income Statement": 1604000.0,
        "Selling General And Administration": 91861000.0,
        "Gross Profit": 155737000.0,
        "Cost Of Revenue": 509790000.0,
        "Total Revenue": 665527000.0,
        "Operating Revenue": 665527000.0
    },
    "2025-06-30": {
        "Tax Effect Of Unusual Items": 0.0,
        "Tax Rate For Calcs": 0.274474,
        "Normalized EBITDA": 108786000.0,
        "Net Income From Continuing Operation Net Minority Interest": 54775000.0,
        "Reconciled Depreciation": 22734000.0,
        "Reconciled Cost Of Revenue": 527950000.0,
        "EBITDA": 108786000.0,
        "EBIT": 86052000.0,
        "Net Interest Income": -10555000.0,
        "Interest Expense": 10555000.0,
        "Normalized Income": 54775000.0,
        "Net Income From Continuing And Discontinued Operation": 54775000.0,
        "Total Expenses": 645518000.0,
        "Total Operating Income As Reported": 86052000.0,
        "Diluted Average Shares": 57713111.0,
        "Basic Average Shares": 57255841.0,
        "Diluted EPS": 0.95,
        "Basic EPS": 0.96,
        "Diluted NI Availto Com Stockholders": 54775000.0,
        "Average Dilution Earnings": NaN,
        "Net Income Common Stockholders": 54775000.0,
        "Otherunder Preferred Stock Dividend": NaN,
        "Net Income": 54775000.0,
        "Net Income Including Noncontrolling Interests": 54775000.0,
        "Net Income Continuous Operations": 54775000.0,
        "Tax Provision": 20722000.0,
        "Pretax Income": 75497000.0,
        "Net Non Operating Interest Income Expense": -10555000.0,
        "Interest Expense Non Operating": 10555000.0,
        "Operating Income": 86052000.0,
        "Operating Expense": 96498000.0,
        "Depreciation Amortization Depletion Income Statement": 1664000.0,
        "Depreciation And Amortization In Income Statement": 1664000.0,
        "Amortization": 1664000.0,
        "Amortization Of Intangibles Income Statement": 1664000.0,
        "Selling General And Administration": 94834000.0,
        "Gross Profit": 182550000.0,
        "Cost Of Revenue": 549020000.0,
        "Total Revenue": 731570000.0,
        "Operating Revenue": 731570000.0
    }
}