{
    "2023-06-30": {
        "Tax Effect Of Unusual Items": NaN,
        "Tax Rate For Calcs": NaN,
        "Total Unusual Items": NaN,
        "Total Unusual Items Excluding Goodwill": NaN,
        "Net Income From Continuing Operation Net Minority Interest": NaN,
        "Reconciled Depreciation": NaN,
        "Net Interest Income": NaN,
        "Interest Expense": NaN,
        "Interest Income": NaN,
        "Normalized Income": NaN,
        "Net Income From Continuing And Discontinued Operation": NaN,
        "Diluted Average Shares": NaN,
        "Basic Average Shares": NaN,
        "Diluted EPS": NaN,
        "Basic EPS": NaN,
        "Diluted NI Availto Com Stockholders": NaN,
        "Average Dilution Earnings": 80000.0,
        "Net Income Common Stockholders": NaN,
        "Otherunder Preferred Stock Dividend": NaN,
        "Net Income": NaN,
        "Net Income Including Noncontrolling Interests": NaN,
        "Net Income Continuous Operations": NaN,
        "Tax Provision": NaN,
        "Pretax Income": NaN,
        "Special Income Charges": -228000.0,
        "Other Special Charges": 228000.0,
        "Gain On Sale Of Security": NaN,
        "Depreciation Amortization Depletion Income Statement": NaN,
        "Depreciation And Amortization In Income Statement": NaN,
        "Amortization": NaN,
        "Amortization Of Intangibles Income Statement": NaN,
        "Selling General And Administration": NaN,
        "Selling And Marketing Expense": NaN,
        "General And Administrative Expense": NaN,
        "Other Gand A": 2318000.0,
        "Salaries And Wages": NaN,
        "Total Revenue": NaN,
        "Operating Revenue": NaN,
        "Occupancy And Equipment": NaN,
        "Other Non Interest Expense": NaN
    },
    "2023-03-31": {
        "Tax Effect Of Unusual Items": NaN,
        "Tax Rate For Calcs": NaN,
        "Total Unusual Items": NaN,
        "Total Unusual Items Excluding Goodwill": NaN,
        "Net Income From Continuing Operation Net Minority Interest": NaN,
        "Reconciled Depreciation": NaN,
        "Net Interest Income": NaN,
        "Interest Expense": NaN,
        "Interest Income": NaN,
        "Normalized Income": NaN,
        "Net Income From Continuing And Discontinued Operation": NaN,
        "Diluted Average Shares": NaN,
        "Basic Average Shares": NaN,
        "Diluted EPS": NaN,
        "Basic EPS": NaN,
        "Diluted NI Availto Com Stockholders": NaN,
        "Average Dilution Earnings": NaN,
        "Net Income Common Stockholders": NaN,
        "Otherunder Preferred Stock Dividend": NaN,
        "Net Income": NaN,
        "Net Income Including Noncontrolling Interests": NaN,
        "Net Income Continuous Operations": NaN,
        "Tax Provision": NaN,
        "Pretax Income": NaN,
        "Special Income Charges": -223000.0,
        "Other Special Charges": 223000.0,
        "Gain On Sale Of Security": NaN,
        "Depreciation Amortization Depletion Income Statement": NaN,
        "Depreciation And Amortization In Income Statement": NaN,
        "Amortization": NaN,
        "Amortization Of Intangibles Income Statement": NaN,
        "Selling General And Administration": NaN,
        "Selling And Marketing Expense": NaN,
        "General And Administrative Expense": NaN,
        "Other Gand A": 2244000.0,
        "Salaries And Wages": NaN,
        "Total Revenue": NaN,
        "Operating Revenue": NaN,
        "Occupancy And Equipment": NaN,
        "Other Non Interest Expense": NaN
    },
    "2022-12-31": {
        "Tax Effect Of Unusual Items": NaN,
        "Tax Rate For Calcs": NaN,
        "Total Unusual Items": NaN,
        "Total Unusual Items Excluding Goodwill": NaN,
        "Net Income From Continuing Operation Net Minority Interest": NaN,
        "Reconciled Depreciation": NaN,
        "Net Interest Income": NaN,
        "Interest Expense": NaN,
        "Interest Income": NaN,
        "Normalized Income": NaN,
        "Net Income From Continuing And Discontinued Operation": NaN,
        "Diluted Average Shares": NaN,
        "Basic Average Shares": NaN,
        "Diluted EPS": NaN,
        "Basic EPS": NaN,
        "Diluted NI Availto Com Stockholders": NaN,
        "Average Dilution Earnings": NaN,
        "Net Income Common Stockholders": NaN,
        "Otherunder Preferred Stock Dividend": NaN,
        "Net Income": NaN,
        "Net Income Including Noncontrolling Interests": NaN,
        "Net Income Continuous Operations": NaN,
        "Tax Provision": NaN,
        "Pretax Income": NaN,
        "Special Income Charges": -165000.0,
        "Other Special Charges": 165000.0,
        "Gain On Sale Of Security": NaN,
        "Depreciation Amortization Depletion Income Statement": NaN,
        "Depreciation And Amortization In Income Statement": NaN,
        "Amortization": NaN,
        "Amortization Of Intangibles Income Statement": NaN,
        "Selling General And Administration": NaN,
        "Selling And Marketing Expense": NaN,
        "General And Administrative Expense": NaN,
        "Other Gand A": 2200000.0,
        "Salaries And Wages": NaN,
        "Total Revenue": NaN,
        "Operating Revenue": NaN,
        "Occupancy And Equipment": NaN,
        "Other Non Interest Expense": NaN
    },
    "2022-09-30": {
        "Tax Effect Of Unusual Items": NaN,
        "Tax Rate For Calcs": NaN,
        "Total Unusual Items": NaN,
        "Total Unusual Items Excluding Goodwill": NaN,
        "Net Income From Continuing Operation Net Minority Interest": NaN,
        "Reconciled Depreciation": NaN,
        "Net Interest Income": NaN,
        "Interest Expense": NaN,
        "Interest Income": NaN,
        "Normalized Income": NaN,
        "Net Income From Continuing And Discontinued Operation": NaN,
        "Diluted Average Shares": NaN,
        "Basic Average Shares": NaN,
        "Diluted EPS": NaN,
        "Basic EPS": NaN,
        "Diluted NI Availto Com Stockholders": NaN,
        "Net Income Common Stockholders": NaN,
        "Otherunder Preferred Stock Dividend": 76000.0,
        "Net Income": NaN,
        "Net Income Including Noncontrolling Interests": NaN,
        "Net Income Continuous Operations": NaN,
        "Tax Provision": NaN,
        "Pretax Income": NaN,
        "Special Income Charges": -150000.0,
        "Other Special Charges": 150000.0,
        "Gain On Sale Of Security": NaN,
        "Depreciation Amortization Depletion Income Statement": NaN,
        "Depreciation And Amortization In Income Statement": NaN,
        "Amortization": NaN,
        "Amortization Of Intangibles Income Statement": NaN,
        "Selling General And Administration": NaN,
        "Selling And Marketing Expense": NaN,
        "General And Administrative Expense": NaN,
        "Other Gand A": 1792000.0,
        "Salaries And Wages": NaN,
        "Total Revenue": NaN,
        "Operating Revenue": NaN
    },
    "2022-06-30": {
        "Tax Effect Of Unusual Items": -62140.0,
        "Tax Rate For Calcs": 0.239,
        "Total Unusual Items": -260000.0,
        "Total Unusual Items Excluding Goodwill": -260000.0,
        "Net Income From Continuing Operation Net Minority Interest": 11654000.0,
        "Reconciled Depreciation": 694000.0,
        "Net Interest Income": 23480000.0,
        "Interest Expense": 2340000.0,
        "Interest Income": 25820000.0,
        "Normalized Income": 11851860.0,
        "Net Income From Continuing And Discontinued Operation": 11654000.0,
        "Diluted Average Shares": 7472561.0,
        "Basic Average Shares": 7457443.0,
        "Diluted EPS": 1.55,
        "Basic EPS": 1.55,
        "Diluted NI Availto Com Stockholders": 11561000.0,
        "Net Income Common Stockholders": 11561000.0,
        "Otherunder Preferred Stock Dividend": 93000.0,
        "Net Income": 11654000.0,
        "Net Income Including Noncontrolling Interests": 11654000.0,
        "Net Income Continuous Operations": 11654000.0,
        "Tax Provision": 3658000.0,
        "Pretax Income": 15312000.0,
        "Special Income Charges": -235000.0,
        "Other Special Charges": 235000.0,
        "Gain On Sale Of Security": NaN,
        "Depreciation Amortization Depletion Income Statement": 294000.0,
        "Depreciation And Amortization In Income Statement": 294000.0,
        "Amortization": 294000.0,
        "Amortization Of Intangibles Income Statement": 294000.0,
        "Selling General And Administration": 8636000.0,
        "Selling And Marketing Expense": 55000.0,
        "General And Administrative Expense": 8581000.0,
        "Other Gand A": 1575000.0,
        "Salaries And Wages": 7006000.0,
        "Total Revenue": 27649000.0,
        "Operating Revenue": 27649000.0
    },
    "2022-03-31": {
        "Diluted EPS": 1.34,
        "Total Revenue": 29,
        "Gross Profit": 28,
        "Operating Income": 14,
        "EBIT": NaN,
        "Net Income": 10
    },
    "2021-12-31": {
        "Diluted EPS": 1.47,
        "Total Revenue": 31,
        "Gross Profit": 29,
        "Operating Income": 15,
        "EBIT": NaN,
        "Net Income": 11
    },
    "2021-09-30": {
        "Diluted EPS": 1.46,
        "Total Revenue": 30,
        "Gross Profit": 28,
        "Operating Income": 15,
        "EBIT": NaN,
        "Net Income": 11
    },
    "2021-06-30": {
        "Diluted EPS": 1.5,
        "Total Revenue": 31,
        "Gross Profit": 28,
        "Operating Income": 15,
        "EBIT": NaN,
        "Net Income": 12
    },
    "2021-03-31": {
        "Diluted EPS": 1.49,
        "Total Revenue": 31,
        "Gross Profit": 28,
        "Operating Income": 15,
        "EBIT": NaN,
        "Net Income": 12
    },
    "2020-12-31": {
        "Diluted EPS": 1.52,
        "Total Revenue": 29,
        "Gross Profit": 27,
        "Operating Income": 16,
        "EBIT": NaN,
        "Net Income": 11
    },
    "2020-09-30": {
        "Diluted EPS": 1.42,
        "Total Revenue": 31,
        "Gross Profit": 28,
        "Operating Income": 14,
        "EBIT": NaN,
        "Net Income": 11
    },
    "2020-06-30": {
        "Diluted EPS": 1.11,
        "Total Revenue": 32,
        "Gross Profit": 29,
        "Operating Income": 11,
        "EBIT": NaN,
        "Net Income": 8
    },
    "2020-03-31": {
        "Diluted EPS": 1.02,
        "Total Revenue": 27,
        "Gross Profit": 23,
        "Operating Income": 9,
        "EBIT": NaN,
        "Net Income": 7
    },
    "2019-12-31": {
        "Diluted EPS": 1.08,
        "Total Revenue": 27,
        "Gross Profit": 22,
        "Operating Income": 10,
        "EBIT": NaN,
        "Net Income": 7
    },
    "2019-09-30": {
        "Diluted EPS": 0.93,
        "Total Revenue": 29,
        "Gross Profit": 23,
        "Operating Income": 8,
        "EBIT": NaN,
        "Net Income": 7
    },
    "2019-06-30": {
        "Diluted EPS": 0.9,
        "Total Revenue": 23,
        "Gross Profit": 18,
        "Operating Income": 8,
        "EBIT": NaN,
        "Net Income": 6
    },
    "2019-03-31": {
        "Diluted EPS": 1.0,
        "Total Revenue": 23,
        "Gross Profit": 19,
        "Operating Income": 9,
        "EBIT": NaN,
        "Net Income": 7
    },
    "2018-12-31": {
        "Diluted EPS": 0.91,
        "Total Revenue": 22,
        "Gross Profit": 18,
        "Operating Income": 7,
        "EBIT": NaN,
        "Net Income": 6
    },
    "2018-09-30": {
        "Diluted EPS": 0.89,
        "Total Revenue": 22,
        "Gross Profit": 18,
        "Operating Income": 8,
        "EBIT": NaN,
        "Net Income": 6
    },
    "2018-06-30": {
        "Diluted EPS": 0.96,
        "Total Revenue": 22,
        "Gross Profit": 19,
        "Operating Income": 8,
        "EBIT": NaN,
        "Net Income": 6
    },
    "2018-03-31": {
        "Diluted EPS": 1.05,
        "Total Revenue": 23,
        "Gross Profit": 20,
        "Operating Income": 9,
        "EBIT": NaN,
        "Net Income": 7
    },
    "2017-12-31": {
        "Diluted EPS": 0.0,
        "Total Revenue": NaN,
        "Gross Profit": NaN,
        "Operating Income": NaN,
        "EBIT": NaN,
        "Net Income": NaN
    },
    "2017-09-30": {
        "Diluted EPS": 0.62,
        "Total Revenue": 15,
        "Gross Profit": 13,
        "Operating Income": 6,
        "EBIT": NaN,
        "Net Income": 4
    },
    "2016-12-31": {
        "Diluted EPS": 0.0,
        "Total Revenue": NaN,
        "Gross Profit": NaN,
        "Operating Income": NaN,
        "EBIT": NaN,
        "Net Income": NaN
    },
    "2015-12-31": {
        "Diluted EPS": 0.0,
        "Total Revenue": NaN,
        "Gross Profit": NaN,
        "Operating Income": NaN,
        "EBIT": NaN,
        "Net Income": NaN
    },
    "2023-09-30": {
        "Tax Effect Of Unusual Items": NaN,
        "Tax Rate For Calcs": NaN,
        "Total Unusual Items": NaN,
        "Total Unusual Items Excluding Goodwill": NaN,
        "Net Income From Continuing Operation Net Minority Interest": NaN,
        "Reconciled Depreciation": NaN,
        "Net Interest Income": NaN,
        "Interest Expense": NaN,
        "Interest Income": NaN,
        "Normalized Income": NaN,
        "Net Income From Continuing And Discontinued Operation": NaN,
        "Diluted Average Shares": NaN,
        "Basic Average Shares": NaN,
        "Diluted EPS": NaN,
        "Basic EPS": NaN,
        "Diluted NI Availto Com Stockholders": NaN,
        "Average Dilution Earnings": NaN,
        "Net Income Common Stockholders": NaN,
        "Otherunder Preferred Stock Dividend": NaN,
        "Net Income": NaN,
        "Net Income Including Noncontrolling Interests": NaN,
        "Net Income Continuous Operations": NaN,
        "Tax Provision": NaN,
        "Pretax Income": NaN,
        "Special Income Charges": -229000.0,
        "Other Special Charges": 229000.0,
        "Gain On Sale Of Security": NaN,
        "Depreciation Amortization Depletion Income Statement": NaN,
        "Depreciation And Amortization In Income Statement": NaN,
        "Amortization": NaN,
        "Amortization Of Intangibles Income Statement": NaN,
        "Selling General And Administration": NaN,
        "Selling And Marketing Expense": NaN,
        "General And Administrative Expense": NaN,
        "Other Gand A": 2397000.0,
        "Insurance And Claims": NaN,
        "Salaries And Wages": NaN,
        "Total Revenue": NaN,
        "Operating Revenue": NaN,
        "Occupancy And Equipment": NaN,
        "Other Non Interest Expense": NaN
    },
    "2023-12-31": {
        "Tax Effect Of Unusual Items": NaN,
        "Tax Rate For Calcs": NaN,
        "Total Unusual Items": NaN,
        "Total Unusual Items Excluding Goodwill": NaN,
        "Net Income From Continuing Operation Net Minority Interest": NaN,
        "Reconciled Depreciation": NaN,
        "Net Interest Income": NaN,
        "Interest Expense": NaN,
        "Interest Income": NaN,
        "Normalized Income": NaN,
        "Net Income From Continuing And Discontinued Operation": NaN,
        "Diluted Average Shares": 10338715.0,
        "Basic Average Shares": 10308275.0,
        "Diluted EPS": 3.39,
        "Basic EPS": 3.39,
        "Diluted NI Availto Com Stockholders": NaN,
        "Average Dilution Earnings": NaN,
        "Net Income Common Stockholders": NaN,
        "Otherunder Preferred Stock Dividend": NaN,
        "Net Income": NaN,
        "Net Income Including Noncontrolling Interests": NaN,
        "Net Income Continuous Operations": NaN,
        "Tax Provision": NaN,
        "Pretax Income": NaN,
        "Gain On Sale Of Security": NaN,
        "Depreciation Amortization Depletion Income Statement": NaN,
        "Depreciation And Amortization In Income Statement": NaN,
        "Amortization": NaN,
        "Amortization Of Intangibles Income Statement": NaN,
        "Selling General And Administration": NaN,
        "Selling And Marketing Expense": NaN,
        "General And Administrative Expense": NaN,
        "Insurance And Claims": NaN,
        "Salaries And Wages": NaN,
        "Total Revenue": NaN,
        "Operating Revenue": NaN,
        "Occupancy And Equipment": NaN,
        "Other Non Interest Expense": NaN
    },
    "2024-03-31": {
        "Tax Effect Of Unusual Items": NaN,
        "Tax Rate For Calcs": NaN,
        "Total Unusual Items": NaN,
        "Total Unusual Items Excluding Goodwill": NaN,
        "Net Income From Continuing Operation Net Minority Interest": NaN,
        "Reconciled Depreciation": NaN,
        "Net Interest Income": NaN,
        "Interest Expense": NaN,
        "Interest Income": NaN,
        "Normalized Income": NaN,
        "Net Income From Continuing And Discontinued Operation": NaN,
        "Diluted Average Shares": 10201373.0,
        "Basic Average Shares": 10177932.0,
        "Diluted EPS": 1.51,
        "Basic EPS": 1.51,
        "Diluted NI Availto Com Stockholders": NaN,
        "Average Dilution Earnings": NaN,
        "Net Income Common Stockholders": NaN,
        "Otherunder Preferred Stock Dividend": NaN,
        "Net Income": NaN,
        "Net Income Including Noncontrolling Interests": NaN,
        "Net Income Continuous Operations": NaN,
        "Tax Provision": NaN,
        "Pretax Income": NaN,
        "Gain On Sale Of Security": NaN,
        "Depreciation Amortization Depletion Income Statement": NaN,
        "Depreciation And Amortization In Income Statement": NaN,
        "Amortization": NaN,
        "Amortization Of Intangibles Income Statement": NaN,
        "Selling General And Administration": NaN,
        "Selling And Marketing Expense": NaN,
        "General And Administrative Expense": NaN,
        "Insurance And Claims": 417000.0,
        "Salaries And Wages": NaN,
        "Total Revenue": NaN,
        "Operating Revenue": NaN,
        "Occupancy And Equipment": NaN,
        "Other Non Interest Expense": NaN
    },
    "2024-06-30": {
        "Tax Effect Of Unusual Items": 87610.228476,
        "Tax Rate For Calcs": 0.190044,
        "Total Unusual Items": 461000.0,
        "Total Unusual Items Excluding Goodwill": 461000.0,
        "Net Income From Continuing Operation Net Minority Interest": 16059000.0,
        "Reconciled Depreciation": 2033000.0,
        "Net Interest Income": 33007000.0,
        "Interest Expense": 16340000.0,
        "Interest Income": 49347000.0,
        "Normalized Income": 15685610.228476,
        "Net Income From Continuing And Discontinued Operation": 16059000.0,
        "Diluted Average Shares": 10078611.0,
        "Basic Average Shares": 10078611.0,
        "Diluted EPS": 1.59,
        "Basic EPS": 1.59,
        "Diluted NI Availto Com Stockholders": 15975000.0,
        "Average Dilution Earnings": 84000.0,
        "Net Income Common Stockholders": 15975000.0,
        "Otherunder Preferred Stock Dividend": 84000.0,
        "Net Income": 16059000.0,
        "Net Income Including Noncontrolling Interests": 16059000.0,
        "Net Income Continuous Operations": 16059000.0,
        "Tax Provision": 3768000.0,
        "Pretax Income": 19827000.0,
        "Gain On Sale Of Security": 339000.0,
        "Depreciation Amortization Depletion Income Statement": 1475000.0,
        "Depreciation And Amortization In Income Statement": 1475000.0,
        "Amortization": 1475000.0,
        "Amortization Of Intangibles Income Statement": 1475000.0,
        "Selling General And Administration": 10526000.0,
        "Selling And Marketing Expense": 79000.0,
        "General And Administrative Expense": 10447000.0,
        "Insurance And Claims": 443000.0,
        "Salaries And Wages": 10004000.0,
        "Total Revenue": 37966000.0,
        "Operating Revenue": 37966000.0,
        "Occupancy And Equipment": 1330000.0,
        "Other Non Interest Expense": 6187000.0
    },
    "2024-09-30": {
        "Tax Effect Of Unusual Items": 0.0,
        "Tax Rate For Calcs": 0.199,
        "Total Unusual Items": 0.0,
        "Total Unusual Items Excluding Goodwill": 0.0,
        "Net Income From Continuing Operation Net Minority Interest": 16552000.0,
        "Reconciled Depreciation": 1996000.0,
        "Net Interest Income": 35883000.0,
        "Interest Expense": 18149000.0,
        "Interest Income": 54032000.0,
        "Normalized Income": 16552000.0,
        "Net Income From Continuing And Discontinued Operation": 16552000.0,
        "Diluted Average Shares": 10012190.0,
        "Basic Average Shares": 10011428.0,
        "Diluted EPS": 1.65,
        "Basic EPS": 1.65,
        "Diluted NI Availto Com Stockholders": 16465000.0,
        "Average Dilution Earnings": NaN,
        "Net Income Common Stockholders": 16465000.0,
        "Otherunder Preferred Stock Dividend": 87000.0,
        "Net Income": 16552000.0,
        "Net Income Including Noncontrolling Interests": 16552000.0,
        "Net Income Continuous Operations": 16552000.0,
        "Tax Provision": 4124000.0,
        "Pretax Income": 20676000.0,
        "Gain On Sale Of Security": -344000.0,
        "Depreciation Amortization Depletion Income Statement": 1429000.0,
        "Depreciation And Amortization In Income Statement": 1429000.0,
        "Amortization": 1429000.0,
        "Amortization Of Intangibles Income Statement": 1429000.0,
        "Selling General And Administration": 10179000.0,
        "Selling And Marketing Expense": 61000.0,
        "General And Administrative Expense": 10118000.0,
        "Insurance And Claims": NaN,
        "Salaries And Wages": 10118000.0,
        "Total Revenue": 39714000.0,
        "Operating Revenue": 39714000.0,
        "Occupancy And Equipment": 1598000.0,
        "Other Non Interest Expense": 6894000.0
    },
    "2024-12-31": {
        "Tax Effect Of Unusual Items": 36264.365706,
        "Tax Rate For Calcs": 0.19497,
        "Total Unusual Items": 186000.0,
        "Total Unusual Items Excluding Goodwill": 186000.0,
        "Net Income From Continuing Operation Net Minority Interest": 17540000.0,
        "Reconciled Depreciation": 1953000.0,
        "Net Interest Income": 35561000.0,
        "Interest Expense": 18193000.0,
        "Interest Income": 53754000.0,
        "Normalized Income": 17390264.365706,
        "Net Income From Continuing And Discontinued Operation": 17540000.0,
        "Diluted Average Shares": NaN,
        "Basic Average Shares": NaN,
        "Diluted EPS": NaN,
        "Basic EPS": NaN,
        "Diluted NI Availto Com Stockholders": 17448000.0,
        "Average Dilution Earnings": NaN,
        "Net Income Common Stockholders": 17448000.0,
        "Otherunder Preferred Stock Dividend": 92000.0,
        "Net Income": 17540000.0,
        "Net Income Including Noncontrolling Interests": 17540000.0,
        "Net Income Continuous Operations": 17540000.0,
        "Tax Provision": 4248000.0,
        "Pretax Income": 21788000.0,
        "Gain On Sale Of Security": 18000.0,
        "Depreciation Amortization Depletion Income Statement": 1389000.0,
        "Depreciation And Amortization In Income Statement": 1389000.0,
        "Amortization": 1389000.0,
        "Amortization Of Intangibles Income Statement": 1389000.0,
        "Selling General And Administration": 11814000.0,
        "Selling And Marketing Expense": 78000.0,
        "General And Administrative Expense": 11736000.0,
        "Insurance And Claims": NaN,
        "Salaries And Wages": 9886000.0,
        "Total Revenue": 40178000.0,
        "Operating Revenue": 40178000.0,
        "Occupancy And Equipment": 1445000.0,
        "Other Non Interest Expense": 4824000.0
    },
    "2025-03-31": {
        "Tax Effect Of Unusual Items": 0.0,
        "Tax Rate For Calcs": 0.175,
        "Total Unusual Items": 0.0,
        "Total Unusual Items Excluding Goodwill": 0.0,
        "Net Income From Continuing Operation Net Minority Interest": 18241000.0,
        "Reconciled Depreciation": 1889000.0,
        "Net Interest Income": 36537000.0,
        "Interest Expense": 18511000.0,
        "Interest Income": 55048000.0,
        "Normalized Income": 18241000.0,
        "Net Income From Continuing And Discontinued Operation": 18241000.0,
        "Diluted Average Shares": 10001009.0,
        "Basic Average Shares": 10001009.0,
        "Diluted EPS": 1.82,
        "Basic EPS": 1.82,
        "Diluted NI Availto Com Stockholders": 18150000.0,
        "Average Dilution Earnings": NaN,
        "Net Income Common Stockholders": 18150000.0,
        "Otherunder Preferred Stock Dividend": 91000.0,
        "Net Income": 18241000.0,
        "Net Income Including Noncontrolling Interests": 18241000.0,
        "Net Income Continuous Operations": 18241000.0,
        "Tax Provision": 3880000.0,
        "Pretax Income": 22121000.0,
        "Gain On Sale Of Security": 175000.0,
        "Depreciation Amortization Depletion Income Statement": 1298000.0,
        "Depreciation And Amortization In Income Statement": 1298000.0,
        "Amortization": 1298000.0,
        "Amortization Of Intangibles Income Statement": 1298000.0,
        "Selling General And Administration": 11680000.0,
        "Selling And Marketing Expense": 65000.0,
        "General And Administrative Expense": 11615000.0,
        "Insurance And Claims": 630000.0,
        "Salaries And Wages": 10985000.0,
        "Total Revenue": 41944000.0,
        "Operating Revenue": 41944000.0,
        "Occupancy And Equipment": 1591000.0,
        "Other Non Interest Expense": 6035000.0
    },
    "2025-06-30": {
        "Tax Effect Of Unusual Items": 29097.0,
        "Tax Rate For Calcs": 0.183,
        "Total Unusual Items": 159000.0,
        "Total Unusual Items Excluding Goodwill": 159000.0,
        "Net Income From Continuing Operation Net Minority Interest": 16875000.0,
        "Reconciled Depreciation": 1864000.0,
        "Net Interest Income": 36702000.0,
        "Interest Expense": 17873000.0,
        "Interest Income": 54575000.0,
        "Normalized Income": 16745097.0,
        "Net Income From Continuing And Discontinued Operation": 16875000.0,
        "Diluted Average Shares": 9901391.0,
        "Basic Average Shares": 9901391.0,
        "Diluted EPS": 1.71,
        "Basic EPS": 1.71,
        "Diluted NI Availto Com Stockholders": 16795000.0,
        "Average Dilution Earnings": NaN,
        "Net Income Common Stockholders": 16795000.0,
        "Otherunder Preferred Stock Dividend": 80000.0,
        "Net Income": 16875000.0,
        "Net Income Including Noncontrolling Interests": 16875000.0,
        "Net Income Continuous Operations": 16875000.0,
        "Tax Provision": 3792000.0,
        "Pretax Income": 20667000.0,
        "Gain On Sale Of Security": -99000.0,
        "Depreciation Amortization Depletion Income Statement": 1273000.0,
        "Depreciation And Amortization In Income Statement": 1273000.0,
        "Amortization": 1273000.0,
        "Amortization Of Intangibles Income Statement": 1273000.0,
        "Selling General And Administration": 11118000.0,
        "Selling And Marketing Expense": 61000.0,
        "General And Administrative Expense": 11057000.0,
        "Insurance And Claims": 630000.0,
        "Salaries And Wages": 10427000.0,
        "Total Revenue": 40629000.0,
        "Operating Revenue": 40629000.0,
        "Occupancy And Equipment": 1922000.0,
        "Other Non Interest Expense": 6602000.0
    }
}