{
    "2023-06-30": {
        "Tax Effect Of Unusual Items": NaN,
        "Tax Rate For Calcs": NaN,
        "Total Unusual Items": NaN,
        "Total Unusual Items Excluding Goodwill": NaN,
        "Net Income From Continuing Operation Net Minority Interest": NaN,
        "Reconciled Depreciation": NaN,
        "Net Interest Income": NaN,
        "Interest Expense": NaN,
        "Interest Income": NaN,
        "Normalized Income": NaN,
        "Net Income From Continuing And Discontinued Operation": NaN,
        "Diluted Average Shares": NaN,
        "Basic Average Shares": NaN,
        "Diluted EPS": NaN,
        "Basic EPS": NaN,
        "Diluted NI Availto Com Stockholders": NaN,
        "Net Income Common Stockholders": NaN,
        "Net Income": NaN,
        "Net Income Including Noncontrolling Interests": NaN,
        "Net Income Continuous Operations": NaN,
        "Tax Provision": NaN,
        "Pretax Income": NaN,
        "Special Income Charges": NaN,
        "Other Special Charges": -13000.0,
        "Impairment Of Capital Assets": NaN,
        "Gain On Sale Of Security": NaN,
        "Selling General And Administration": NaN,
        "Selling And Marketing Expense": NaN,
        "General And Administrative Expense": NaN,
        "Insurance And Claims": NaN,
        "Salaries And Wages": NaN,
        "Total Revenue": NaN,
        "Operating Revenue": NaN,
        "Occupancy And Equipment": NaN,
        "Professional Expense And Contract Services Expense": NaN,
        "Other Non Interest Expense": NaN
    },
    "2023-03-31": {
        "Tax Effect Of Unusual Items": NaN,
        "Tax Rate For Calcs": NaN,
        "Total Unusual Items": NaN,
        "Total Unusual Items Excluding Goodwill": NaN,
        "Net Income From Continuing Operation Net Minority Interest": NaN,
        "Reconciled Depreciation": NaN,
        "Net Interest Income": NaN,
        "Interest Expense": NaN,
        "Interest Income": NaN,
        "Normalized Income": NaN,
        "Net Income From Continuing And Discontinued Operation": NaN,
        "Diluted Average Shares": NaN,
        "Basic Average Shares": NaN,
        "Diluted EPS": NaN,
        "Basic EPS": NaN,
        "Diluted NI Availto Com Stockholders": NaN,
        "Net Income Common Stockholders": NaN,
        "Net Income": NaN,
        "Net Income Including Noncontrolling Interests": NaN,
        "Net Income Continuous Operations": NaN,
        "Tax Provision": NaN,
        "Pretax Income": NaN,
        "Special Income Charges": NaN,
        "Other Special Charges": 4000.0,
        "Impairment Of Capital Assets": NaN,
        "Gain On Sale Of Security": NaN,
        "Selling General And Administration": NaN,
        "Selling And Marketing Expense": NaN,
        "General And Administrative Expense": NaN,
        "Insurance And Claims": NaN,
        "Salaries And Wages": NaN,
        "Total Revenue": NaN,
        "Operating Revenue": NaN,
        "Occupancy And Equipment": NaN,
        "Professional Expense And Contract Services Expense": NaN,
        "Other Non Interest Expense": NaN
    },
    "2022-12-31": {
        "Tax Effect Of Unusual Items": 0.0,
        "Tax Rate For Calcs": 0.254553,
        "Total Unusual Items": NaN,
        "Total Unusual Items Excluding Goodwill": NaN,
        "Net Income From Continuing Operation Net Minority Interest": 3438000.0,
        "Reconciled Depreciation": 180000.0,
        "Net Interest Income": 13988000.0,
        "Interest Expense": 2076000.0,
        "Interest Income": 16064000.0,
        "Normalized Income": 3438000.0,
        "Net Income From Continuing And Discontinued Operation": 3438000.0,
        "Diluted Average Shares": 12861529.0,
        "Basic Average Shares": 12861529.0,
        "Diluted EPS": 0.27,
        "Basic EPS": 0.27,
        "Diluted NI Availto Com Stockholders": 3438000.0,
        "Net Income Common Stockholders": 3438000.0,
        "Net Income": 3438000.0,
        "Net Income Including Noncontrolling Interests": 3438000.0,
        "Net Income Continuous Operations": 3438000.0,
        "Tax Provision": 1174000.0,
        "Pretax Income": 4612000.0,
        "Special Income Charges": NaN,
        "Other Special Charges": NaN,
        "Gain On Sale Of Security": NaN,
        "Selling General And Administration": 1988000.0,
        "Selling And Marketing Expense": 202000.0,
        "General And Administrative Expense": 1786000.0,
        "Insurance And Claims": 111000.0,
        "Salaries And Wages": 5366000.0,
        "Total Revenue": 15394000.0,
        "Operating Revenue": 15394000.0
    },
    "2022-09-30": {
        "Tax Effect Of Unusual Items": NaN,
        "Tax Rate For Calcs": NaN,
        "Total Unusual Items": NaN,
        "Total Unusual Items Excluding Goodwill": NaN,
        "Net Income From Continuing Operation Net Minority Interest": NaN,
        "Reconciled Depreciation": NaN,
        "Net Interest Income": NaN,
        "Interest Expense": NaN,
        "Interest Income": NaN,
        "Normalized Income": NaN,
        "Net Income From Continuing And Discontinued Operation": NaN,
        "Diluted Average Shares": NaN,
        "Basic Average Shares": NaN,
        "Diluted EPS": NaN,
        "Basic EPS": NaN,
        "Diluted NI Availto Com Stockholders": NaN,
        "Net Income Common Stockholders": NaN,
        "Net Income": NaN,
        "Net Income Including Noncontrolling Interests": NaN,
        "Net Income Continuous Operations": NaN,
        "Tax Provision": NaN,
        "Pretax Income": NaN,
        "Special Income Charges": NaN,
        "Other Special Charges": NaN,
        "Gain On Sale Of Security": NaN,
        "Selling General And Administration": NaN,
        "Selling And Marketing Expense": NaN,
        "General And Administrative Expense": NaN,
        "Other Gand A": 1236000.0,
        "Insurance And Claims": NaN,
        "Salaries And Wages": NaN,
        "Total Revenue": NaN,
        "Operating Revenue": NaN
    },
    "2022-06-30": {
        "Tax Effect Of Unusual Items": 0.0,
        "Tax Rate For Calcs": 0.225,
        "Total Unusual Items": NaN,
        "Total Unusual Items Excluding Goodwill": NaN,
        "Net Income From Continuing Operation Net Minority Interest": 2567000.0,
        "Reconciled Depreciation": 399000.0,
        "Net Interest Income": 12130000.0,
        "Interest Expense": 754000.0,
        "Interest Income": 12884000.0,
        "Normalized Income": 2567000.0,
        "Net Income From Continuing And Discontinued Operation": 2567000.0,
        "Diluted Average Shares": 13165023.0,
        "Basic Average Shares": 13165023.0,
        "Diluted EPS": 0.19,
        "Basic EPS": 0.19,
        "Diluted NI Availto Com Stockholders": 2567000.0,
        "Net Income Common Stockholders": 2567000.0,
        "Net Income": 2567000.0,
        "Net Income Including Noncontrolling Interests": 2567000.0,
        "Net Income Continuous Operations": 2567000.0,
        "Tax Provision": 744000.0,
        "Pretax Income": 3311000.0,
        "Special Income Charges": NaN,
        "Other Special Charges": NaN,
        "Gain On Sale Of Security": NaN,
        "Selling General And Administration": 7060000.0,
        "Selling And Marketing Expense": 208000.0,
        "General And Administrative Expense": 6852000.0,
        "Other Gand A": 1257000.0,
        "Insurance And Claims": 106000.0,
        "Salaries And Wages": 5489000.0,
        "Total Revenue": 13969000.0,
        "Operating Revenue": 13969000.0
    },
    "2022-03-31": {
        "Diluted EPS": 0.1,
        "Total Revenue": 13,
        "Gross Profit": 12,
        "Operating Income": 2,
        "EBIT": NaN,
        "Net Income": 1
    },
    "2021-12-31": {
        "Diluted EPS": 0.18,
        "Total Revenue": 14,
        "Gross Profit": 13,
        "Operating Income": 3,
        "EBIT": NaN,
        "Net Income": 2
    },
    "2021-09-30": {
        "Diluted EPS": 0.12,
        "Total Revenue": 13,
        "Gross Profit": 12,
        "Operating Income": 2,
        "EBIT": NaN,
        "Net Income": 2
    },
    "2021-06-30": {
        "Diluted EPS": 0.13,
        "Total Revenue": 13,
        "Gross Profit": 12,
        "Operating Income": 3,
        "EBIT": NaN,
        "Net Income": 2
    },
    "2021-03-31": {
        "Diluted EPS": 0.1,
        "Total Revenue": 13,
        "Gross Profit": 12,
        "Operating Income": 2,
        "EBIT": NaN,
        "Net Income": 1
    },
    "2020-12-31": {
        "Diluted EPS": 0.16,
        "Total Revenue": 14,
        "Gross Profit": 13,
        "Operating Income": 4,
        "EBIT": NaN,
        "Net Income": 2
    },
    "2020-09-30": {
        "Diluted EPS": 0.13,
        "Total Revenue": 14,
        "Gross Profit": 12,
        "Operating Income": 3,
        "EBIT": NaN,
        "Net Income": 2
    },
    "2020-06-30": {
        "Diluted EPS": 0.16,
        "Total Revenue": 14,
        "Gross Profit": 12,
        "Operating Income": 3,
        "EBIT": NaN,
        "Net Income": 2
    },
    "2020-03-31": {
        "Diluted EPS": 0.16,
        "Total Revenue": 16,
        "Gross Profit": 13,
        "Operating Income": 3,
        "EBIT": NaN,
        "Net Income": 2
    },
    "2019-12-31": {
        "Diluted EPS": 0.22,
        "Total Revenue": 17,
        "Gross Profit": 14,
        "Operating Income": 5,
        "EBIT": NaN,
        "Net Income": 3
    },
    "2019-09-30": {
        "Diluted EPS": 0.26,
        "Total Revenue": 18,
        "Gross Profit": 15,
        "Operating Income": 5,
        "EBIT": NaN,
        "Net Income": 4
    },
    "2019-06-30": {
        "Diluted EPS": 0.05,
        "Total Revenue": 18,
        "Gross Profit": 15,
        "Operating Income": 1,
        "EBIT": NaN,
        "Net Income": 1
    },
    "2019-03-31": {
        "Diluted EPS": 0.22,
        "Total Revenue": 18,
        "Gross Profit": 15,
        "Operating Income": 5,
        "EBIT": NaN,
        "Net Income": 4
    },
    "2018-12-31": {
        "Diluted EPS": 0.43,
        "Total Revenue": 25,
        "Gross Profit": 22,
        "Operating Income": 10,
        "EBIT": NaN,
        "Net Income": 7
    },
    "2018-09-30": {
        "Diluted EPS": 0.22,
        "Total Revenue": 17,
        "Gross Profit": 15,
        "Operating Income": 5,
        "EBIT": NaN,
        "Net Income": 4
    },
    "2018-06-30": {
        "Diluted EPS": 0.26,
        "Total Revenue": 18,
        "Gross Profit": 16,
        "Operating Income": 6,
        "EBIT": NaN,
        "Net Income": 5
    },
    "2018-03-31": {
        "Diluted EPS": 0.2,
        "Total Revenue": 16,
        "Gross Profit": 15,
        "Operating Income": 5,
        "EBIT": NaN,
        "Net Income": 4
    },
    "2017-12-31": {
        "Diluted EPS": 0.05,
        "Total Revenue": 17,
        "Gross Profit": 15,
        "Operating Income": 6,
        "EBIT": NaN,
        "Net Income": 1
    },
    "2017-09-30": {
        "Diluted EPS": 0.2,
        "Total Revenue": 16,
        "Gross Profit": 14,
        "Operating Income": 4,
        "EBIT": NaN,
        "Net Income": 4
    },
    "2017-06-30": {
        "Diluted EPS": 0.14,
        "Total Revenue": 15,
        "Gross Profit": 14,
        "Operating Income": 4,
        "EBIT": NaN,
        "Net Income": 3
    },
    "2017-03-31": {
        "Diluted EPS": 0.1,
        "Total Revenue": 15,
        "Gross Profit": 14,
        "Operating Income": 2,
        "EBIT": NaN,
        "Net Income": 2
    },
    "2016-12-31": {
        "Diluted EPS": 0.12,
        "Total Revenue": 15,
        "Gross Profit": 13,
        "Operating Income": 4,
        "EBIT": NaN,
        "Net Income": 2
    },
    "2016-09-30": {
        "Diluted EPS": 0.13,
        "Total Revenue": 14,
        "Gross Profit": 13,
        "Operating Income": 4,
        "EBIT": NaN,
        "Net Income": 3
    },
    "2016-06-30": {
        "Diluted EPS": 0.04,
        "Total Revenue": 14,
        "Gross Profit": 13,
        "Operating Income": 1,
        "EBIT": NaN,
        "Net Income": 1
    },
    "2016-03-31": {
        "Diluted EPS": 0.1,
        "Total Revenue": 14,
        "Gross Profit": 13,
        "Operating Income": 3,
        "EBIT": NaN,
        "Net Income": 2
    },
    "2015-12-31": {
        "Diluted EPS": 0.11,
        "Total Revenue": 14,
        "Gross Profit": 13,
        "Operating Income": 3,
        "EBIT": NaN,
        "Net Income": 2
    },
    "2015-09-30": {
        "Diluted EPS": 0.12,
        "Total Revenue": 14,
        "Gross Profit": 13,
        "Operating Income": 4,
        "EBIT": NaN,
        "Net Income": 2
    },
    "2015-06-30": {
        "Diluted EPS": 0.11,
        "Total Revenue": 14,
        "Gross Profit": 13,
        "Operating Income": 4,
        "EBIT": NaN,
        "Net Income": 2
    },
    "2015-03-31": {
        "Diluted EPS": 0.1,
        "Total Revenue": 14,
        "Gross Profit": 13,
        "Operating Income": 3,
        "EBIT": NaN,
        "Net Income": 2
    },
    "2014-12-31": {
        "Diluted EPS": 1.72,
        "Total Revenue": 14,
        "Gross Profit": 13,
        "Operating Income": 3,
        "EBIT": NaN,
        "Net Income": 35
    },
    "2014-09-30": {
        "Diluted EPS": 0.17,
        "Total Revenue": 14,
        "Gross Profit": 13,
        "Operating Income": 4,
        "EBIT": NaN,
        "Net Income": 4
    },
    "2014-06-30": {
        "Diluted EPS": 0.07,
        "Total Revenue": 14,
        "Gross Profit": 13,
        "Operating Income": 1,
        "EBIT": NaN,
        "Net Income": 1
    },
    "2014-03-31": {
        "Diluted EPS": 0.05,
        "Total Revenue": 14,
        "Gross Profit": 13,
        "Operating Income": 1,
        "EBIT": NaN,
        "Net Income": 1
    },
    "2013-12-31": {
        "Diluted EPS": 0.08,
        "Total Revenue": 14,
        "Gross Profit": 13,
        "Operating Income": 2,
        "EBIT": NaN,
        "Net Income": 2
    },
    "2013-09-30": {
        "Diluted EPS": 0.05,
        "Total Revenue": 14,
        "Gross Profit": 13,
        "Operating Income": 1,
        "EBIT": NaN,
        "Net Income": 1
    },
    "2013-06-30": {
        "Diluted EPS": 0.0,
        "Total Revenue": 14,
        "Gross Profit": 13,
        "Operating Income": 0,
        "EBIT": NaN,
        "Net Income": 0
    },
    "2013-03-31": {
        "Diluted EPS": 0.03,
        "Total Revenue": 16,
        "Gross Profit": 15,
        "Operating Income": 1,
        "EBIT": NaN,
        "Net Income": 1
    },
    "2012-12-31": {
        "Diluted EPS": -1.26,
        "Total Revenue": 16,
        "Gross Profit": 15,
        "Operating Income": -25,
        "EBIT": NaN,
        "Net Income": -25
    },
    "2012-09-30": {
        "Diluted EPS": -0.26,
        "Total Revenue": 16,
        "Gross Profit": 15,
        "Operating Income": -5,
        "EBIT": NaN,
        "Net Income": -5
    },
    "2012-06-30": {
        "Diluted EPS": 0.04,
        "Total Revenue": 17,
        "Gross Profit": 16,
        "Operating Income": 0,
        "EBIT": NaN,
        "Net Income": 1
    },
    "2012-03-31": {
        "Diluted EPS": 0.12,
        "Total Revenue": 18,
        "Gross Profit": 17,
        "Operating Income": 3,
        "EBIT": NaN,
        "Net Income": 2
    },
    "2011-12-31": {
        "Diluted EPS": -2.37,
        "Total Revenue": 20,
        "Gross Profit": 19,
        "Operating Income": -32,
        "EBIT": NaN,
        "Net Income": -47
    },
    "2011-09-30": {
        "Diluted EPS": -0.1,
        "Total Revenue": 20,
        "Gross Profit": 18,
        "Operating Income": -4,
        "EBIT": NaN,
        "Net Income": -2
    },
    "2011-06-30": {
        "Diluted EPS": 0.05,
        "Total Revenue": 21,
        "Gross Profit": 19,
        "Operating Income": 1,
        "EBIT": NaN,
        "Net Income": 1
    },
    "2011-03-31": {
        "Diluted EPS": -0.04,
        "Total Revenue": 17,
        "Gross Profit": 15,
        "Operating Income": 0,
        "EBIT": NaN,
        "Net Income": -1
    },
    "2010-12-31": {
        "Diluted EPS": -0.29,
        "Total Revenue": 17,
        "Gross Profit": 15,
        "Operating Income": -9,
        "EBIT": NaN,
        "Net Income": -5
    },
    "2010-09-30": {
        "Diluted EPS": 0.04,
        "Total Revenue": 18,
        "Gross Profit": 15,
        "Operating Income": 1,
        "EBIT": NaN,
        "Net Income": 1
    },
    "2010-06-30": {
        "Diluted EPS": -0.01,
        "Total Revenue": 18,
        "Gross Profit": 15,
        "Operating Income": 0,
        "EBIT": NaN,
        "Net Income": 0
    },
    "2010-03-31": {
        "Diluted EPS": 0.04,
        "Total Revenue": 19,
        "Gross Profit": 15,
        "Operating Income": 1,
        "EBIT": NaN,
        "Net Income": 1
    },
    "2009-12-31": {
        "Diluted EPS": -0.09,
        "Total Revenue": 20,
        "Gross Profit": 16,
        "Operating Income": -3,
        "EBIT": NaN,
        "Net Income": -2
    },
    "2009-09-30": {
        "Diluted EPS": 0.07,
        "Total Revenue": 20,
        "Gross Profit": 15,
        "Operating Income": 3,
        "EBIT": NaN,
        "Net Income": 1
    },
    "2009-06-30": {
        "Diluted EPS": -0.03,
        "Total Revenue": 21,
        "Gross Profit": 15,
        "Operating Income": -1,
        "EBIT": NaN,
        "Net Income": -1
    },
    "2009-03-31": {
        "Diluted EPS": 0.01,
        "Total Revenue": 21,
        "Gross Profit": 15,
        "Operating Income": 0,
        "EBIT": NaN,
        "Net Income": 0
    },
    "2023-09-30": {
        "Tax Effect Of Unusual Items": 0.0,
        "Tax Rate For Calcs": 0.275,
        "Total Unusual Items": 0.0,
        "Total Unusual Items Excluding Goodwill": 0.0,
        "Net Income From Continuing Operation Net Minority Interest": 2369000.0,
        "Reconciled Depreciation": 449000.0,
        "Net Interest Income": 12954000.0,
        "Interest Expense": 3940000.0,
        "Interest Income": 16894000.0,
        "Normalized Income": 2369000.0,
        "Net Income From Continuing And Discontinued Operation": 2369000.0,
        "Diluted Average Shares": 12578494.0,
        "Basic Average Shares": 12578494.0,
        "Diluted EPS": 0.19,
        "Basic EPS": 0.19,
        "Diluted NI Availto Com Stockholders": 2369000.0,
        "Net Income Common Stockholders": 2369000.0,
        "Net Income": 2369000.0,
        "Net Income Including Noncontrolling Interests": 2369000.0,
        "Net Income Continuous Operations": 2369000.0,
        "Tax Provision": 899000.0,
        "Pretax Income": 3268000.0,
        "Special Income Charges": 0.0,
        "Other Special Charges": NaN,
        "Impairment Of Capital Assets": 0.0,
        "Gain On Sale Of Security": 0.0,
        "Selling General And Administration": 5762000.0,
        "Selling And Marketing Expense": 171000.0,
        "General And Administrative Expense": 5591000.0,
        "Insurance And Claims": 222000.0,
        "Salaries And Wages": 5369000.0,
        "Total Revenue": 14194000.0,
        "Operating Revenue": 14194000.0,
        "Occupancy And Equipment": 2046000.0,
        "Professional Expense And Contract Services Expense": 366000.0,
        "Other Non Interest Expense": 2616000.0
    },
    "2023-12-31": {
        "Tax Effect Of Unusual Items": NaN,
        "Tax Rate For Calcs": NaN,
        "Total Unusual Items": NaN,
        "Total Unusual Items Excluding Goodwill": NaN,
        "Net Income From Continuing Operation Net Minority Interest": NaN,
        "Reconciled Depreciation": NaN,
        "Net Interest Income": NaN,
        "Interest Expense": NaN,
        "Interest Income": NaN,
        "Normalized Income": NaN,
        "Net Income From Continuing And Discontinued Operation": NaN,
        "Diluted Average Shares": NaN,
        "Basic Average Shares": NaN,
        "Diluted EPS": NaN,
        "Basic EPS": NaN,
        "Diluted NI Availto Com Stockholders": NaN,
        "Net Income Common Stockholders": NaN,
        "Net Income": NaN,
        "Net Income Including Noncontrolling Interests": NaN,
        "Net Income Continuous Operations": NaN,
        "Tax Provision": NaN,
        "Pretax Income": NaN,
        "Special Income Charges": NaN,
        "Other Special Charges": NaN,
        "Impairment Of Capital Assets": 17000.0,
        "Gain On Sale Of Security": 0.0,
        "Selling General And Administration": NaN,
        "Selling And Marketing Expense": NaN,
        "General And Administrative Expense": NaN,
        "Insurance And Claims": NaN,
        "Salaries And Wages": NaN,
        "Total Revenue": NaN,
        "Operating Revenue": NaN,
        "Occupancy And Equipment": NaN,
        "Professional Expense And Contract Services Expense": NaN,
        "Other Non Interest Expense": NaN
    },
    "2024-03-31": {
        "Tax Effect Of Unusual Items": NaN,
        "Tax Rate For Calcs": NaN,
        "Total Unusual Items": NaN,
        "Total Unusual Items Excluding Goodwill": NaN,
        "Net Income From Continuing Operation Net Minority Interest": NaN,
        "Reconciled Depreciation": NaN,
        "Net Interest Income": NaN,
        "Interest Expense": NaN,
        "Interest Income": NaN,
        "Normalized Income": NaN,
        "Net Income From Continuing And Discontinued Operation": NaN,
        "Diluted Average Shares": NaN,
        "Basic Average Shares": NaN,
        "Diluted EPS": NaN,
        "Basic EPS": NaN,
        "Diluted NI Availto Com Stockholders": NaN,
        "Net Income Common Stockholders": NaN,
        "Net Income": NaN,
        "Net Income Including Noncontrolling Interests": NaN,
        "Net Income Continuous Operations": NaN,
        "Tax Provision": NaN,
        "Pretax Income": NaN,
        "Special Income Charges": NaN,
        "Other Special Charges": NaN,
        "Impairment Of Capital Assets": 0.0,
        "Gain On Sale Of Security": 0.0,
        "Selling General And Administration": NaN,
        "Selling And Marketing Expense": NaN,
        "General And Administrative Expense": NaN,
        "Insurance And Claims": NaN,
        "Salaries And Wages": NaN,
        "Total Revenue": NaN,
        "Operating Revenue": NaN,
        "Occupancy And Equipment": NaN,
        "Professional Expense And Contract Services Expense": NaN,
        "Other Non Interest Expense": NaN
    },
    "2024-06-30": {
        "Tax Effect Of Unusual Items": NaN,
        "Tax Rate For Calcs": NaN,
        "Total Unusual Items": NaN,
        "Total Unusual Items Excluding Goodwill": NaN,
        "Net Income From Continuing Operation Net Minority Interest": NaN,
        "Reconciled Depreciation": NaN,
        "Net Interest Income": NaN,
        "Interest Expense": NaN,
        "Interest Income": NaN,
        "Normalized Income": NaN,
        "Net Income From Continuing And Discontinued Operation": NaN,
        "Diluted Average Shares": NaN,
        "Basic Average Shares": NaN,
        "Diluted EPS": NaN,
        "Basic EPS": NaN,
        "Diluted NI Availto Com Stockholders": NaN,
        "Net Income Common Stockholders": NaN,
        "Net Income": NaN,
        "Net Income Including Noncontrolling Interests": NaN,
        "Net Income Continuous Operations": NaN,
        "Tax Provision": NaN,
        "Pretax Income": NaN,
        "Special Income Charges": NaN,
        "Other Special Charges": NaN,
        "Impairment Of Capital Assets": 0.0,
        "Gain On Sale Of Security": 0.0,
        "Selling General And Administration": NaN,
        "Selling And Marketing Expense": NaN,
        "General And Administrative Expense": NaN,
        "Insurance And Claims": NaN,
        "Salaries And Wages": NaN,
        "Total Revenue": NaN,
        "Operating Revenue": NaN,
        "Occupancy And Equipment": NaN,
        "Professional Expense And Contract Services Expense": NaN,
        "Other Non Interest Expense": NaN
    },
    "2024-09-30": {
        "Tax Effect Of Unusual Items": -4514.374514,
        "Tax Rate For Calcs": 0.225719,
        "Total Unusual Items": -20000.0,
        "Total Unusual Items Excluding Goodwill": -20000.0,
        "Net Income From Continuing Operation Net Minority Interest": 1993000.0,
        "Reconciled Depreciation": -24000.0,
        "Net Interest Income": 11661000.0,
        "Interest Expense": 5225000.0,
        "Interest Income": 16886000.0,
        "Normalized Income": 2008485.625486,
        "Net Income From Continuing And Discontinued Operation": 1993000.0,
        "Diluted Average Shares": 12460678.0,
        "Basic Average Shares": 12460678.0,
        "Diluted EPS": 0.16,
        "Basic EPS": 0.16,
        "Diluted NI Availto Com Stockholders": 1993000.0,
        "Net Income Common Stockholders": 1993000.0,
        "Net Income": 1993000.0,
        "Net Income Including Noncontrolling Interests": 1993000.0,
        "Net Income Continuous Operations": 1993000.0,
        "Tax Provision": 581000.0,
        "Pretax Income": 2574000.0,
        "Special Income Charges": -20000.0,
        "Other Special Charges": 20000.0,
        "Impairment Of Capital Assets": 0.0,
        "Gain On Sale Of Security": 0.0,
        "Selling General And Administration": 5714000.0,
        "Selling And Marketing Expense": 117000.0,
        "General And Administrative Expense": 5597000.0,
        "Insurance And Claims": 156000.0,
        "Salaries And Wages": 5441000.0,
        "Total Revenue": 13163000.0,
        "Operating Revenue": 13163000.0,
        "Occupancy And Equipment": 1532000.0,
        "Professional Expense And Contract Services Expense": 299000.0,
        "Other Non Interest Expense": 2539000.0
    },
    "2024-12-31": {
        "Tax Effect Of Unusual Items": -6441.199078,
        "Tax Rate For Calcs": 0.32206,
        "Total Unusual Items": -20000.0,
        "Total Unusual Items Excluding Goodwill": -20000.0,
        "Net Income From Continuing Operation Net Minority Interest": -1764000.0,
        "Reconciled Depreciation": -623000.0,
        "Net Interest Income": 11677000.0,
        "Interest Expense": 5010000.0,
        "Interest Income": 16687000.0,
        "Normalized Income": -1750441.199078,
        "Net Income From Continuing And Discontinued Operation": -1764000.0,
        "Diluted Average Shares": 12460678.0,
        "Basic Average Shares": 12460678.0,
        "Diluted EPS": -0.14,
        "Basic EPS": -0.14,
        "Diluted NI Availto Com Stockholders": -1764000.0,
        "Net Income Common Stockholders": -1764000.0,
        "Net Income": -1764000.0,
        "Net Income Including Noncontrolling Interests": -1764000.0,
        "Net Income Continuous Operations": -1764000.0,
        "Tax Provision": -838000.0,
        "Pretax Income": -2602000.0,
        "Special Income Charges": -20000.0,
        "Other Special Charges": 20000.0,
        "Impairment Of Capital Assets": 0.0,
        "Gain On Sale Of Security": 0.0,
        "Selling General And Administration": 6046000.0,
        "Selling And Marketing Expense": 177000.0,
        "General And Administrative Expense": 5869000.0,
        "Insurance And Claims": 159000.0,
        "Salaries And Wages": 5710000.0,
        "Total Revenue": 13267000.0,
        "Operating Revenue": 13267000.0,
        "Occupancy And Equipment": 1689000.0,
        "Professional Expense And Contract Services Expense": 410000.0,
        "Other Non Interest Expense": 3054000.0
    },
    "2025-03-31": {
        "Tax Effect Of Unusual Items": 6364.0,
        "Tax Rate For Calcs": 0.172,
        "Total Unusual Items": 37000.0,
        "Total Unusual Items Excluding Goodwill": 37000.0,
        "Net Income From Continuing Operation Net Minority Interest": 2081000.0,
        "Reconciled Depreciation": -2206000.0,
        "Net Interest Income": 11495000.0,
        "Interest Expense": 4817000.0,
        "Interest Income": 16312000.0,
        "Normalized Income": 2050364.0,
        "Net Income From Continuing And Discontinued Operation": 2081000.0,
        "Diluted Average Shares": 12460678.0,
        "Basic Average Shares": 12460678.0,
        "Diluted EPS": 0.17,
        "Basic EPS": 0.17,
        "Diluted NI Availto Com Stockholders": 2081000.0,
        "Net Income Common Stockholders": 2081000.0,
        "Net Income": 2081000.0,
        "Net Income Including Noncontrolling Interests": 2081000.0,
        "Net Income Continuous Operations": 2081000.0,
        "Tax Provision": 432000.0,
        "Pretax Income": 2513000.0,
        "Special Income Charges": 37000.0,
        "Other Special Charges": 5000.0,
        "Impairment Of Capital Assets": NaN,
        "Gain On Sale Of Security": NaN,
        "Selling General And Administration": 5991000.0,
        "Selling And Marketing Expense": 130000.0,
        "General And Administrative Expense": 5861000.0,
        "Insurance And Claims": 157000.0,
        "Salaries And Wages": 5704000.0,
        "Total Revenue": 13092000.0,
        "Operating Revenue": 13092000.0,
        "Occupancy And Equipment": 2047000.0,
        "Professional Expense And Contract Services Expense": 405000.0,
        "Other Non Interest Expense": 2469000.0
    },
    "2025-06-30": {
        "Tax Effect Of Unusual Items": -840.0,
        "Tax Rate For Calcs": 0.21,
        "Total Unusual Items": -4000.0,
        "Total Unusual Items Excluding Goodwill": -4000.0,
        "Net Income From Continuing Operation Net Minority Interest": -359000.0,
        "Reconciled Depreciation": -2996000.0,
        "Net Interest Income": 11265000.0,
        "Interest Expense": 4864000.0,
        "Interest Income": 16129000.0,
        "Normalized Income": -355840.0,
        "Net Income From Continuing And Discontinued Operation": -359000.0,
        "Diluted Average Shares": 12460678.0,
        "Basic Average Shares": 12460678.0,
        "Diluted EPS": -0.03,
        "Basic EPS": -0.03,
        "Diluted NI Availto Com Stockholders": -359000.0,
        "Net Income Common Stockholders": -359000.0,
        "Net Income": -359000.0,
        "Net Income Including Noncontrolling Interests": -359000.0,
        "Net Income Continuous Operations": -359000.0,
        "Tax Provision": -517000.0,
        "Pretax Income": -876000.0,
        "Special Income Charges": -4000.0,
        "Other Special Charges": 4000.0,
        "Impairment Of Capital Assets": NaN,
        "Gain On Sale Of Security": NaN,
        "Selling General And Administration": 5954000.0,
        "Selling And Marketing Expense": 232000.0,
        "General And Administrative Expense": 5722000.0,
        "Insurance And Claims": 157000.0,
        "Salaries And Wages": 5565000.0,
        "Total Revenue": 13228000.0,
        "Operating Revenue": 13228000.0,
        "Occupancy And Equipment": 1790000.0,
        "Professional Expense And Contract Services Expense": 770000.0,
        "Other Non Interest Expense": 3334000.0
    },
    "2025-09-30": {
        "Tax Effect Of Unusual Items": -3495.053004,
        "Tax Rate For Calcs": 0.166431,
        "Total Unusual Items": -21000.0,
        "Total Unusual Items Excluding Goodwill": -21000.0,
        "Net Income From Continuing Operation Net Minority Interest": 2359000.0,
        "Reconciled Depreciation": -4287000.0,
        "Net Interest Income": 11640000.0,
        "Interest Expense": 5067000.0,
        "Interest Income": 16707000.0,
        "Normalized Income": 2376504.946996,
        "Net Income From Continuing And Discontinued Operation": 2359000.0,
        "Diluted Average Shares": 12460678.0,
        "Basic Average Shares": 12460678.0,
        "Diluted EPS": 0.19,
        "Basic EPS": 0.19,
        "Diluted NI Availto Com Stockholders": 2359000.0,
        "Net Income Common Stockholders": 2359000.0,
        "Net Income": 2359000.0,
        "Net Income Including Noncontrolling Interests": 2359000.0,
        "Net Income Continuous Operations": 2359000.0,
        "Tax Provision": 471000.0,
        "Pretax Income": 2830000.0,
        "Special Income Charges": -21000.0,
        "Other Special Charges": 21000.0,
        "Impairment Of Capital Assets": NaN,
        "Gain On Sale Of Security": NaN,
        "Selling General And Administration": 4682000.0,
        "Selling And Marketing Expense": 133000.0,
        "General And Administrative Expense": 4549000.0,
        "Insurance And Claims": 160000.0,
        "Salaries And Wages": 4389000.0,
        "Total Revenue": 13364000.0,
        "Operating Revenue": 13364000.0,
        "Occupancy And Equipment": 1978000.0,
        "Professional Expense And Contract Services Expense": 1175000.0,
        "Other Non Interest Expense": 2943000.0
    }
}