{
    "2023-03-31": {
        "Tax Effect Of Unusual Items": NaN,
        "Tax Rate For Calcs": NaN,
        "Normalized EBITDA": NaN,
        "Total Unusual Items": NaN,
        "Total Unusual Items Excluding Goodwill": NaN,
        "Net Income From Continuing Operation Net Minority Interest": NaN,
        "Reconciled Depreciation": NaN,
        "Reconciled Cost Of Revenue": NaN,
        "EBITDA": NaN,
        "EBIT": NaN,
        "Net Interest Income": NaN,
        "Interest Expense": NaN,
        "Interest Income": NaN,
        "Normalized Income": NaN,
        "Net Income From Continuing And Discontinued Operation": NaN,
        "Total Expenses": NaN,
        "Total Operating Income As Reported": NaN,
        "Diluted Average Shares": NaN,
        "Basic Average Shares": NaN,
        "Diluted EPS": NaN,
        "Basic EPS": NaN,
        "Diluted NI Availto Com Stockholders": NaN,
        "Net Income Common Stockholders": NaN,
        "Net Income": NaN,
        "Net Income Including Noncontrolling Interests": NaN,
        "Net Income Continuous Operations": NaN,
        "Tax Provision": NaN,
        "Pretax Income": NaN,
        "Other Income Expense": NaN,
        "Other Non Operating Income Expenses": NaN,
        "Gain On Sale Of Security": NaN,
        "Net Non Operating Interest Income Expense": NaN,
        "Interest Expense Non Operating": NaN,
        "Interest Income Non Operating": NaN,
        "Operating Income": NaN,
        "Operating Expense": NaN,
        "Other Operating Expenses": 6432000.0,
        "Research And Development": NaN,
        "Selling General And Administration": NaN,
        "Selling And Marketing Expense": NaN,
        "General And Administrative Expense": NaN,
        "Other Gand A": NaN,
        "Salaries And Wages": NaN,
        "Gross Profit": NaN,
        "Cost Of Revenue": NaN,
        "Total Revenue": NaN,
        "Operating Revenue": NaN
    },
    "2022-12-31": {
        "Tax Effect Of Unusual Items": NaN,
        "Tax Rate For Calcs": NaN,
        "Normalized EBITDA": NaN,
        "Total Unusual Items": NaN,
        "Total Unusual Items Excluding Goodwill": NaN,
        "Net Income From Continuing Operation Net Minority Interest": NaN,
        "Reconciled Depreciation": NaN,
        "Reconciled Cost Of Revenue": NaN,
        "EBITDA": NaN,
        "EBIT": NaN,
        "Net Interest Income": NaN,
        "Interest Expense": 0.0,
        "Interest Income": NaN,
        "Normalized Income": NaN,
        "Net Income From Continuing And Discontinued Operation": NaN,
        "Total Expenses": NaN,
        "Total Operating Income As Reported": NaN,
        "Diluted Average Shares": NaN,
        "Basic Average Shares": NaN,
        "Diluted EPS": NaN,
        "Basic EPS": NaN,
        "Diluted NI Availto Com Stockholders": NaN,
        "Net Income Common Stockholders": NaN,
        "Net Income": NaN,
        "Net Income Including Noncontrolling Interests": NaN,
        "Net Income Continuous Operations": NaN,
        "Tax Provision": NaN,
        "Pretax Income": NaN,
        "Other Income Expense": NaN,
        "Other Non Operating Income Expenses": NaN,
        "Gain On Sale Of Security": NaN,
        "Net Non Operating Interest Income Expense": NaN,
        "Interest Expense Non Operating": 0.0,
        "Interest Income Non Operating": NaN,
        "Operating Income": NaN,
        "Operating Expense": NaN,
        "Other Operating Expenses": NaN,
        "Research And Development": NaN,
        "Selling General And Administration": NaN,
        "Selling And Marketing Expense": NaN,
        "General And Administrative Expense": NaN,
        "Other Gand A": NaN,
        "Salaries And Wages": NaN,
        "Gross Profit": NaN,
        "Cost Of Revenue": NaN,
        "Total Revenue": NaN,
        "Operating Revenue": NaN
    },
    "2022-09-30": {
        "Tax Effect Of Unusual Items": NaN,
        "Tax Rate For Calcs": NaN,
        "Normalized EBITDA": NaN,
        "Total Unusual Items": NaN,
        "Total Unusual Items Excluding Goodwill": NaN,
        "Net Income From Continuing Operation Net Minority Interest": NaN,
        "Reconciled Depreciation": NaN,
        "Reconciled Cost Of Revenue": NaN,
        "EBITDA": NaN,
        "EBIT": NaN,
        "Net Interest Income": NaN,
        "Interest Expense": NaN,
        "Interest Income": NaN,
        "Normalized Income": NaN,
        "Net Income From Continuing And Discontinued Operation": NaN,
        "Total Expenses": NaN,
        "Total Operating Income As Reported": NaN,
        "Diluted Average Shares": NaN,
        "Basic Average Shares": NaN,
        "Diluted EPS": NaN,
        "Basic EPS": NaN,
        "Diluted NI Availto Com Stockholders": NaN,
        "Net Income Common Stockholders": NaN,
        "Net Income": NaN,
        "Net Income Including Noncontrolling Interests": NaN,
        "Net Income Continuous Operations": NaN,
        "Tax Provision": NaN,
        "Pretax Income": NaN,
        "Other Income Expense": NaN,
        "Other Non Operating Income Expenses": NaN,
        "Gain On Sale Of Security": NaN,
        "Net Non Operating Interest Income Expense": NaN,
        "Interest Expense Non Operating": NaN,
        "Interest Income Non Operating": NaN,
        "Operating Income": NaN,
        "Operating Expense": NaN,
        "Other Operating Expenses": 2897000.0,
        "Research And Development": NaN,
        "Selling General And Administration": NaN,
        "Selling And Marketing Expense": NaN,
        "General And Administrative Expense": NaN,
        "Other Gand A": NaN,
        "Salaries And Wages": NaN,
        "Gross Profit": NaN,
        "Cost Of Revenue": NaN,
        "Total Revenue": NaN,
        "Operating Revenue": NaN
    },
    "2022-06-30": {
        "Tax Effect Of Unusual Items": 5122000.0,
        "Tax Rate For Calcs": 0.4,
        "Normalized EBITDA": -47232000.0,
        "Total Unusual Items": 12805000.0,
        "Total Unusual Items Excluding Goodwill": 12805000.0,
        "Net Income From Continuing Operation Net Minority Interest": -35801000.0,
        "Reconciled Depreciation": 1351000.0,
        "Reconciled Cost Of Revenue": 8643000.0,
        "EBITDA": -34427000.0,
        "EBIT": -35778000.0,
        "Net Interest Income": 260000.0,
        "Interest Expense": 0.0,
        "Interest Income": 260000.0,
        "Normalized Income": -43484000.0,
        "Net Income From Continuing And Discontinued Operation": -35801000.0,
        "Total Expenses": 67670000.0,
        "Total Operating Income As Reported": -48455000.0,
        "Diluted Average Shares": 199399356.0,
        "Basic Average Shares": 199399356.0,
        "Diluted EPS": -0.18,
        "Basic EPS": -0.18,
        "Diluted NI Availto Com Stockholders": -35801000.0,
        "Net Income Common Stockholders": -35801000.0,
        "Net Income": -35801000.0,
        "Net Income Including Noncontrolling Interests": -35801000.0,
        "Net Income Continuous Operations": -35801000.0,
        "Tax Provision": 23000.0,
        "Pretax Income": -35778000.0,
        "Other Income Expense": 12417000.0,
        "Other Non Operating Income Expenses": -388000.0,
        "Gain On Sale Of Security": 12805000.0,
        "Net Non Operating Interest Income Expense": 260000.0,
        "Interest Expense Non Operating": 0.0,
        "Interest Income Non Operating": 260000.0,
        "Operating Income": -48455000.0,
        "Operating Expense": 59027000.0,
        "Other Operating Expenses": NaN,
        "Research And Development": 23220000.0,
        "Selling General And Administration": 35807000.0,
        "Selling And Marketing Expense": 16438000.0,
        "General And Administrative Expense": 19369000.0,
        "Other Gand A": 19369000.0,
        "Gross Profit": 10572000.0,
        "Cost Of Revenue": 8643000.0,
        "Total Revenue": 19215000.0,
        "Operating Revenue": 19215000.0
    },
    "2023-06-30": {
        "Tax Effect Of Unusual Items": NaN,
        "Tax Rate For Calcs": NaN,
        "Normalized EBITDA": NaN,
        "Total Unusual Items": NaN,
        "Total Unusual Items Excluding Goodwill": NaN,
        "Net Income From Continuing Operation Net Minority Interest": NaN,
        "Reconciled Depreciation": NaN,
        "Reconciled Cost Of Revenue": NaN,
        "EBITDA": NaN,
        "EBIT": NaN,
        "Net Interest Income": NaN,
        "Interest Expense": NaN,
        "Interest Income": NaN,
        "Normalized Income": NaN,
        "Net Income From Continuing And Discontinued Operation": NaN,
        "Total Expenses": NaN,
        "Total Operating Income As Reported": NaN,
        "Diluted Average Shares": NaN,
        "Basic Average Shares": NaN,
        "Diluted EPS": NaN,
        "Basic EPS": NaN,
        "Diluted NI Availto Com Stockholders": NaN,
        "Net Income Common Stockholders": NaN,
        "Net Income": NaN,
        "Net Income Including Noncontrolling Interests": NaN,
        "Net Income Continuous Operations": NaN,
        "Tax Provision": NaN,
        "Pretax Income": NaN,
        "Other Income Expense": NaN,
        "Other Non Operating Income Expenses": NaN,
        "Gain On Sale Of Security": NaN,
        "Net Non Operating Interest Income Expense": NaN,
        "Interest Expense Non Operating": NaN,
        "Interest Income Non Operating": NaN,
        "Operating Income": NaN,
        "Operating Expense": NaN,
        "Other Operating Expenses": 2172000.0,
        "Research And Development": NaN,
        "Selling General And Administration": NaN,
        "Selling And Marketing Expense": NaN,
        "General And Administrative Expense": NaN,
        "Other Gand A": NaN,
        "Salaries And Wages": NaN,
        "Gross Profit": NaN,
        "Cost Of Revenue": NaN,
        "Total Revenue": NaN,
        "Operating Revenue": NaN
    },
    "2022-03-31": {
        "Diluted EPS": -0.22,
        "Total Revenue": 16,
        "Gross Profit": 8,
        "Operating Income": -50,
        "EBIT": -49,
        "Net Income": -44
    },
    "2021-12-31": {
        "Diluted EPS": -0.09,
        "Total Revenue": 19,
        "Gross Profit": 8,
        "Operating Income": -45,
        "EBIT": -45,
        "Net Income": -15
    },
    "2021-09-30": {
        "Diluted EPS": -0.07,
        "Total Revenue": 15,
        "Gross Profit": -5,
        "Operating Income": -57,
        "EBIT": -56,
        "Net Income": -14
    },
    "2021-06-30": {
        "Diluted EPS": -0.02,
        "Total Revenue": 17,
        "Gross Profit": 8,
        "Operating Income": -37,
        "EBIT": -36,
        "Net Income": -3
    },
    "2021-03-31": {
        "Diluted EPS": -0.01,
        "Total Revenue": 12,
        "Gross Profit": 6,
        "Operating Income": -54,
        "EBIT": -53,
        "Net Income": -1
    },
    "2020-12-31": {
        "Diluted EPS": -3.75,
        "Total Revenue": 16,
        "Gross Profit": 9,
        "Operating Income": -22,
        "EBIT": -22,
        "Net Income": -23
    },
    "2020-09-30": {
        "Diluted EPS": -15.2,
        "Total Revenue": 10,
        "Gross Profit": -69,
        "Operating Income": -92,
        "EBIT": -92,
        "Net Income": -92
    },
    "2020-06-30": {
        "Diluted EPS": -3.85,
        "Total Revenue": 12,
        "Gross Profit": 0,
        "Operating Income": -23,
        "EBIT": -23,
        "Net Income": -23
    },
    "2020-03-31": {
        "Diluted EPS": -4.07,
        "Total Revenue": 9,
        "Gross Profit": -1,
        "Operating Income": -25,
        "EBIT": -24,
        "Net Income": -24
    },
    "2019-12-31": {
        "Diluted EPS": 0.0,
        "Total Revenue": NaN,
        "Gross Profit": NaN,
        "Operating Income": NaN,
        "EBIT": NaN,
        "Net Income": NaN
    },
    "2023-09-30": {
        "Tax Effect Of Unusual Items": NaN,
        "Tax Rate For Calcs": NaN,
        "Normalized EBITDA": NaN,
        "Total Unusual Items": NaN,
        "Total Unusual Items Excluding Goodwill": NaN,
        "Net Income From Continuing Operation Net Minority Interest": NaN,
        "Reconciled Depreciation": NaN,
        "Reconciled Cost Of Revenue": NaN,
        "EBITDA": NaN,
        "EBIT": NaN,
        "Net Interest Income": NaN,
        "Interest Expense": NaN,
        "Interest Income": NaN,
        "Normalized Income": NaN,
        "Net Income From Continuing And Discontinued Operation": NaN,
        "Total Expenses": NaN,
        "Total Operating Income As Reported": NaN,
        "Diluted Average Shares": NaN,
        "Basic Average Shares": NaN,
        "Diluted EPS": NaN,
        "Basic EPS": NaN,
        "Diluted NI Availto Com Stockholders": NaN,
        "Net Income Common Stockholders": NaN,
        "Net Income": NaN,
        "Net Income Including Noncontrolling Interests": NaN,
        "Net Income Continuous Operations": NaN,
        "Tax Provision": NaN,
        "Pretax Income": NaN,
        "Other Income Expense": NaN,
        "Other Non Operating Income Expenses": NaN,
        "Gain On Sale Of Security": NaN,
        "Net Non Operating Interest Income Expense": NaN,
        "Interest Expense Non Operating": NaN,
        "Interest Income Non Operating": NaN,
        "Operating Income": NaN,
        "Operating Expense": NaN,
        "Other Operating Expenses": 9243000.0,
        "Research And Development": NaN,
        "Selling General And Administration": NaN,
        "Selling And Marketing Expense": NaN,
        "General And Administrative Expense": NaN,
        "Other Gand A": NaN,
        "Salaries And Wages": NaN,
        "Gross Profit": NaN,
        "Cost Of Revenue": NaN,
        "Total Revenue": NaN,
        "Operating Revenue": NaN
    },
    "2023-12-31": {
        "Tax Effect Of Unusual Items": NaN,
        "Tax Rate For Calcs": NaN,
        "Normalized EBITDA": NaN,
        "Total Unusual Items": NaN,
        "Total Unusual Items Excluding Goodwill": NaN,
        "Net Income From Continuing Operation Net Minority Interest": NaN,
        "Reconciled Depreciation": NaN,
        "Reconciled Cost Of Revenue": NaN,
        "EBITDA": NaN,
        "EBIT": NaN,
        "Net Interest Income": NaN,
        "Interest Expense": NaN,
        "Interest Income": NaN,
        "Normalized Income": NaN,
        "Net Income From Continuing And Discontinued Operation": NaN,
        "Total Expenses": NaN,
        "Total Operating Income As Reported": NaN,
        "Diluted Average Shares": NaN,
        "Basic Average Shares": NaN,
        "Diluted EPS": NaN,
        "Basic EPS": NaN,
        "Diluted NI Availto Com Stockholders": NaN,
        "Net Income Common Stockholders": NaN,
        "Net Income": NaN,
        "Net Income Including Noncontrolling Interests": NaN,
        "Net Income Continuous Operations": NaN,
        "Tax Provision": NaN,
        "Pretax Income": NaN,
        "Other Income Expense": NaN,
        "Other Non Operating Income Expenses": NaN,
        "Gain On Sale Of Security": NaN,
        "Net Non Operating Interest Income Expense": NaN,
        "Interest Expense Non Operating": NaN,
        "Interest Income Non Operating": NaN,
        "Operating Income": NaN,
        "Operating Expense": NaN,
        "Other Operating Expenses": 316000.0,
        "Research And Development": NaN,
        "Selling General And Administration": NaN,
        "Selling And Marketing Expense": NaN,
        "General And Administrative Expense": NaN,
        "Other Gand A": NaN,
        "Salaries And Wages": NaN,
        "Gross Profit": NaN,
        "Cost Of Revenue": NaN,
        "Total Revenue": NaN,
        "Operating Revenue": NaN
    },
    "2024-03-31": {
        "Tax Effect Of Unusual Items": -43470.0,
        "Tax Rate For Calcs": 0.21,
        "Normalized EBITDA": -18667000.0,
        "Total Unusual Items": -207000.0,
        "Total Unusual Items Excluding Goodwill": -207000.0,
        "Net Income From Continuing Operation Net Minority Interest": -21761000.0,
        "Reconciled Depreciation": 2584000.0,
        "Reconciled Cost Of Revenue": 7380000.0,
        "EBITDA": -18874000.0,
        "EBIT": -21458000.0,
        "Net Interest Income": 1211000.0,
        "Interest Expense": 300000.0,
        "Interest Income": 1511000.0,
        "Normalized Income": -21597470.0,
        "Net Income From Continuing And Discontinued Operation": -21761000.0,
        "Total Expenses": 40277000.0,
        "Total Operating Income As Reported": -22621000.0,
        "Diluted Average Shares": 208873449.0,
        "Basic Average Shares": 208873449.0,
        "Diluted EPS": -0.1,
        "Basic EPS": -0.1,
        "Diluted NI Availto Com Stockholders": -21761000.0,
        "Net Income Common Stockholders": -21761000.0,
        "Net Income": -21761000.0,
        "Net Income Including Noncontrolling Interests": -21761000.0,
        "Net Income Continuous Operations": -21761000.0,
        "Tax Provision": 3000.0,
        "Pretax Income": -21758000.0,
        "Other Income Expense": -348000.0,
        "Other Non Operating Income Expenses": -141000.0,
        "Gain On Sale Of Security": -207000.0,
        "Net Non Operating Interest Income Expense": 1211000.0,
        "Interest Expense Non Operating": 300000.0,
        "Interest Income Non Operating": 1511000.0,
        "Operating Income": -22621000.0,
        "Operating Expense": 32897000.0,
        "Other Operating Expenses": NaN,
        "Research And Development": 10720000.0,
        "Selling General And Administration": 22177000.0,
        "Selling And Marketing Expense": 10378000.0,
        "General And Administrative Expense": 11799000.0,
        "Other Gand A": 11855000.0,
        "Salaries And Wages": -56000.0,
        "Gross Profit": 10276000.0,
        "Cost Of Revenue": 7380000.0,
        "Total Revenue": 17656000.0,
        "Operating Revenue": 17656000.0
    },
    "2024-06-30": {
        "Tax Effect Of Unusual Items": 130200.0,
        "Tax Rate For Calcs": 0.21,
        "Normalized EBITDA": -13367000.0,
        "Total Unusual Items": 620000.0,
        "Total Unusual Items Excluding Goodwill": 620000.0,
        "Net Income From Continuing Operation Net Minority Interest": -15706000.0,
        "Reconciled Depreciation": 2633000.0,
        "Reconciled Cost Of Revenue": 8901000.0,
        "EBITDA": -12747000.0,
        "EBIT": -15380000.0,
        "Net Interest Income": 982000.0,
        "Interest Expense": 309000.0,
        "Interest Income": 1291000.0,
        "Normalized Income": -16195800.0,
        "Net Income From Continuing And Discontinued Operation": -15706000.0,
        "Total Expenses": 38719000.0,
        "Total Operating Income As Reported": -17232000.0,
        "Diluted Average Shares": 211663554.0,
        "Basic Average Shares": 211663554.0,
        "Diluted EPS": -0.07,
        "Basic EPS": -0.07,
        "Diluted NI Availto Com Stockholders": -15706000.0,
        "Net Income Common Stockholders": -15706000.0,
        "Net Income": -15706000.0,
        "Net Income Including Noncontrolling Interests": -15706000.0,
        "Net Income Continuous Operations": -15706000.0,
        "Tax Provision": 17000.0,
        "Pretax Income": -15689000.0,
        "Other Income Expense": 561000.0,
        "Other Non Operating Income Expenses": -59000.0,
        "Gain On Sale Of Security": 620000.0,
        "Net Non Operating Interest Income Expense": 982000.0,
        "Interest Expense Non Operating": 309000.0,
        "Interest Income Non Operating": 1291000.0,
        "Operating Income": -17232000.0,
        "Operating Expense": 29818000.0,
        "Research And Development": 9411000.0,
        "Selling General And Administration": 20407000.0,
        "Selling And Marketing Expense": 9728000.0,
        "General And Administrative Expense": 10679000.0,
        "Other Gand A": 10653000.0,
        "Salaries And Wages": 26000.0,
        "Gross Profit": 12586000.0,
        "Cost Of Revenue": 8901000.0,
        "Total Revenue": 21487000.0,
        "Operating Revenue": 21487000.0
    },
    "2024-09-30": {
        "Tax Effect Of Unusual Items": -260190.0,
        "Tax Rate For Calcs": 0.21,
        "Normalized EBITDA": -12690000.0,
        "Total Unusual Items": -1239000.0,
        "Total Unusual Items Excluding Goodwill": -1239000.0,
        "Net Income From Continuing Operation Net Minority Interest": -16924000.0,
        "Reconciled Depreciation": 2618000.0,
        "Reconciled Cost Of Revenue": 8328000.0,
        "EBITDA": -13929000.0,
        "EBIT": -16547000.0,
        "Net Interest Income": 902000.0,
        "Interest Expense": 319000.0,
        "Interest Income": 1221000.0,
        "Normalized Income": -15945190.0,
        "Net Income From Continuing And Discontinued Operation": -16924000.0,
        "Total Expenses": 37807000.0,
        "Total Operating Income As Reported": -17246000.0,
        "Diluted Average Shares": 212774085.0,
        "Basic Average Shares": 212774085.0,
        "Diluted EPS": -0.08,
        "Basic EPS": -0.08,
        "Diluted NI Availto Com Stockholders": -16924000.0,
        "Net Income Common Stockholders": -16924000.0,
        "Net Income": -16924000.0,
        "Net Income Including Noncontrolling Interests": -16924000.0,
        "Net Income Continuous Operations": -16924000.0,
        "Tax Provision": 58000.0,
        "Pretax Income": -16866000.0,
        "Other Income Expense": -522000.0,
        "Other Non Operating Income Expenses": 717000.0,
        "Gain On Sale Of Security": -1239000.0,
        "Net Non Operating Interest Income Expense": 902000.0,
        "Interest Expense Non Operating": 319000.0,
        "Interest Income Non Operating": 1221000.0,
        "Operating Income": -17246000.0,
        "Operating Expense": 29479000.0,
        "Research And Development": 8844000.0,
        "Selling General And Administration": 20635000.0,
        "Selling And Marketing Expense": 9607000.0,
        "General And Administrative Expense": 11028000.0,
        "Other Gand A": 9774000.0,
        "Salaries And Wages": 1254000.0,
        "Gross Profit": 12233000.0,
        "Cost Of Revenue": 8328000.0,
        "Total Revenue": 20561000.0,
        "Operating Revenue": 20561000.0
    },
    "2024-12-31": {
        "Tax Effect Of Unusual Items": -6239.635385,
        "Tax Rate For Calcs": 0.00604,
        "Normalized EBITDA": -14338000.0,
        "Total Unusual Items": -1033000.0,
        "Total Unusual Items Excluding Goodwill": -1033000.0,
        "Net Income From Continuing Operation Net Minority Interest": -18101000.0,
        "Reconciled Depreciation": 2507000.0,
        "Reconciled Cost Of Revenue": 8616000.0,
        "EBITDA": -15371000.0,
        "EBIT": -17878000.0,
        "Net Interest Income": 664000.0,
        "Interest Expense": 333000.0,
        "Interest Income": 997000.0,
        "Normalized Income": -17074239.635385,
        "Net Income From Continuing And Discontinued Operation": -18101000.0,
        "Total Expenses": 39663000.0,
        "Total Operating Income As Reported": -17312000.0,
        "Diluted Average Shares": 213389209.0,
        "Basic Average Shares": 213389209.0,
        "Diluted EPS": -0.08,
        "Basic EPS": -0.08,
        "Diluted NI Availto Com Stockholders": -18101000.0,
        "Net Income Common Stockholders": -18101000.0,
        "Net Income": -18101000.0,
        "Net Income Including Noncontrolling Interests": -18101000.0,
        "Net Income Continuous Operations": -18101000.0,
        "Tax Provision": -110000.0,
        "Pretax Income": -18211000.0,
        "Other Income Expense": -1563000.0,
        "Other Non Operating Income Expenses": -530000.0,
        "Gain On Sale Of Security": -1033000.0,
        "Net Non Operating Interest Income Expense": 664000.0,
        "Interest Expense Non Operating": 333000.0,
        "Interest Income Non Operating": 997000.0,
        "Operating Income": -17312000.0,
        "Operating Expense": 31047000.0,
        "Research And Development": 8825000.0,
        "Selling General And Administration": 22222000.0,
        "Selling And Marketing Expense": 11854000.0,
        "General And Administrative Expense": 10368000.0,
        "Other Gand A": 10251000.0,
        "Salaries And Wages": 117000.0,
        "Gross Profit": 13735000.0,
        "Cost Of Revenue": 8616000.0,
        "Total Revenue": 22351000.0,
        "Operating Revenue": 22351000.0
    },
    "2025-03-31": {
        "Tax Effect Of Unusual Items": 173460.0,
        "Tax Rate For Calcs": 0.21,
        "Normalized EBITDA": -12079000.0,
        "Total Unusual Items": 826000.0,
        "Total Unusual Items Excluding Goodwill": 826000.0,
        "Net Income From Continuing Operation Net Minority Interest": -13967000.0,
        "Reconciled Depreciation": 2360000.0,
        "Reconciled Cost Of Revenue": 7845000.0,
        "EBITDA": -11253000.0,
        "EBIT": -13613000.0,
        "Net Interest Income": 1304000.0,
        "Interest Expense": 347000.0,
        "Interest Income": 1651000.0,
        "Normalized Income": -14619540.0,
        "Net Income From Continuing And Discontinued Operation": -13967000.0,
        "Total Expenses": 39693000.0,
        "Total Operating Income As Reported": -18468000.0,
        "Diluted Average Shares": 234923536.0,
        "Basic Average Shares": 234923536.0,
        "Diluted EPS": -0.06,
        "Basic EPS": -0.06,
        "Diluted NI Availto Com Stockholders": -13967000.0,
        "Net Income Common Stockholders": -13967000.0,
        "Net Income": -13967000.0,
        "Net Income Including Noncontrolling Interests": -13967000.0,
        "Net Income Continuous Operations": -13967000.0,
        "Tax Provision": 7000.0,
        "Pretax Income": -13960000.0,
        "Other Income Expense": 3204000.0,
        "Other Non Operating Income Expenses": 2378000.0,
        "Gain On Sale Of Security": 826000.0,
        "Net Non Operating Interest Income Expense": 1304000.0,
        "Interest Expense Non Operating": 347000.0,
        "Interest Income Non Operating": 1651000.0,
        "Operating Income": -18468000.0,
        "Operating Expense": 31848000.0,
        "Research And Development": 9924000.0,
        "Selling General And Administration": 21924000.0,
        "Selling And Marketing Expense": 11620000.0,
        "General And Administrative Expense": 10304000.0,
        "Other Gand A": 10272000.0,
        "Salaries And Wages": 32000.0,
        "Gross Profit": 13380000.0,
        "Cost Of Revenue": 7845000.0,
        "Total Revenue": 21225000.0,
        "Operating Revenue": 21225000.0
    },
    "2025-06-30": {
        "Tax Effect Of Unusual Items": 130200.0,
        "Tax Rate For Calcs": 0.21,
        "Normalized EBITDA": -11984000.0,
        "Total Unusual Items": 620000.0,
        "Total Unusual Items Excluding Goodwill": 620000.0,
        "Net Income From Continuing Operation Net Minority Interest": -13834000.0,
        "Reconciled Depreciation": 2082000.0,
        "Reconciled Cost Of Revenue": 8492000.0,
        "EBITDA": -11364000.0,
        "EBIT": -13446000.0,
        "Net Interest Income": 1135000.0,
        "Interest Expense": 368000.0,
        "Interest Income": 1503000.0,
        "Normalized Income": -14323800.0,
        "Net Income From Continuing And Discontinued Operation": -13834000.0,
        "Total Expenses": 39483000.0,
        "Total Operating Income As Reported": -16100000.0,
        "Diluted Average Shares": 248393811.0,
        "Basic Average Shares": 248393811.0,
        "Diluted EPS": -0.06,
        "Basic EPS": -0.06,
        "Diluted NI Availto Com Stockholders": -13834000.0,
        "Net Income Common Stockholders": -13834000.0,
        "Net Income": -13834000.0,
        "Net Income Including Noncontrolling Interests": -13834000.0,
        "Net Income Continuous Operations": -13834000.0,
        "Tax Provision": 20000.0,
        "Pretax Income": -13814000.0,
        "Other Income Expense": 1151000.0,
        "Other Non Operating Income Expenses": 531000.0,
        "Gain On Sale Of Security": 620000.0,
        "Net Non Operating Interest Income Expense": 1135000.0,
        "Interest Expense Non Operating": 368000.0,
        "Interest Income Non Operating": 1503000.0,
        "Operating Income": -16100000.0,
        "Operating Expense": 30991000.0,
        "Research And Development": 8315000.0,
        "Selling General And Administration": 22676000.0,
        "Selling And Marketing Expense": 11559000.0,
        "General And Administrative Expense": 11117000.0,
        "Other Gand A": 10629000.0,
        "Salaries And Wages": 488000.0,
        "Gross Profit": 14891000.0,
        "Cost Of Revenue": 8492000.0,
        "Total Revenue": 23383000.0,
        "Operating Revenue": 23383000.0
    },
    "2025-09-30": {
        "Tax Effect Of Unusual Items": 43470.0,
        "Tax Rate For Calcs": 0.21,
        "Normalized EBITDA": -31892000.0,
        "Total Unusual Items": 207000.0,
        "Total Unusual Items Excluding Goodwill": 207000.0,
        "Net Income From Continuing Operation Net Minority Interest": -33971000.0,
        "Reconciled Depreciation": 1885000.0,
        "Reconciled Cost Of Revenue": 25246000.0,
        "EBITDA": -31685000.0,
        "EBIT": -33570000.0,
        "Net Interest Income": 1058000.0,
        "Interest Expense": 385000.0,
        "Interest Income": 1443000.0,
        "Normalized Income": -34134530.0,
        "Net Income From Continuing And Discontinued Operation": -33971000.0,
        "Total Expenses": 56623000.0,
        "Total Operating Income As Reported": -35134000.0,
        "Diluted Average Shares": 252087541.0,
        "Basic Average Shares": 252087541.0,
        "Diluted EPS": -0.13,
        "Basic EPS": -0.13,
        "Diluted NI Availto Com Stockholders": -33971000.0,
        "Net Income Common Stockholders": -33971000.0,
        "Net Income": -33971000.0,
        "Net Income Including Noncontrolling Interests": -33971000.0,
        "Net Income Continuous Operations": -33971000.0,
        "Tax Provision": 16000.0,
        "Pretax Income": -33955000.0,
        "Other Income Expense": 121000.0,
        "Other Non Operating Income Expenses": -86000.0,
        "Gain On Sale Of Security": 207000.0,
        "Net Non Operating Interest Income Expense": 1058000.0,
        "Interest Expense Non Operating": 385000.0,
        "Interest Income Non Operating": 1443000.0,
        "Operating Income": -35134000.0,
        "Operating Expense": 31377000.0,
        "Research And Development": 8703000.0,
        "Selling General And Administration": 22674000.0,
        "Selling And Marketing Expense": 10626000.0,
        "General And Administrative Expense": 12048000.0,
        "Other Gand A": 11601000.0,
        "Salaries And Wages": 447000.0,
        "Gross Profit": -3757000.0,
        "Cost Of Revenue": 25246000.0,
        "Total Revenue": 21489000.0,
        "Operating Revenue": 21489000.0
    }
}