{
    "2023-06-30": {
        "Tax Effect Of Unusual Items": NaN,
        "Tax Rate For Calcs": NaN,
        "Total Unusual Items": NaN,
        "Total Unusual Items Excluding Goodwill": NaN,
        "Net Income From Continuing Operation Net Minority Interest": NaN,
        "Reconciled Depreciation": NaN,
        "Net Interest Income": NaN,
        "Interest Expense": NaN,
        "Interest Income": NaN,
        "Normalized Income": NaN,
        "Net Income From Continuing And Discontinued Operation": NaN,
        "Diluted Average Shares": NaN,
        "Basic Average Shares": NaN,
        "Diluted EPS": NaN,
        "Basic EPS": NaN,
        "Diluted NI Availto Com Stockholders": NaN,
        "Net Income Common Stockholders": NaN,
        "Preferred Stock Dividends": NaN,
        "Net Income": NaN,
        "Net Income Including Noncontrolling Interests": NaN,
        "Net Income Continuous Operations": NaN,
        "Tax Provision": NaN,
        "Pretax Income": NaN,
        "Special Income Charges": NaN,
        "Gain On Sale Of Business": NaN,
        "Restructuring And Mergern Acquisition": NaN,
        "Gain On Sale Of Security": NaN,
        "Depreciation Amortization Depletion Income Statement": 1720000.0,
        "Depreciation And Amortization In Income Statement": 1720000.0,
        "Selling General And Administration": NaN,
        "Selling And Marketing Expense": NaN,
        "General And Administrative Expense": NaN,
        "Other Gand A": 720000.0,
        "Insurance And Claims": NaN,
        "Salaries And Wages": NaN,
        "Total Revenue": NaN,
        "Operating Revenue": NaN,
        "Occupancy And Equipment": NaN,
        "Professional Expense And Contract Services Expense": NaN,
        "Other Non Interest Expense": NaN
    },
    "2023-03-31": {
        "Tax Effect Of Unusual Items": NaN,
        "Tax Rate For Calcs": NaN,
        "Total Unusual Items": NaN,
        "Total Unusual Items Excluding Goodwill": NaN,
        "Net Income From Continuing Operation Net Minority Interest": NaN,
        "Reconciled Depreciation": NaN,
        "Net Interest Income": NaN,
        "Interest Expense": NaN,
        "Interest Income": NaN,
        "Normalized Income": NaN,
        "Net Income From Continuing And Discontinued Operation": NaN,
        "Diluted Average Shares": NaN,
        "Basic Average Shares": NaN,
        "Diluted EPS": NaN,
        "Basic EPS": NaN,
        "Diluted NI Availto Com Stockholders": NaN,
        "Net Income Common Stockholders": NaN,
        "Preferred Stock Dividends": NaN,
        "Net Income": NaN,
        "Net Income Including Noncontrolling Interests": NaN,
        "Net Income Continuous Operations": NaN,
        "Tax Provision": NaN,
        "Pretax Income": NaN,
        "Special Income Charges": NaN,
        "Gain On Sale Of Business": NaN,
        "Restructuring And Mergern Acquisition": NaN,
        "Gain On Sale Of Security": NaN,
        "Depreciation Amortization Depletion Income Statement": NaN,
        "Depreciation And Amortization In Income Statement": NaN,
        "Selling General And Administration": NaN,
        "Selling And Marketing Expense": NaN,
        "General And Administrative Expense": NaN,
        "Other Gand A": 2206000.0,
        "Insurance And Claims": NaN,
        "Salaries And Wages": NaN,
        "Total Revenue": NaN,
        "Operating Revenue": NaN,
        "Occupancy And Equipment": NaN,
        "Professional Expense And Contract Services Expense": NaN,
        "Other Non Interest Expense": NaN
    },
    "2022-12-31": {
        "Tax Effect Of Unusual Items": NaN,
        "Tax Rate For Calcs": NaN,
        "Total Unusual Items": NaN,
        "Total Unusual Items Excluding Goodwill": NaN,
        "Net Income From Continuing Operation Net Minority Interest": NaN,
        "Reconciled Depreciation": NaN,
        "Net Interest Income": NaN,
        "Interest Expense": NaN,
        "Interest Income": NaN,
        "Normalized Income": NaN,
        "Net Income From Continuing And Discontinued Operation": NaN,
        "Diluted Average Shares": NaN,
        "Basic Average Shares": NaN,
        "Diluted EPS": NaN,
        "Basic EPS": NaN,
        "Diluted NI Availto Com Stockholders": NaN,
        "Net Income Common Stockholders": NaN,
        "Preferred Stock Dividends": NaN,
        "Net Income": NaN,
        "Net Income Including Noncontrolling Interests": NaN,
        "Net Income Continuous Operations": NaN,
        "Tax Provision": NaN,
        "Pretax Income": NaN,
        "Special Income Charges": NaN,
        "Gain On Sale Of Business": NaN,
        "Restructuring And Mergern Acquisition": NaN,
        "Gain On Sale Of Security": NaN,
        "Depreciation Amortization Depletion Income Statement": NaN,
        "Depreciation And Amortization In Income Statement": NaN,
        "Selling General And Administration": NaN,
        "Selling And Marketing Expense": NaN,
        "General And Administrative Expense": NaN,
        "Other Gand A": -233000.0,
        "Insurance And Claims": NaN,
        "Salaries And Wages": NaN,
        "Total Revenue": NaN,
        "Operating Revenue": NaN,
        "Occupancy And Equipment": NaN,
        "Professional Expense And Contract Services Expense": NaN,
        "Other Non Interest Expense": NaN
    },
    "2022-09-30": {
        "Tax Effect Of Unusual Items": NaN,
        "Tax Rate For Calcs": NaN,
        "Total Unusual Items": NaN,
        "Total Unusual Items Excluding Goodwill": NaN,
        "Net Income From Continuing Operation Net Minority Interest": NaN,
        "Reconciled Depreciation": NaN,
        "Net Interest Income": NaN,
        "Interest Expense": NaN,
        "Interest Income": NaN,
        "Normalized Income": NaN,
        "Net Income From Continuing And Discontinued Operation": NaN,
        "Diluted Average Shares": NaN,
        "Basic Average Shares": NaN,
        "Diluted EPS": NaN,
        "Basic EPS": NaN,
        "Diluted NI Availto Com Stockholders": NaN,
        "Net Income Common Stockholders": NaN,
        "Preferred Stock Dividends": NaN,
        "Net Income": NaN,
        "Net Income Including Noncontrolling Interests": NaN,
        "Net Income Continuous Operations": NaN,
        "Tax Provision": NaN,
        "Pretax Income": NaN,
        "Special Income Charges": NaN,
        "Gain On Sale Of Business": 0.0,
        "Restructuring And Mergern Acquisition": NaN,
        "Gain On Sale Of Security": NaN,
        "Depreciation Amortization Depletion Income Statement": 1850000.0,
        "Depreciation And Amortization In Income Statement": 1850000.0,
        "Selling General And Administration": NaN,
        "Selling And Marketing Expense": NaN,
        "General And Administrative Expense": NaN,
        "Other Gand A": 2988000.0,
        "Insurance And Claims": NaN,
        "Salaries And Wages": NaN,
        "Total Revenue": NaN,
        "Operating Revenue": NaN
    },
    "2022-06-30": {
        "Tax Effect Of Unusual Items": -122256.249637,
        "Tax Rate For Calcs": 0.202076,
        "Total Unusual Items": -605000.0,
        "Total Unusual Items Excluding Goodwill": -605000.0,
        "Net Income From Continuing Operation Net Minority Interest": 13757000.0,
        "Reconciled Depreciation": 1734000.0,
        "Net Interest Income": 49562000.0,
        "Interest Expense": 4452000.0,
        "Interest Income": 54014000.0,
        "Normalized Income": 14239743.750363,
        "Net Income From Continuing And Discontinued Operation": 13757000.0,
        "Diluted Average Shares": 22656174.0,
        "Basic Average Shares": 22459603.0,
        "Diluted EPS": 0.61,
        "Basic EPS": 0.61,
        "Diluted NI Availto Com Stockholders": 13757000.0,
        "Net Income Common Stockholders": 13757000.0,
        "Preferred Stock Dividends": NaN,
        "Net Income": 13757000.0,
        "Net Income Including Noncontrolling Interests": 13757000.0,
        "Net Income Continuous Operations": 13757000.0,
        "Tax Provision": 3484000.0,
        "Pretax Income": 17241000.0,
        "Special Income Charges": -615000.0,
        "Gain On Sale Of Business": NaN,
        "Restructuring And Mergern Acquisition": 615000.0,
        "Gain On Sale Of Security": -8000.0,
        "Depreciation Amortization Depletion Income Statement": 1734000.0,
        "Depreciation And Amortization In Income Statement": 1734000.0,
        "Selling General And Administration": 25692000.0,
        "Selling And Marketing Expense": 703000.0,
        "General And Administrative Expense": 24989000.0,
        "Other Gand A": 2708000.0,
        "Insurance And Claims": 661000.0,
        "Salaries And Wages": 21620000.0,
        "Total Revenue": 56531000.0,
        "Operating Revenue": 56531000.0
    },
    "2022-03-31": {
        "Diluted EPS": 0.41,
        "Total Revenue": 50,
        "Gross Profit": 46,
        "Operating Income": 11,
        "EBIT": NaN,
        "Net Income": 9
    },
    "2021-12-31": {
        "Diluted EPS": 0.59,
        "Total Revenue": 50,
        "Gross Profit": 46,
        "Operating Income": 15,
        "EBIT": NaN,
        "Net Income": 12
    },
    "2021-09-30": {
        "Diluted EPS": 0.51,
        "Total Revenue": 48,
        "Gross Profit": 43,
        "Operating Income": 13,
        "EBIT": NaN,
        "Net Income": 10
    },
    "2021-06-30": {
        "Diluted EPS": 0.84,
        "Total Revenue": 60,
        "Gross Profit": 55,
        "Operating Income": 22,
        "EBIT": NaN,
        "Net Income": 17
    },
    "2021-03-31": {
        "Diluted EPS": 0.59,
        "Total Revenue": 49,
        "Gross Profit": 45,
        "Operating Income": 15,
        "EBIT": NaN,
        "Net Income": 12
    },
    "2020-12-31": {
        "Diluted EPS": 0.73,
        "Total Revenue": 54,
        "Gross Profit": 49,
        "Operating Income": 17,
        "EBIT": NaN,
        "Net Income": 14
    },
    "2020-09-30": {
        "Diluted EPS": 0.46,
        "Total Revenue": 47,
        "Gross Profit": 41,
        "Operating Income": 12,
        "EBIT": NaN,
        "Net Income": 10
    },
    "2020-06-30": {
        "Diluted EPS": 0.11,
        "Total Revenue": 42,
        "Gross Profit": 36,
        "Operating Income": 3,
        "EBIT": NaN,
        "Net Income": 2
    },
    "2020-03-31": {
        "Diluted EPS": 0.34,
        "Total Revenue": 29,
        "Gross Profit": 23,
        "Operating Income": 5,
        "EBIT": NaN,
        "Net Income": 4
    },
    "2019-12-31": {
        "Diluted EPS": 0.43,
        "Total Revenue": 29,
        "Gross Profit": 23,
        "Operating Income": 7,
        "EBIT": NaN,
        "Net Income": 6
    },
    "2019-09-30": {
        "Diluted EPS": 0.4,
        "Total Revenue": 28,
        "Gross Profit": 22,
        "Operating Income": 7,
        "EBIT": NaN,
        "Net Income": 6
    },
    "2019-06-30": {
        "Diluted EPS": 0.5,
        "Total Revenue": 30,
        "Gross Profit": 24,
        "Operating Income": 9,
        "EBIT": NaN,
        "Net Income": 7
    },
    "2019-03-31": {
        "Diluted EPS": 0.41,
        "Total Revenue": 27,
        "Gross Profit": 21,
        "Operating Income": 7,
        "EBIT": NaN,
        "Net Income": 6
    },
    "2018-12-31": {
        "Diluted EPS": 0.27,
        "Total Revenue": 24,
        "Gross Profit": 20,
        "Operating Income": 4,
        "EBIT": NaN,
        "Net Income": 3
    },
    "2018-09-30": {
        "Diluted EPS": 0.33,
        "Total Revenue": 21,
        "Gross Profit": 17,
        "Operating Income": 5,
        "EBIT": NaN,
        "Net Income": 4
    },
    "2018-06-30": {
        "Diluted EPS": 0.33,
        "Total Revenue": 20,
        "Gross Profit": 17,
        "Operating Income": 4,
        "EBIT": NaN,
        "Net Income": 4
    },
    "2018-03-31": {
        "Diluted EPS": 0.29,
        "Total Revenue": 19,
        "Gross Profit": 16,
        "Operating Income": 4,
        "EBIT": NaN,
        "Net Income": 3
    },
    "2017-12-31": {
        "Diluted EPS": -0.17,
        "Total Revenue": 15,
        "Gross Profit": 13,
        "Operating Income": 1,
        "EBIT": NaN,
        "Net Income": -1
    },
    "2017-09-30": {
        "Diluted EPS": 0.23,
        "Total Revenue": 14,
        "Gross Profit": 12,
        "Operating Income": 2,
        "EBIT": NaN,
        "Net Income": 2
    },
    "2017-06-30": {
        "Diluted EPS": 0.28,
        "Total Revenue": 15,
        "Gross Profit": 13,
        "Operating Income": 3,
        "EBIT": NaN,
        "Net Income": 2
    },
    "2017-03-31": {
        "Diluted EPS": 0.27,
        "Total Revenue": 13,
        "Gross Profit": 12,
        "Operating Income": 3,
        "EBIT": NaN,
        "Net Income": 2
    },
    "2016-12-31": {
        "Diluted EPS": 0.21,
        "Total Revenue": 12,
        "Gross Profit": 11,
        "Operating Income": 2,
        "EBIT": NaN,
        "Net Income": 1
    },
    "2016-09-30": {
        "Diluted EPS": 0.19,
        "Total Revenue": 13,
        "Gross Profit": 11,
        "Operating Income": 2,
        "EBIT": NaN,
        "Net Income": 1
    },
    "2016-06-30": {
        "Diluted EPS": 0.11,
        "Total Revenue": 12,
        "Gross Profit": 10,
        "Operating Income": 1,
        "EBIT": NaN,
        "Net Income": 1
    },
    "2016-03-31": {
        "Diluted EPS": 0.19,
        "Total Revenue": 12,
        "Gross Profit": 11,
        "Operating Income": 2,
        "EBIT": NaN,
        "Net Income": 1
    },
    "2015-12-31": {
        "Diluted EPS": 0.13,
        "Total Revenue": 12,
        "Gross Profit": 10,
        "Operating Income": 1,
        "EBIT": NaN,
        "Net Income": 1
    },
    "2015-09-30": {
        "Diluted EPS": 0.12,
        "Total Revenue": 12,
        "Gross Profit": 11,
        "Operating Income": 1,
        "EBIT": NaN,
        "Net Income": 1
    },
    "2015-06-30": {
        "Diluted EPS": 0.14,
        "Total Revenue": 11,
        "Gross Profit": 10,
        "Operating Income": 1,
        "EBIT": NaN,
        "Net Income": 1
    },
    "2015-03-31": {
        "Diluted EPS": 0.2,
        "Total Revenue": 8,
        "Gross Profit": 7,
        "Operating Income": 2,
        "EBIT": NaN,
        "Net Income": 1
    },
    "2014-12-31": {
        "Diluted EPS": 0.13,
        "Total Revenue": 7,
        "Gross Profit": 6,
        "Operating Income": 0,
        "EBIT": NaN,
        "Net Income": 1
    },
    "2014-09-30": {
        "Diluted EPS": 0.19,
        "Total Revenue": 7,
        "Gross Profit": 6,
        "Operating Income": 1,
        "EBIT": NaN,
        "Net Income": 1
    },
    "2014-06-30": {
        "Diluted EPS": 0.19,
        "Total Revenue": 7,
        "Gross Profit": 6,
        "Operating Income": 1,
        "EBIT": NaN,
        "Net Income": 1
    },
    "2014-03-31": {
        "Diluted EPS": 0.21,
        "Total Revenue": 7,
        "Gross Profit": 6,
        "Operating Income": 2,
        "EBIT": NaN,
        "Net Income": 1
    },
    "2013-12-31": {
        "Diluted EPS": 0.0,
        "Total Revenue": NaN,
        "Gross Profit": NaN,
        "Operating Income": NaN,
        "EBIT": NaN,
        "Net Income": NaN
    },
    "2023-09-30": {
        "Tax Effect Of Unusual Items": NaN,
        "Tax Rate For Calcs": NaN,
        "Total Unusual Items": NaN,
        "Total Unusual Items Excluding Goodwill": NaN,
        "Net Income From Continuing Operation Net Minority Interest": NaN,
        "Reconciled Depreciation": NaN,
        "Net Interest Income": NaN,
        "Interest Expense": NaN,
        "Interest Income": NaN,
        "Normalized Income": NaN,
        "Net Income From Continuing And Discontinued Operation": NaN,
        "Diluted Average Shares": NaN,
        "Basic Average Shares": NaN,
        "Diluted EPS": NaN,
        "Basic EPS": NaN,
        "Diluted NI Availto Com Stockholders": NaN,
        "Net Income Common Stockholders": NaN,
        "Preferred Stock Dividends": NaN,
        "Net Income": NaN,
        "Net Income Including Noncontrolling Interests": NaN,
        "Net Income Continuous Operations": NaN,
        "Tax Provision": NaN,
        "Pretax Income": NaN,
        "Special Income Charges": NaN,
        "Gain On Sale Of Business": 932000.0,
        "Restructuring And Mergern Acquisition": NaN,
        "Gain On Sale Of Security": NaN,
        "Depreciation Amortization Depletion Income Statement": 1690000.0,
        "Depreciation And Amortization In Income Statement": 1690000.0,
        "Selling General And Administration": NaN,
        "Selling And Marketing Expense": NaN,
        "General And Administrative Expense": NaN,
        "Other Gand A": 2782000.0,
        "Insurance And Claims": NaN,
        "Salaries And Wages": NaN,
        "Total Revenue": NaN,
        "Operating Revenue": NaN,
        "Occupancy And Equipment": NaN,
        "Professional Expense And Contract Services Expense": NaN,
        "Other Non Interest Expense": NaN
    },
    "2023-12-31": {
        "Tax Effect Of Unusual Items": NaN,
        "Tax Rate For Calcs": NaN,
        "Total Unusual Items": NaN,
        "Total Unusual Items Excluding Goodwill": NaN,
        "Net Income From Continuing Operation Net Minority Interest": NaN,
        "Reconciled Depreciation": NaN,
        "Net Interest Income": NaN,
        "Interest Expense": NaN,
        "Interest Income": NaN,
        "Normalized Income": NaN,
        "Net Income From Continuing And Discontinued Operation": NaN,
        "Diluted Average Shares": NaN,
        "Basic Average Shares": NaN,
        "Diluted EPS": NaN,
        "Basic EPS": NaN,
        "Diluted NI Availto Com Stockholders": NaN,
        "Net Income Common Stockholders": NaN,
        "Preferred Stock Dividends": NaN,
        "Net Income": NaN,
        "Net Income Including Noncontrolling Interests": NaN,
        "Net Income Continuous Operations": NaN,
        "Tax Provision": NaN,
        "Pretax Income": NaN,
        "Special Income Charges": NaN,
        "Gain On Sale Of Business": 13000.0,
        "Restructuring And Mergern Acquisition": NaN,
        "Gain On Sale Of Security": NaN,
        "Depreciation Amortization Depletion Income Statement": NaN,
        "Depreciation And Amortization In Income Statement": NaN,
        "Selling General And Administration": NaN,
        "Selling And Marketing Expense": NaN,
        "General And Administrative Expense": NaN,
        "Insurance And Claims": NaN,
        "Salaries And Wages": NaN,
        "Total Revenue": NaN,
        "Operating Revenue": NaN,
        "Occupancy And Equipment": NaN,
        "Professional Expense And Contract Services Expense": NaN,
        "Other Non Interest Expense": NaN
    },
    "2024-03-31": {
        "Tax Effect Of Unusual Items": NaN,
        "Tax Rate For Calcs": NaN,
        "Total Unusual Items": NaN,
        "Total Unusual Items Excluding Goodwill": NaN,
        "Net Income From Continuing Operation Net Minority Interest": NaN,
        "Reconciled Depreciation": NaN,
        "Net Interest Income": NaN,
        "Interest Expense": NaN,
        "Interest Income": NaN,
        "Normalized Income": NaN,
        "Net Income From Continuing And Discontinued Operation": NaN,
        "Diluted Average Shares": NaN,
        "Basic Average Shares": NaN,
        "Diluted EPS": NaN,
        "Basic EPS": NaN,
        "Diluted NI Availto Com Stockholders": NaN,
        "Net Income Common Stockholders": NaN,
        "Preferred Stock Dividends": NaN,
        "Net Income": NaN,
        "Net Income Including Noncontrolling Interests": NaN,
        "Net Income Continuous Operations": NaN,
        "Tax Provision": NaN,
        "Pretax Income": NaN,
        "Special Income Charges": NaN,
        "Gain On Sale Of Business": NaN,
        "Restructuring And Mergern Acquisition": NaN,
        "Gain On Sale Of Security": NaN,
        "Depreciation Amortization Depletion Income Statement": 1676000.0,
        "Depreciation And Amortization In Income Statement": 1676000.0,
        "Selling General And Administration": NaN,
        "Selling And Marketing Expense": NaN,
        "General And Administrative Expense": NaN,
        "Insurance And Claims": NaN,
        "Salaries And Wages": NaN,
        "Total Revenue": NaN,
        "Operating Revenue": NaN,
        "Occupancy And Equipment": NaN,
        "Professional Expense And Contract Services Expense": NaN,
        "Other Non Interest Expense": NaN
    },
    "2024-06-30": {
        "Tax Effect Of Unusual Items": -85671.077418,
        "Tax Rate For Calcs": 0.209465,
        "Total Unusual Items": -409000.0,
        "Total Unusual Items Excluding Goodwill": -409000.0,
        "Net Income From Continuing Operation Net Minority Interest": 17206000.0,
        "Reconciled Depreciation": 1219000.0,
        "Net Interest Income": 54009000.0,
        "Interest Expense": 45861000.0,
        "Interest Income": 99870000.0,
        "Normalized Income": 17529328.922582,
        "Net Income From Continuing And Discontinued Operation": 17206000.0,
        "Diluted Average Shares": 25395614.0,
        "Basic Average Shares": 25265495.0,
        "Diluted EPS": 0.62,
        "Basic EPS": 0.63,
        "Diluted NI Availto Com Stockholders": 15856000.0,
        "Net Income Common Stockholders": 15856000.0,
        "Preferred Stock Dividends": 1350000.0,
        "Net Income": 17206000.0,
        "Net Income Including Noncontrolling Interests": 17206000.0,
        "Net Income Continuous Operations": 17206000.0,
        "Tax Provision": 4559000.0,
        "Pretax Income": 21765000.0,
        "Special Income Charges": -409000.0,
        "Gain On Sale Of Business": 0.0,
        "Restructuring And Mergern Acquisition": 409000.0,
        "Gain On Sale Of Security": 0.0,
        "Depreciation Amortization Depletion Income Statement": 1742000.0,
        "Depreciation And Amortization In Income Statement": 1742000.0,
        "Selling General And Administration": 27323000.0,
        "Selling And Marketing Expense": 966000.0,
        "General And Administrative Expense": 26357000.0,
        "Insurance And Claims": 566000.0,
        "Salaries And Wages": 25791000.0,
        "Total Revenue": 65793000.0,
        "Operating Revenue": 65793000.0,
        "Occupancy And Equipment": 5717000.0,
        "Professional Expense And Contract Services Expense": 1042000.0,
        "Other Non Interest Expense": 8619000.0
    },
    "2024-09-30": {
        "Tax Effect Of Unusual Items": -72360.0,
        "Tax Rate For Calcs": 0.216,
        "Total Unusual Items": -335000.0,
        "Total Unusual Items Excluding Goodwill": -335000.0,
        "Net Income From Continuing Operation Net Minority Interest": 17843000.0,
        "Reconciled Depreciation": 1321000.0,
        "Net Interest Income": 56114000.0,
        "Interest Expense": 46627000.0,
        "Interest Income": 102741000.0,
        "Normalized Income": 18105640.0,
        "Net Income From Continuing And Discontinued Operation": 17843000.0,
        "Diluted Average Shares": 25440247.0,
        "Basic Average Shares": 25289094.0,
        "Diluted EPS": 0.65,
        "Basic EPS": 0.65,
        "Diluted NI Availto Com Stockholders": 16492000.0,
        "Net Income Common Stockholders": 16492000.0,
        "Preferred Stock Dividends": 1351000.0,
        "Net Income": 17843000.0,
        "Net Income Including Noncontrolling Interests": 17843000.0,
        "Net Income Continuous Operations": 17843000.0,
        "Tax Provision": 4930000.0,
        "Pretax Income": 22773000.0,
        "Special Income Charges": -319000.0,
        "Gain On Sale Of Business": 0.0,
        "Restructuring And Mergern Acquisition": 319000.0,
        "Gain On Sale Of Security": -13000.0,
        "Depreciation Amortization Depletion Income Statement": 1844000.0,
        "Depreciation And Amortization In Income Statement": 1844000.0,
        "Selling General And Administration": 27066000.0,
        "Selling And Marketing Expense": 1057000.0,
        "General And Administrative Expense": 26009000.0,
        "Insurance And Claims": 887000.0,
        "Salaries And Wages": 25122000.0,
        "Total Revenue": 66552000.0,
        "Operating Revenue": 66552000.0,
        "Occupancy And Equipment": 2630000.0,
        "Professional Expense And Contract Services Expense": 873000.0,
        "Other Non Interest Expense": 9718000.0
    },
    "2024-12-31": {
        "Tax Effect Of Unusual Items": -49055.200901,
        "Tax Rate For Calcs": 0.226061,
        "Total Unusual Items": -217000.0,
        "Total Unusual Items Excluding Goodwill": -217000.0,
        "Net Income From Continuing Operation Net Minority Interest": 16488000.0,
        "Reconciled Depreciation": 1564000.0,
        "Net Interest Income": 65729000.0,
        "Interest Expense": 50413000.0,
        "Interest Income": 116142000.0,
        "Normalized Income": 16655944.799099,
        "Net Income From Continuing And Discontinued Operation": 16488000.0,
        "Diluted Average Shares": 29520781.0,
        "Basic Average Shares": 29311111.0,
        "Diluted EPS": 0.51,
        "Basic EPS": 0.52,
        "Diluted NI Availto Com Stockholders": 15138000.0,
        "Net Income Common Stockholders": 15138000.0,
        "Preferred Stock Dividends": 1350000.0,
        "Net Income": 16488000.0,
        "Net Income Including Noncontrolling Interests": 16488000.0,
        "Net Income Continuous Operations": 16488000.0,
        "Tax Provision": 4816000.0,
        "Pretax Income": 21304000.0,
        "Special Income Charges": -168000.0,
        "Gain On Sale Of Business": 0.0,
        "Restructuring And Mergern Acquisition": 168000.0,
        "Gain On Sale Of Security": 21000.0,
        "Depreciation Amortization Depletion Income Statement": NaN,
        "Depreciation And Amortization In Income Statement": NaN,
        "Selling General And Administration": 29537000.0,
        "Selling And Marketing Expense": 1710000.0,
        "General And Administrative Expense": 27827000.0,
        "Insurance And Claims": -564000.0,
        "Salaries And Wages": 28391000.0,
        "Total Revenue": 77400000.0,
        "Operating Revenue": 77400000.0,
        "Occupancy And Equipment": 16211000.0,
        "Professional Expense And Contract Services Expense": 975000.0,
        "Other Non Interest Expense": 7941000.0
    },
    "2025-03-31": {
        "Tax Effect Of Unusual Items": 22848.0,
        "Tax Rate For Calcs": 0.204,
        "Total Unusual Items": 112000.0,
        "Total Unusual Items Excluding Goodwill": 112000.0,
        "Net Income From Continuing Operation Net Minority Interest": 20543000.0,
        "Reconciled Depreciation": 1438000.0,
        "Net Interest Income": 65983000.0,
        "Interest Expense": 47710000.0,
        "Interest Income": 113693000.0,
        "Normalized Income": 20453848.0,
        "Net Income From Continuing And Discontinued Operation": 20543000.0,
        "Diluted Average Shares": 29545921.0,
        "Basic Average Shares": 29329668.0,
        "Diluted EPS": 0.65,
        "Basic EPS": 0.65,
        "Diluted NI Availto Com Stockholders": 19193000.0,
        "Net Income Common Stockholders": 19193000.0,
        "Preferred Stock Dividends": 1350000.0,
        "Net Income": 20543000.0,
        "Net Income Including Noncontrolling Interests": 20543000.0,
        "Net Income Continuous Operations": 20543000.0,
        "Tax Provision": 5276000.0,
        "Pretax Income": 25819000.0,
        "Special Income Charges": 380000.0,
        "Gain On Sale Of Business": NaN,
        "Restructuring And Mergern Acquisition": 250000.0,
        "Gain On Sale Of Security": -1000.0,
        "Depreciation Amortization Depletion Income Statement": 2152000.0,
        "Depreciation And Amortization In Income Statement": 2152000.0,
        "Selling General And Administration": 32251000.0,
        "Selling And Marketing Expense": 1291000.0,
        "General And Administrative Expense": 30960000.0,
        "Insurance And Claims": 1184000.0,
        "Salaries And Wages": 29776000.0,
        "Total Revenue": 77828000.0,
        "Operating Revenue": 77828000.0,
        "Occupancy And Equipment": 3401000.0,
        "Professional Expense And Contract Services Expense": 1013000.0,
        "Other Non Interest Expense": 11511000.0
    },
    "2025-06-30": {
        "Tax Effect Of Unusual Items": 665719.332049,
        "Tax Rate For Calcs": 0.211339,
        "Total Unusual Items": 3150000.0,
        "Total Unusual Items Excluding Goodwill": 3150000.0,
        "Net Income From Continuing Operation Net Minority Interest": 22103000.0,
        "Reconciled Depreciation": 1435000.0,
        "Net Interest Income": 67042000.0,
        "Interest Expense": 47808000.0,
        "Interest Income": 114850000.0,
        "Normalized Income": 19618719.332049,
        "Net Income From Continuing And Discontinued Operation": 22103000.0,
        "Diluted Average Shares": 29586975.0,
        "Basic Average Shares": 29517495.0,
        "Diluted EPS": 0.7,
        "Basic EPS": 0.7,
        "Diluted NI Availto Com Stockholders": 20753000.0,
        "Net Income Common Stockholders": 20753000.0,
        "Preferred Stock Dividends": 1350000.0,
        "Net Income": 22103000.0,
        "Net Income Including Noncontrolling Interests": 22103000.0,
        "Net Income Continuous Operations": 22103000.0,
        "Tax Provision": 5923000.0,
        "Pretax Income": 28026000.0,
        "Special Income Charges": 3150000.0,
        "Gain On Sale Of Business": 3360000.0,
        "Restructuring And Mergern Acquisition": 210000.0,
        "Gain On Sale Of Security": -47000.0,
        "Depreciation Amortization Depletion Income Statement": NaN,
        "Depreciation And Amortization In Income Statement": NaN,
        "Selling General And Administration": 30022000.0,
        "Selling And Marketing Expense": 1088000.0,
        "General And Administrative Expense": 28934000.0,
        "Insurance And Claims": 424000.0,
        "Salaries And Wages": 28510000.0,
        "Total Revenue": 78343000.0,
        "Operating Revenue": 78343000.0,
        "Occupancy And Equipment": 7162000.0,
        "Professional Expense And Contract Services Expense": 1093000.0,
        "Other Non Interest Expense": 12719000.0
    }
}