{
    "2023-03-31": {
        "Tax Effect Of Unusual Items": 0.0,
        "Tax Rate For Calcs": 0.362944,
        "Normalized EBITDA": 68032000.0,
        "Total Unusual Items": NaN,
        "Total Unusual Items Excluding Goodwill": NaN,
        "Net Income From Continuing Operation Net Minority Interest": 18978000.0,
        "Reconciled Depreciation": 19059000.0,
        "Reconciled Cost Of Revenue": 290919000.0,
        "EBITDA": 68032000.0,
        "EBIT": 48973000.0,
        "Net Interest Income": -10427000.0,
        "Interest Expense": 15742000.0,
        "Interest Income": 5315000.0,
        "Normalized Income": 18978000.0,
        "Net Income From Continuing And Discontinued Operation": 18978000.0,
        "Total Expenses": 471713000.0,
        "Rent Expense Supplemental": 41165000.0,
        "Diluted Average Shares": 501067000.0,
        "Basic Average Shares": 375220000.0,
        "Diluted EPS": 0.05,
        "Basic EPS": 0.05,
        "Diluted NI Availto Com Stockholders": 24155000.0,
        "Average Dilution Earnings": 5177000.0,
        "Net Income Common Stockholders": 18978000.0,
        "Net Income": 18978000.0,
        "Minority Interests": -2192000.0,
        "Net Income Including Noncontrolling Interests": 21170000.0,
        "Net Income Continuous Operations": 21170000.0,
        "Tax Provision": 12061000.0,
        "Pretax Income": 33231000.0,
        "Other Income Expense": -12181000.0,
        "Other Non Operating Income Expenses": -14243000.0,
        "Special Income Charges": NaN,
        "Gain On Sale Of Business": NaN,
        "Earnings From Equity Interest": 2062000.0,
        "Net Non Operating Interest Income Expense": -10427000.0,
        "Interest Expense Non Operating": 15742000.0,
        "Interest Income Non Operating": 5315000.0,
        "Operating Income": 55839000.0,
        "Operating Expense": 180794000.0,
        "Selling General And Administration": 180794000.0,
        "Selling And Marketing Expense": 14616000.0,
        "General And Administrative Expense": 166178000.0,
        "Other Gand A": 43640000.0,
        "Rent And Landing Fees": 41165000.0,
        "Salaries And Wages": 81373000.0,
        "Gross Profit": 236633000.0,
        "Cost Of Revenue": 290919000.0,
        "Total Revenue": 527552000.0,
        "Operating Revenue": 523296000.0
    },
    "2022-12-31": {
        "Tax Effect Of Unusual Items": NaN,
        "Tax Rate For Calcs": NaN,
        "Normalized EBITDA": NaN,
        "Total Unusual Items": -846000.0,
        "Total Unusual Items Excluding Goodwill": -846000.0,
        "Net Income From Continuing Operation Net Minority Interest": NaN,
        "Reconciled Depreciation": NaN,
        "Reconciled Cost Of Revenue": NaN,
        "EBITDA": NaN,
        "EBIT": NaN,
        "Net Interest Income": NaN,
        "Interest Expense": NaN,
        "Interest Income": NaN,
        "Normalized Income": NaN,
        "Net Income From Continuing And Discontinued Operation": NaN,
        "Total Expenses": NaN,
        "Rent Expense Supplemental": NaN,
        "Diluted Average Shares": NaN,
        "Basic Average Shares": NaN,
        "Diluted EPS": NaN,
        "Basic EPS": NaN,
        "Diluted NI Availto Com Stockholders": NaN,
        "Average Dilution Earnings": NaN,
        "Net Income Common Stockholders": NaN,
        "Otherunder Preferred Stock Dividend": NaN,
        "Net Income": NaN,
        "Minority Interests": NaN,
        "Net Income Including Noncontrolling Interests": NaN,
        "Net Income Continuous Operations": NaN,
        "Tax Provision": NaN,
        "Pretax Income": NaN,
        "Other Income Expense": NaN,
        "Other Non Operating Income Expenses": NaN,
        "Special Income Charges": -846000.0,
        "Gain On Sale Of Business": -846000.0,
        "Earnings From Equity Interest": NaN,
        "Net Non Operating Interest Income Expense": NaN,
        "Interest Expense Non Operating": NaN,
        "Interest Income Non Operating": NaN,
        "Operating Income": NaN,
        "Operating Expense": NaN,
        "Selling General And Administration": NaN,
        "Selling And Marketing Expense": NaN,
        "General And Administrative Expense": NaN,
        "Other Gand A": NaN,
        "Rent And Landing Fees": NaN,
        "Salaries And Wages": NaN,
        "Gross Profit": NaN,
        "Cost Of Revenue": NaN,
        "Total Revenue": NaN,
        "Operating Revenue": NaN
    },
    "2022-09-30": {
        "Tax Effect Of Unusual Items": NaN,
        "Tax Rate For Calcs": NaN,
        "Normalized EBITDA": NaN,
        "Total Unusual Items": -183000.0,
        "Total Unusual Items Excluding Goodwill": -183000.0,
        "Net Income From Continuing Operation Net Minority Interest": NaN,
        "Reconciled Depreciation": NaN,
        "Reconciled Cost Of Revenue": NaN,
        "EBITDA": NaN,
        "EBIT": NaN,
        "Net Interest Income": NaN,
        "Interest Expense": NaN,
        "Interest Income": NaN,
        "Normalized Income": NaN,
        "Net Income From Continuing And Discontinued Operation": NaN,
        "Total Expenses": NaN,
        "Rent Expense Supplemental": NaN,
        "Diluted Average Shares": NaN,
        "Basic Average Shares": NaN,
        "Diluted EPS": NaN,
        "Basic EPS": NaN,
        "Diluted NI Availto Com Stockholders": NaN,
        "Average Dilution Earnings": NaN,
        "Net Income Common Stockholders": NaN,
        "Net Income": NaN,
        "Minority Interests": NaN,
        "Net Income Including Noncontrolling Interests": NaN,
        "Net Income Continuous Operations": NaN,
        "Tax Provision": NaN,
        "Pretax Income": NaN,
        "Other Income Expense": NaN,
        "Other Non Operating Income Expenses": NaN,
        "Special Income Charges": -183000.0,
        "Gain On Sale Of Business": -183000.0,
        "Earnings From Equity Interest": NaN,
        "Net Non Operating Interest Income Expense": NaN,
        "Interest Expense Non Operating": NaN,
        "Interest Income Non Operating": NaN,
        "Operating Income": NaN,
        "Operating Expense": NaN,
        "Selling General And Administration": NaN,
        "Selling And Marketing Expense": NaN,
        "General And Administrative Expense": NaN,
        "Other Gand A": NaN,
        "Rent And Landing Fees": NaN,
        "Salaries And Wages": NaN,
        "Gross Profit": NaN,
        "Cost Of Revenue": NaN,
        "Total Revenue": NaN,
        "Operating Revenue": NaN
    },
    "2022-06-30": {
        "Tax Effect Of Unusual Items": 0.0,
        "Tax Rate For Calcs": 0.4,
        "Normalized EBITDA": 45790000.0,
        "Total Unusual Items": 0.0,
        "Total Unusual Items Excluding Goodwill": 0.0,
        "Net Income From Continuing Operation Net Minority Interest": 14762000.0,
        "Reconciled Depreciation": 18755000.0,
        "Reconciled Cost Of Revenue": 232121000.0,
        "EBITDA": 45790000.0,
        "EBIT": 45790000.0,
        "Net Interest Income": -14342000.0,
        "Interest Expense": 14342000.0,
        "Normalized Income": 14762000.0,
        "Net Income From Continuing And Discontinued Operation": 14762000.0,
        "Total Expenses": 371594000.0,
        "Rent Expense Supplemental": 39921000.0,
        "Diluted Average Shares": 507005000.0,
        "Basic Average Shares": 375613000.0,
        "Diluted EPS": 0.04,
        "Basic EPS": 0.04,
        "Diluted NI Availto Com Stockholders": 19710000.0,
        "Average Dilution Earnings": 4948000.0,
        "Net Income Common Stockholders": 14762000.0,
        "Net Income": 14762000.0,
        "Minority Interests": -1581000.0,
        "Net Income Including Noncontrolling Interests": 16343000.0,
        "Net Income Continuous Operations": 16343000.0,
        "Tax Provision": 15105000.0,
        "Pretax Income": 31448000.0,
        "Other Income Expense": -18372000.0,
        "Other Non Operating Income Expenses": -21101000.0,
        "Special Income Charges": 0.0,
        "Gain On Sale Of Business": 0.0,
        "Earnings From Equity Interest": 2729000.0,
        "Net Non Operating Interest Income Expense": -14342000.0,
        "Interest Expense Non Operating": 14342000.0,
        "Operating Income": 64162000.0,
        "Operating Expense": 139473000.0,
        "Selling General And Administration": 139473000.0,
        "Selling And Marketing Expense": 12443000.0,
        "General And Administrative Expense": 127030000.0,
        "Other Gand A": 40976000.0,
        "Rent And Landing Fees": 39921000.0,
        "Salaries And Wages": 46133000.0,
        "Gross Profit": 203635000.0,
        "Cost Of Revenue": 232121000.0,
        "Total Revenue": 435756000.0,
        "Operating Revenue": 433688000.0
    },
    "2023-06-30": {
        "Tax Effect Of Unusual Items": NaN,
        "Tax Rate For Calcs": NaN,
        "Normalized EBITDA": NaN,
        "Total Unusual Items": NaN,
        "Total Unusual Items Excluding Goodwill": NaN,
        "Net Income From Continuing Operation Net Minority Interest": NaN,
        "Reconciled Depreciation": NaN,
        "Reconciled Cost Of Revenue": NaN,
        "EBITDA": NaN,
        "EBIT": NaN,
        "Net Interest Income": NaN,
        "Interest Expense": NaN,
        "Interest Income": NaN,
        "Normalized Income": NaN,
        "Net Income From Continuing And Discontinued Operation": NaN,
        "Total Expenses": NaN,
        "Rent Expense Supplemental": NaN,
        "Diluted Average Shares": NaN,
        "Basic Average Shares": NaN,
        "Diluted EPS": NaN,
        "Basic EPS": NaN,
        "Diluted NI Availto Com Stockholders": NaN,
        "Average Dilution Earnings": NaN,
        "Net Income Common Stockholders": NaN,
        "Otherunder Preferred Stock Dividend": 0.0,
        "Net Income": NaN,
        "Minority Interests": NaN,
        "Net Income Including Noncontrolling Interests": NaN,
        "Net Income Continuous Operations": NaN,
        "Tax Provision": NaN,
        "Pretax Income": NaN,
        "Other Income Expense": NaN,
        "Other Non Operating Income Expenses": NaN,
        "Special Income Charges": NaN,
        "Gain On Sale Of Business": NaN,
        "Earnings From Equity Interest": NaN,
        "Net Non Operating Interest Income Expense": NaN,
        "Interest Expense Non Operating": NaN,
        "Interest Income Non Operating": NaN,
        "Operating Income": NaN,
        "Operating Expense": NaN,
        "Selling General And Administration": NaN,
        "Selling And Marketing Expense": NaN,
        "General And Administrative Expense": NaN,
        "Other Gand A": NaN,
        "Rent And Landing Fees": NaN,
        "Salaries And Wages": NaN,
        "Gross Profit": NaN,
        "Cost Of Revenue": NaN,
        "Total Revenue": NaN,
        "Operating Revenue": NaN
    },
    "2022-03-31": {
        "Diluted EPS": 0.07,
        "Total Revenue": 506,
        "Gross Profit": 489,
        "Operating Income": 57,
        "EBIT": 86,
        "Net Income": 26
    },
    "2021-12-31": {
        "Diluted EPS": 0.2,
        "Total Revenue": 462,
        "Gross Profit": 445,
        "Operating Income": -202,
        "EBIT": -11,
        "Net Income": 76
    },
    "2021-09-30": {
        "Diluted EPS": -0.03,
        "Total Revenue": 474,
        "Gross Profit": 458,
        "Operating Income": -10,
        "EBIT": 22,
        "Net Income": -11
    },
    "2021-06-30": {
        "Diluted EPS": 0.04,
        "Total Revenue": 512,
        "Gross Profit": 498,
        "Operating Income": 34,
        "EBIT": 76,
        "Net Income": 16
    },
    "2021-03-31": {
        "Diluted EPS": 0.11,
        "Total Revenue": 568,
        "Gross Profit": 550,
        "Operating Income": 84,
        "EBIT": 123,
        "Net Income": 43
    },
    "2020-12-31": {
        "Diluted EPS": -0.01,
        "Total Revenue": 479,
        "Gross Profit": 466,
        "Operating Income": -6,
        "EBIT": 41,
        "Net Income": -5
    },
    "2020-09-30": {
        "Diluted EPS": 0.02,
        "Total Revenue": 455,
        "Gross Profit": 442,
        "Operating Income": 31,
        "EBIT": 65,
        "Net Income": 9
    },
    "2020-06-30": {
        "Diluted EPS": 0.07,
        "Total Revenue": 519,
        "Gross Profit": 506,
        "Operating Income": 63,
        "EBIT": 101,
        "Net Income": 28
    },
    "2020-03-31": {
        "Diluted EPS": 0.04,
        "Total Revenue": 603,
        "Gross Profit": 584,
        "Operating Income": 54,
        "EBIT": 91,
        "Net Income": 14
    },
    "2019-12-31": {
        "Diluted EPS": -0.09,
        "Total Revenue": 488,
        "Gross Profit": 471,
        "Operating Income": 94,
        "EBIT": 130,
        "Net Income": -28
    },
    "2019-09-30": {
        "Diluted EPS": -0.01,
        "Total Revenue": 521,
        "Gross Profit": 505,
        "Operating Income": 20,
        "EBIT": 51,
        "Net Income": -4
    },
    "2019-06-30": {
        "Diluted EPS": 0.04,
        "Total Revenue": 551,
        "Gross Profit": 534,
        "Operating Income": 51,
        "EBIT": 79,
        "Net Income": 14
    },
    "2019-03-31": {
        "Diluted EPS": 0.18,
        "Total Revenue": 545,
        "Gross Profit": 530,
        "Operating Income": 108,
        "EBIT": 134,
        "Net Income": 62
    },
    "2018-12-31": {
        "Diluted EPS": -0.03,
        "Total Revenue": 466,
        "Gross Profit": 449,
        "Operating Income": -17,
        "EBIT": 16,
        "Net Income": -17
    },
    "2018-09-30": {
        "Diluted EPS": 0.28,
        "Total Revenue": 456,
        "Gross Profit": 441,
        "Operating Income": 57,
        "EBIT": 73,
        "Net Income": 120
    },
    "2018-06-30": {
        "Diluted EPS": 0.11,
        "Total Revenue": 491,
        "Gross Profit": 476,
        "Operating Income": 54,
        "EBIT": 74,
        "Net Income": 35
    },
    "2018-03-31": {
        "Diluted EPS": 0.14,
        "Total Revenue": 525,
        "Gross Profit": 511,
        "Operating Income": 70,
        "EBIT": 88,
        "Net Income": 59
    },
    "2017-12-31": {
        "Diluted EPS": -0.41,
        "Total Revenue": 432,
        "Gross Profit": 419,
        "Operating Income": -50,
        "EBIT": -112,
        "Net Income": -120
    },
    "2017-09-30": {
        "Diluted EPS": 0.28,
        "Total Revenue": 827,
        "Gross Profit": 817,
        "Operating Income": 76,
        "EBIT": 141,
        "Net Income": 82
    },
    "2017-06-30": {
        "Diluted EPS": 0.18,
        "Total Revenue": 849,
        "Gross Profit": 838,
        "Operating Income": 114,
        "EBIT": 165,
        "Net Income": 53
    },
    "2017-03-31": {
        "Diluted EPS": 0.13,
        "Total Revenue": 783,
        "Gross Profit": 773,
        "Operating Income": 71,
        "EBIT": 112,
        "Net Income": 37
    },
    "2016-12-31": {
        "Diluted EPS": -0.43,
        "Total Revenue": -475,
        "Gross Profit": -485,
        "Operating Income": -53,
        "EBIT": -101,
        "Net Income": 71
    },
    "2016-09-30": {
        "Diluted EPS": 0.31,
        "Total Revenue": 735,
        "Gross Profit": 726,
        "Operating Income": 71,
        "EBIT": 163,
        "Net Income": 87
    },
    "2016-06-30": {
        "Diluted EPS": 0.05,
        "Total Revenue": 654,
        "Gross Profit": 644,
        "Operating Income": 33,
        "EBIT": 63,
        "Net Income": 14
    },
    "2016-03-31": {
        "Diluted EPS": 0.05,
        "Total Revenue": 641,
        "Gross Profit": 632,
        "Operating Income": 35,
        "EBIT": 64,
        "Net Income": 13
    },
    "2015-12-31": {
        "Diluted EPS": 0.37,
        "Total Revenue": 882,
        "Gross Profit": 872,
        "Operating Income": -95,
        "EBIT": 40,
        "Net Income": 98
    },
    "2015-09-30": {
        "Diluted EPS": 0.15,
        "Total Revenue": 685,
        "Gross Profit": 676,
        "Operating Income": 39,
        "EBIT": 74,
        "Net Income": 38
    },
    "2015-06-30": {
        "Diluted EPS": 0.04,
        "Total Revenue": 669,
        "Gross Profit": 659,
        "Operating Income": 34,
        "EBIT": 70,
        "Net Income": 9
    },
    "2015-03-31": {
        "Diluted EPS": 0.06,
        "Total Revenue": 548,
        "Gross Profit": 541,
        "Operating Income": 20,
        "EBIT": 46,
        "Net Income": 14
    },
    "2014-12-31": {
        "Diluted EPS": -0.08,
        "Total Revenue": 489,
        "Gross Profit": 485,
        "Operating Income": -54,
        "EBIT": -32,
        "Net Income": -19
    },
    "2014-09-30": {
        "Diluted EPS": 0.03,
        "Total Revenue": 436,
        "Gross Profit": 431,
        "Operating Income": -4,
        "EBIT": 12,
        "Net Income": 7
    },
    "2014-06-30": {
        "Diluted EPS": 0.03,
        "Total Revenue": 417,
        "Gross Profit": 412,
        "Operating Income": 24,
        "EBIT": 43,
        "Net Income": 8
    },
    "2014-03-31": {
        "Diluted EPS": 0.04,
        "Total Revenue": 445,
        "Gross Profit": 441,
        "Operating Income": 25,
        "EBIT": 44,
        "Net Income": 8
    },
    "2013-12-31": {
        "Diluted EPS": 0.02,
        "Total Revenue": 421,
        "Gross Profit": 416,
        "Operating Income": 5,
        "EBIT": 25,
        "Net Income": 4
    },
    "2013-09-30": {
        "Diluted EPS": 0.11,
        "Total Revenue": 404,
        "Gross Profit": 399,
        "Operating Income": 23,
        "EBIT": 203,
        "Net Income": 25
    },
    "2013-06-30": {
        "Diluted EPS": 0.18,
        "Total Revenue": NaN,
        "Gross Profit": NaN,
        "Operating Income": 218,
        "EBIT": 242,
        "Net Income": 34
    },
    "2013-03-31": {
        "Diluted EPS": 0.04,
        "Total Revenue": 445,
        "Gross Profit": 439,
        "Operating Income": 23,
        "EBIT": 47,
        "Net Income": 7
    },
    "2012-12-31": {
        "Diluted EPS": 0.09,
        "Total Revenue": 441,
        "Gross Profit": 436,
        "Operating Income": 51,
        "EBIT": 76,
        "Net Income": 14
    },
    "2012-09-30": {
        "Diluted EPS": 0.0,
        "Total Revenue": 440,
        "Gross Profit": 435,
        "Operating Income": 13,
        "EBIT": 38,
        "Net Income": 0
    },
    "2012-06-30": {
        "Diluted EPS": 0.01,
        "Total Revenue": 450,
        "Gross Profit": 444,
        "Operating Income": 12,
        "EBIT": 33,
        "Net Income": 2
    },
    "2012-03-31": {
        "Diluted EPS": 0.06,
        "Total Revenue": 395,
        "Gross Profit": 389,
        "Operating Income": 26,
        "EBIT": 47,
        "Net Income": 8
    },
    "2011-12-31": {
        "Diluted EPS": 0.01,
        "Total Revenue": 355,
        "Gross Profit": 349,
        "Operating Income": 20,
        "EBIT": 41,
        "Net Income": 4
    },
    "2011-09-30": {
        "Diluted EPS": -0.02,
        "Total Revenue": 380,
        "Gross Profit": 373,
        "Operating Income": 2,
        "EBIT": 23,
        "Net Income": -2
    },
    "2011-06-30": {
        "Diluted EPS": 0.09,
        "Total Revenue": 365,
        "Gross Profit": 358,
        "Operating Income": 28,
        "EBIT": 47,
        "Net Income": 10
    },
    "2011-03-31": {
        "Diluted EPS": 0.09,
        "Total Revenue": 365,
        "Gross Profit": 359,
        "Operating Income": 29,
        "EBIT": 50,
        "Net Income": 9
    },
    "2010-12-31": {
        "Diluted EPS": 0.13,
        "Total Revenue": 322,
        "Gross Profit": 316,
        "Operating Income": 31,
        "EBIT": 56,
        "Net Income": 12
    },
    "2010-09-30": {
        "Diluted EPS": 0.07,
        "Total Revenue": 327,
        "Gross Profit": 322,
        "Operating Income": 30,
        "EBIT": 52,
        "Net Income": 6
    },
    "2010-06-30": {
        "Diluted EPS": 0.09,
        "Total Revenue": 336,
        "Gross Profit": 331,
        "Operating Income": 21,
        "EBIT": 44,
        "Net Income": 7
    },
    "2010-03-31": {
        "Diluted EPS": -0.05,
        "Total Revenue": 347,
        "Gross Profit": 342,
        "Operating Income": -11,
        "EBIT": 10,
        "Net Income": -4
    },
    "2009-12-31": {
        "Diluted EPS": 0.01,
        "Total Revenue": 297,
        "Gross Profit": 292,
        "Operating Income": 16,
        "EBIT": 41,
        "Net Income": 2
    },
    "2009-09-30": {
        "Diluted EPS": 0.03,
        "Total Revenue": 289,
        "Gross Profit": 285,
        "Operating Income": 11,
        "EBIT": 31,
        "Net Income": 2
    },
    "2009-06-30": {
        "Diluted EPS": 0.1,
        "Total Revenue": 292,
        "Gross Profit": 288,
        "Operating Income": 24,
        "EBIT": 45,
        "Net Income": 8
    },
    "2009-03-31": {
        "Diluted EPS": 0.1,
        "Total Revenue": 284,
        "Gross Profit": 280,
        "Operating Income": 24,
        "EBIT": 44,
        "Net Income": 8
    },
    "2023-09-30": {
        "Tax Effect Of Unusual Items": NaN,
        "Tax Rate For Calcs": NaN,
        "Normalized EBITDA": NaN,
        "Total Unusual Items": 0.0,
        "Total Unusual Items Excluding Goodwill": 0.0,
        "Net Income From Continuing Operation Net Minority Interest": NaN,
        "Reconciled Depreciation": NaN,
        "Reconciled Cost Of Revenue": NaN,
        "EBITDA": NaN,
        "EBIT": NaN,
        "Net Interest Income": NaN,
        "Interest Expense": NaN,
        "Interest Income": NaN,
        "Normalized Income": NaN,
        "Net Income From Continuing And Discontinued Operation": NaN,
        "Total Expenses": NaN,
        "Rent Expense Supplemental": NaN,
        "Diluted Average Shares": NaN,
        "Basic Average Shares": NaN,
        "Diluted EPS": NaN,
        "Basic EPS": NaN,
        "Diluted NI Availto Com Stockholders": NaN,
        "Average Dilution Earnings": NaN,
        "Net Income Common Stockholders": NaN,
        "Otherunder Preferred Stock Dividend": NaN,
        "Net Income": NaN,
        "Minority Interests": NaN,
        "Net Income Including Noncontrolling Interests": NaN,
        "Net Income Continuous Operations": NaN,
        "Tax Provision": NaN,
        "Pretax Income": NaN,
        "Other Income Expense": NaN,
        "Other Non Operating Income Expenses": NaN,
        "Special Income Charges": 0.0,
        "Gain On Sale Of Business": 0.0,
        "Earnings From Equity Interest": NaN,
        "Net Non Operating Interest Income Expense": NaN,
        "Interest Expense Non Operating": NaN,
        "Interest Income Non Operating": NaN,
        "Operating Income": NaN,
        "Operating Expense": NaN,
        "Selling General And Administration": NaN,
        "Selling And Marketing Expense": NaN,
        "General And Administrative Expense": NaN,
        "Other Gand A": NaN,
        "Rent And Landing Fees": NaN,
        "Salaries And Wages": NaN,
        "Gross Profit": NaN,
        "Cost Of Revenue": NaN,
        "Total Revenue": NaN,
        "Operating Revenue": NaN
    },
    "2023-12-31": {
        "Tax Effect Of Unusual Items": NaN,
        "Tax Rate For Calcs": NaN,
        "Normalized EBITDA": NaN,
        "Total Unusual Items": 0.0,
        "Total Unusual Items Excluding Goodwill": 0.0,
        "Net Income From Continuing Operation Net Minority Interest": NaN,
        "Reconciled Depreciation": NaN,
        "Reconciled Cost Of Revenue": NaN,
        "EBITDA": NaN,
        "EBIT": NaN,
        "Net Interest Income": NaN,
        "Interest Expense": NaN,
        "Interest Income": NaN,
        "Normalized Income": NaN,
        "Net Income From Continuing And Discontinued Operation": NaN,
        "Total Expenses": NaN,
        "Rent Expense Supplemental": NaN,
        "Diluted Average Shares": NaN,
        "Basic Average Shares": NaN,
        "Diluted EPS": NaN,
        "Basic EPS": NaN,
        "Diluted NI Availto Com Stockholders": NaN,
        "Average Dilution Earnings": NaN,
        "Net Income Common Stockholders": NaN,
        "Otherunder Preferred Stock Dividend": NaN,
        "Net Income": NaN,
        "Minority Interests": NaN,
        "Net Income Including Noncontrolling Interests": NaN,
        "Net Income Continuous Operations": NaN,
        "Tax Provision": NaN,
        "Pretax Income": NaN,
        "Other Income Expense": NaN,
        "Other Non Operating Income Expenses": NaN,
        "Special Income Charges": 0.0,
        "Gain On Sale Of Business": 0.0,
        "Earnings From Equity Interest": NaN,
        "Net Non Operating Interest Income Expense": NaN,
        "Interest Expense Non Operating": NaN,
        "Interest Income Non Operating": NaN,
        "Operating Income": NaN,
        "Operating Expense": NaN,
        "Selling General And Administration": NaN,
        "Selling And Marketing Expense": NaN,
        "General And Administrative Expense": NaN,
        "Other Gand A": NaN,
        "Rent And Landing Fees": NaN,
        "Salaries And Wages": NaN,
        "Gross Profit": NaN,
        "Cost Of Revenue": NaN,
        "Total Revenue": NaN,
        "Operating Revenue": NaN
    },
    "2024-03-31": {
        "Tax Effect Of Unusual Items": 0.0,
        "Tax Rate For Calcs": 0.310234,
        "Normalized EBITDA": 111870000.0,
        "Total Unusual Items": NaN,
        "Total Unusual Items Excluding Goodwill": NaN,
        "Net Income From Continuing Operation Net Minority Interest": 49210000.0,
        "Reconciled Depreciation": 20636000.0,
        "Reconciled Cost Of Revenue": 315449000.0,
        "EBITDA": 111870000.0,
        "EBIT": 91234000.0,
        "Net Interest Income": -10372000.0,
        "Interest Expense": 20136000.0,
        "Interest Income": 9764000.0,
        "Normalized Income": 49210000.0,
        "Net Income From Continuing And Discontinued Operation": 49210000.0,
        "Total Expenses": 513374000.0,
        "Rent Expense Supplemental": 40806000.0,
        "Diluted Average Shares": 477973000.0,
        "Basic Average Shares": 470517000.0,
        "Diluted EPS": 0.1,
        "Basic EPS": 0.1,
        "Diluted NI Availto Com Stockholders": 46417000.0,
        "Average Dilution Earnings": 39000.0,
        "Net Income Common Stockholders": 46378000.0,
        "Otherunder Preferred Stock Dividend": 2832000.0,
        "Net Income": 49210000.0,
        "Minority Interests": 169000.0,
        "Net Income Including Noncontrolling Interests": 49041000.0,
        "Net Income Continuous Operations": 49041000.0,
        "Tax Provision": 22057000.0,
        "Pretax Income": 71098000.0,
        "Other Income Expense": 25994000.0,
        "Other Non Operating Income Expenses": 24204000.0,
        "Special Income Charges": NaN,
        "Gain On Sale Of Business": NaN,
        "Earnings From Equity Interest": 1790000.0,
        "Net Non Operating Interest Income Expense": -10372000.0,
        "Interest Expense Non Operating": 20136000.0,
        "Interest Income Non Operating": 9764000.0,
        "Operating Income": 55476000.0,
        "Operating Expense": 197925000.0,
        "Selling General And Administration": 197925000.0,
        "Selling And Marketing Expense": 16771000.0,
        "General And Administrative Expense": 181154000.0,
        "Other Gand A": 44267000.0,
        "Rent And Landing Fees": 40806000.0,
        "Salaries And Wages": 96081000.0,
        "Gross Profit": 253401000.0,
        "Cost Of Revenue": 315449000.0,
        "Total Revenue": 568850000.0,
        "Operating Revenue": 563345000.0
    },
    "2024-06-30": {
        "Tax Effect Of Unusual Items": 0.0,
        "Tax Rate For Calcs": 0.3261,
        "Normalized EBITDA": 96929000.0,
        "Total Unusual Items": NaN,
        "Total Unusual Items Excluding Goodwill": NaN,
        "Net Income From Continuing Operation Net Minority Interest": 37828000.0,
        "Reconciled Depreciation": 20214000.0,
        "Reconciled Cost Of Revenue": 297413000.0,
        "EBITDA": 96929000.0,
        "EBIT": 76715000.0,
        "Net Interest Income": -4406000.0,
        "Interest Expense": 21551000.0,
        "Interest Income": 17145000.0,
        "Normalized Income": 37828000.0,
        "Net Income From Continuing And Discontinued Operation": 37828000.0,
        "Total Expenses": 465270000.0,
        "Rent Expense Supplemental": 40959000.0,
        "Diluted Average Shares": 480861000.0,
        "Basic Average Shares": 475272000.0,
        "Diluted EPS": 0.08,
        "Basic EPS": 0.08,
        "Diluted NI Availto Com Stockholders": 36070000.0,
        "Average Dilution Earnings": 16000.0,
        "Net Income Common Stockholders": 36054000.0,
        "Otherunder Preferred Stock Dividend": 1774000.0,
        "Net Income": 37828000.0,
        "Minority Interests": 653000.0,
        "Net Income Including Noncontrolling Interests": 37175000.0,
        "Net Income Continuous Operations": 37175000.0,
        "Tax Provision": 17989000.0,
        "Pretax Income": 55164000.0,
        "Other Income Expense": -8776000.0,
        "Other Non Operating Income Expenses": -11520000.0,
        "Special Income Charges": NaN,
        "Gain On Sale Of Business": NaN,
        "Earnings From Equity Interest": 2744000.0,
        "Net Non Operating Interest Income Expense": -4406000.0,
        "Interest Expense Non Operating": 21551000.0,
        "Interest Income Non Operating": 17145000.0,
        "Operating Income": 68346000.0,
        "Operating Expense": 167857000.0,
        "Selling General And Administration": 167857000.0,
        "Selling And Marketing Expense": 17714000.0,
        "General And Administrative Expense": 150143000.0,
        "Other Gand A": 42977000.0,
        "Rent And Landing Fees": 40959000.0,
        "Salaries And Wages": 66207000.0,
        "Gross Profit": 236203000.0,
        "Cost Of Revenue": 297413000.0,
        "Total Revenue": 533616000.0,
        "Operating Revenue": 528975000.0
    },
    "2024-09-30": {
        "Tax Effect Of Unusual Items": 0.0,
        "Tax Rate For Calcs": 0.304226,
        "Normalized EBITDA": 64729000.0,
        "Total Unusual Items": NaN,
        "Total Unusual Items Excluding Goodwill": NaN,
        "Net Income From Continuing Operation Net Minority Interest": 14747000.0,
        "Reconciled Depreciation": 19895000.0,
        "Reconciled Cost Of Revenue": 297097000.0,
        "EBITDA": 64729000.0,
        "EBIT": 44834000.0,
        "Net Interest Income": -8181000.0,
        "Interest Expense": 25125000.0,
        "Interest Income": 16944000.0,
        "Normalized Income": 14747000.0,
        "Net Income From Continuing And Discontinued Operation": 14747000.0,
        "Total Expenses": 495958000.0,
        "Rent Expense Supplemental": 45195000.0,
        "Diluted Average Shares": 478652000.0,
        "Basic Average Shares": 473435000.0,
        "Diluted EPS": 0.03,
        "Basic EPS": 0.03,
        "Diluted NI Availto Com Stockholders": 14194000.0,
        "Average Dilution Earnings": 2000.0,
        "Net Income Common Stockholders": 14192000.0,
        "Otherunder Preferred Stock Dividend": 555000.0,
        "Net Income": 14747000.0,
        "Minority Interests": 1034000.0,
        "Net Income Including Noncontrolling Interests": 13713000.0,
        "Net Income Continuous Operations": 13713000.0,
        "Tax Provision": 5996000.0,
        "Pretax Income": 19709000.0,
        "Other Income Expense": -20319000.0,
        "Other Non Operating Income Expenses": -22679000.0,
        "Special Income Charges": NaN,
        "Gain On Sale Of Business": NaN,
        "Earnings From Equity Interest": 2360000.0,
        "Net Non Operating Interest Income Expense": -8181000.0,
        "Interest Expense Non Operating": 25125000.0,
        "Interest Income Non Operating": 16944000.0,
        "Operating Income": 48209000.0,
        "Operating Expense": 198861000.0,
        "Selling General And Administration": 198861000.0,
        "Selling And Marketing Expense": 17376000.0,
        "General And Administrative Expense": 181485000.0,
        "Other Gand A": 50600000.0,
        "Rent And Landing Fees": 45195000.0,
        "Salaries And Wages": 85690000.0,
        "Gross Profit": 247070000.0,
        "Cost Of Revenue": 297097000.0,
        "Total Revenue": 544167000.0,
        "Operating Revenue": 538413000.0
    },
    "2024-12-31": {
        "Tax Effect Of Unusual Items": 0.0,
        "Tax Rate For Calcs": 0.142536,
        "Normalized EBITDA": 72124000.0,
        "Total Unusual Items": NaN,
        "Total Unusual Items Excluding Goodwill": NaN,
        "Net Income From Continuing Operation Net Minority Interest": 25203000.0,
        "Reconciled Depreciation": 20689000.0,
        "Reconciled Cost Of Revenue": 317115000.0,
        "EBITDA": 72124000.0,
        "EBIT": 51435000.0,
        "Net Interest Income": -11893000.0,
        "Interest Expense": 24263000.0,
        "Interest Income": 12370000.0,
        "Normalized Income": 25203000.0,
        "Net Income From Continuing And Discontinued Operation": 25203000.0,
        "Total Expenses": 546892000.0,
        "Rent Expense Supplemental": 42278000.0,
        "Diluted Average Shares": 479088000.0,
        "Basic Average Shares": 474326000.0,
        "Diluted EPS": 0.05,
        "Basic EPS": 0.05,
        "Diluted NI Availto Com Stockholders": 24353000.0,
        "Average Dilution Earnings": 4000.0,
        "Net Income Common Stockholders": 24349000.0,
        "Otherunder Preferred Stock Dividend": 854000.0,
        "Net Income": 25203000.0,
        "Minority Interests": 1904000.0,
        "Net Income Including Noncontrolling Interests": 23299000.0,
        "Net Income Continuous Operations": 23299000.0,
        "Tax Provision": 3873000.0,
        "Pretax Income": 27172000.0,
        "Other Income Expense": 25995000.0,
        "Other Non Operating Income Expenses": -14310000.0,
        "Special Income Charges": NaN,
        "Gain On Sale Of Business": NaN,
        "Earnings From Equity Interest": 1536000.0,
        "Net Non Operating Interest Income Expense": -11893000.0,
        "Interest Expense Non Operating": 24263000.0,
        "Interest Income Non Operating": 12370000.0,
        "Operating Income": 13070000.0,
        "Operating Expense": 229777000.0,
        "Selling General And Administration": 229777000.0,
        "Selling And Marketing Expense": 18605000.0,
        "General And Administrative Expense": 211172000.0,
        "Other Gand A": 47729000.0,
        "Rent And Landing Fees": 42278000.0,
        "Salaries And Wages": 121165000.0,
        "Gross Profit": 242847000.0,
        "Cost Of Revenue": 317115000.0,
        "Total Revenue": 559962000.0,
        "Operating Revenue": 555204000.0
    },
    "2025-03-31": {
        "Tax Effect Of Unusual Items": 0.0,
        "Tax Rate For Calcs": 0.331954,
        "Normalized EBITDA": 126502000.0,
        "Total Unusual Items": NaN,
        "Total Unusual Items Excluding Goodwill": NaN,
        "Net Income From Continuing Operation Net Minority Interest": 55164000.0,
        "Reconciled Depreciation": 21870000.0,
        "Reconciled Cost Of Revenue": 367490000.0,
        "EBITDA": 126502000.0,
        "EBIT": 104632000.0,
        "Net Interest Income": -13025000.0,
        "Interest Expense": 24654000.0,
        "Interest Income": 11629000.0,
        "Normalized Income": 55164000.0,
        "Net Income From Continuing And Discontinued Operation": 55164000.0,
        "Total Expenses": 551121000.0,
        "Rent Expense Supplemental": 42569000.0,
        "Diluted Average Shares": 485549000.0,
        "Basic Average Shares": 479166000.0,
        "Diluted EPS": 0.11,
        "Basic EPS": 0.11,
        "Diluted NI Availto Com Stockholders": 52806000.0,
        "Average Dilution Earnings": 26000.0,
        "Net Income Common Stockholders": 52780000.0,
        "Otherunder Preferred Stock Dividend": 2384000.0,
        "Net Income": 55164000.0,
        "Minority Interests": 1735000.0,
        "Net Income Including Noncontrolling Interests": 53429000.0,
        "Net Income Continuous Operations": 53429000.0,
        "Tax Provision": 26549000.0,
        "Pretax Income": 79978000.0,
        "Other Income Expense": -8487000.0,
        "Other Non Operating Income Expenses": -10845000.0,
        "Special Income Charges": NaN,
        "Gain On Sale Of Business": NaN,
        "Earnings From Equity Interest": 2358000.0,
        "Net Non Operating Interest Income Expense": -13025000.0,
        "Interest Expense Non Operating": 24654000.0,
        "Interest Income Non Operating": 11629000.0,
        "Operating Income": 101490000.0,
        "Operating Expense": 183631000.0,
        "Selling General And Administration": 183631000.0,
        "Selling And Marketing Expense": 19441000.0,
        "General And Administrative Expense": 164190000.0,
        "Other Gand A": 46298000.0,
        "Rent And Landing Fees": 42569000.0,
        "Salaries And Wages": 75323000.0,
        "Gross Profit": 285121000.0,
        "Cost Of Revenue": 367490000.0,
        "Total Revenue": 652611000.0,
        "Operating Revenue": 647711000.0
    }
}