{
    "2023-03-31": {
        "Tax Effect Of Unusual Items": NaN,
        "Tax Rate For Calcs": NaN,
        "Normalized EBITDA": NaN,
        "Net Income From Continuing Operation Net Minority Interest": NaN,
        "Reconciled Depreciation": NaN,
        "Reconciled Cost Of Revenue": NaN,
        "EBITDA": NaN,
        "EBIT": NaN,
        "Net Interest Income": NaN,
        "Interest Income": 16016000.0,
        "Normalized Income": NaN,
        "Net Income From Continuing And Discontinued Operation": NaN,
        "Total Expenses": NaN,
        "Total Operating Income As Reported": NaN,
        "Diluted Average Shares": 104166520.0,
        "Basic Average Shares": 104166520.0,
        "Diluted EPS": -3.38,
        "Basic EPS": -3.38,
        "Diluted NI Availto Com Stockholders": NaN,
        "Net Income Common Stockholders": NaN,
        "Net Income": NaN,
        "Net Income Including Noncontrolling Interests": NaN,
        "Net Income Continuous Operations": NaN,
        "Tax Provision": NaN,
        "Pretax Income": NaN,
        "Other Income Expense": NaN,
        "Other Non Operating Income Expenses": NaN,
        "Net Non Operating Interest Income Expense": NaN,
        "Interest Income Non Operating": 16016000.0,
        "Operating Income": NaN,
        "Operating Expense": NaN,
        "Depreciation Amortization Depletion Income Statement": NaN,
        "Depreciation And Amortization In Income Statement": NaN,
        "Amortization": NaN,
        "Amortization Of Intangibles Income Statement": NaN,
        "Research And Development": NaN,
        "Selling General And Administration": NaN,
        "Gross Profit": NaN,
        "Cost Of Revenue": NaN,
        "Total Revenue": NaN,
        "Operating Revenue": NaN
    },
    "2022-12-31": {
        "Tax Effect Of Unusual Items": NaN,
        "Tax Rate For Calcs": NaN,
        "Normalized EBITDA": NaN,
        "Net Income From Continuing Operation Net Minority Interest": NaN,
        "Reconciled Depreciation": NaN,
        "Reconciled Cost Of Revenue": NaN,
        "EBITDA": NaN,
        "EBIT": NaN,
        "Net Interest Income": NaN,
        "Interest Income": NaN,
        "Normalized Income": NaN,
        "Net Income From Continuing And Discontinued Operation": NaN,
        "Total Expenses": NaN,
        "Total Operating Income As Reported": NaN,
        "Diluted Average Shares": NaN,
        "Basic Average Shares": NaN,
        "Diluted EPS": NaN,
        "Basic EPS": NaN,
        "Diluted NI Availto Com Stockholders": NaN,
        "Net Income Common Stockholders": NaN,
        "Net Income": NaN,
        "Net Income Including Noncontrolling Interests": NaN,
        "Net Income Continuous Operations": NaN,
        "Tax Provision": NaN,
        "Pretax Income": NaN,
        "Other Income Expense": NaN,
        "Other Non Operating Income Expenses": NaN,
        "Net Non Operating Interest Income Expense": NaN,
        "Total Other Finance Cost": -18219000.0,
        "Interest Income Non Operating": NaN,
        "Operating Income": NaN,
        "Operating Expense": NaN,
        "Depreciation Amortization Depletion Income Statement": NaN,
        "Depreciation And Amortization In Income Statement": NaN,
        "Amortization": NaN,
        "Amortization Of Intangibles Income Statement": NaN,
        "Research And Development": NaN,
        "Selling General And Administration": NaN,
        "Gross Profit": NaN,
        "Cost Of Revenue": NaN,
        "Total Revenue": NaN,
        "Operating Revenue": NaN
    },
    "2022-09-30": {
        "Tax Effect Of Unusual Items": NaN,
        "Tax Rate For Calcs": NaN,
        "Normalized EBITDA": NaN,
        "Net Income From Continuing Operation Net Minority Interest": NaN,
        "Reconciled Depreciation": NaN,
        "Reconciled Cost Of Revenue": NaN,
        "EBITDA": NaN,
        "EBIT": NaN,
        "Net Interest Income": NaN,
        "Interest Income": 12759000.0,
        "Normalized Income": NaN,
        "Net Income From Continuing And Discontinued Operation": NaN,
        "Total Expenses": NaN,
        "Total Operating Income As Reported": NaN,
        "Diluted Average Shares": NaN,
        "Basic Average Shares": NaN,
        "Diluted EPS": NaN,
        "Basic EPS": NaN,
        "Diluted NI Availto Com Stockholders": NaN,
        "Net Income Common Stockholders": NaN,
        "Net Income": NaN,
        "Net Income Including Noncontrolling Interests": NaN,
        "Net Income Continuous Operations": NaN,
        "Tax Provision": NaN,
        "Pretax Income": NaN,
        "Other Income Expense": NaN,
        "Other Non Operating Income Expenses": NaN,
        "Net Non Operating Interest Income Expense": NaN,
        "Total Other Finance Cost": -12759000.0,
        "Interest Income Non Operating": 12759000.0,
        "Operating Income": NaN,
        "Operating Expense": NaN,
        "Depreciation Amortization Depletion Income Statement": NaN,
        "Depreciation And Amortization In Income Statement": NaN,
        "Amortization": NaN,
        "Amortization Of Intangibles Income Statement": NaN,
        "Research And Development": NaN,
        "Selling General And Administration": NaN,
        "Gross Profit": NaN,
        "Cost Of Revenue": NaN,
        "Total Revenue": NaN,
        "Operating Revenue": NaN
    },
    "2022-06-30": {
        "Tax Effect Of Unusual Items": 0.0,
        "Tax Rate For Calcs": 0.4,
        "Normalized EBITDA": -439211000.0,
        "Net Income From Continuing Operation Net Minority Interest": -571449000.0,
        "Reconciled Depreciation": 188000.0,
        "Reconciled Cost Of Revenue": 449380000.0,
        "EBITDA": -439211000.0,
        "EBIT": -439399000.0,
        "Net Interest Income": 11431000.0,
        "Interest Income": NaN,
        "Normalized Income": -571449000.0,
        "Net Income From Continuing And Discontinued Operation": -571449000.0,
        "Total Expenses": 780971000.0,
        "Total Operating Income As Reported": -439399000.0,
        "Diluted Average Shares": 102804848.0,
        "Basic Average Shares": 102804848.0,
        "Diluted EPS": -5.46,
        "Basic EPS": -5.46,
        "Diluted NI Availto Com Stockholders": -571449000.0,
        "Net Income Common Stockholders": -571449000.0,
        "Net Income": -571449000.0,
        "Minority Interests": NaN,
        "Net Income Including Noncontrolling Interests": -571449000.0,
        "Net Income Continuous Operations": -571449000.0,
        "Tax Provision": 13864000.0,
        "Pretax Income": -557585000.0,
        "Other Income Expense": -129617000.0,
        "Other Non Operating Income Expenses": -129617000.0,
        "Net Non Operating Interest Income Expense": 11431000.0,
        "Total Other Finance Cost": -11431000.0,
        "Interest Income Non Operating": NaN,
        "Operating Income": -439399000.0,
        "Operating Expense": 331591000.0,
        "Depreciation Amortization Depletion Income Statement": 188000.0,
        "Depreciation And Amortization In Income Statement": 188000.0,
        "Amortization": 188000.0,
        "Amortization Of Intangibles Income Statement": 188000.0,
        "Selling General And Administration": 331403000.0,
        "Gross Profit": -107808000.0,
        "Cost Of Revenue": 449380000.0,
        "Total Revenue": 341572000.0,
        "Operating Revenue": 341572000.0
    },
    "2023-06-30": {
        "Tax Effect Of Unusual Items": NaN,
        "Tax Rate For Calcs": NaN,
        "Normalized EBITDA": NaN,
        "Net Income From Continuing Operation Net Minority Interest": NaN,
        "Reconciled Depreciation": NaN,
        "Reconciled Cost Of Revenue": NaN,
        "EBITDA": NaN,
        "EBIT": NaN,
        "Net Interest Income": NaN,
        "Interest Income": 15070000.0,
        "Normalized Income": NaN,
        "Net Income From Continuing And Discontinued Operation": NaN,
        "Total Expenses": NaN,
        "Total Operating Income As Reported": NaN,
        "Diluted Average Shares": 104632644.0,
        "Basic Average Shares": 104632644.0,
        "Diluted EPS": -3.64,
        "Basic EPS": -3.64,
        "Diluted NI Availto Com Stockholders": NaN,
        "Net Income Common Stockholders": NaN,
        "Net Income": NaN,
        "Net Income Including Noncontrolling Interests": NaN,
        "Net Income Continuous Operations": NaN,
        "Tax Provision": NaN,
        "Pretax Income": NaN,
        "Other Income Expense": NaN,
        "Other Non Operating Income Expenses": NaN,
        "Net Non Operating Interest Income Expense": NaN,
        "Interest Income Non Operating": 15070000.0,
        "Operating Income": NaN,
        "Operating Expense": NaN,
        "Depreciation Amortization Depletion Income Statement": 188000.0,
        "Depreciation And Amortization In Income Statement": 188000.0,
        "Amortization": 188000.0,
        "Amortization Of Intangibles Income Statement": 188000.0,
        "Research And Development": NaN,
        "Selling General And Administration": NaN,
        "Gross Profit": NaN,
        "Cost Of Revenue": NaN,
        "Total Revenue": NaN,
        "Operating Revenue": NaN
    },
    "2022-03-31": {
        "Diluted EPS": -4.25,
        "Total Revenue": 307,
        "Gross Profit": 241,
        "Operating Income": -443,
        "EBIT": -427,
        "Net Income": -435
    },
    "2021-12-31": {
        "Diluted EPS": -6.45,
        "Total Revenue": 214,
        "Gross Profit": 165,
        "Operating Income": -572,
        "EBIT": -559,
        "Net Income": -606
    },
    "2021-09-30": {
        "Diluted EPS": -4.72,
        "Total Revenue": 206,
        "Gross Profit": 159,
        "Operating Income": -462,
        "EBIT": -450,
        "Net Income": -438
    },
    "2021-06-30": {
        "Diluted EPS": -5.23,
        "Total Revenue": 150,
        "Gross Profit": 114,
        "Operating Income": -475,
        "EBIT": -463,
        "Net Income": -480
    },
    "2021-03-31": {
        "Diluted EPS": 0.69,
        "Total Revenue": 606,
        "Gross Profit": 573,
        "Operating Income": 70,
        "EBIT": 80,
        "Net Income": 66
    },
    "2020-12-31": {
        "Diluted EPS": -5.31,
        "Total Revenue": 100,
        "Gross Profit": 79,
        "Operating Income": -485,
        "EBIT": -477,
        "Net Income": -473
    },
    "2020-09-30": {
        "Diluted EPS": -4.81,
        "Total Revenue": 91,
        "Gross Profit": 70,
        "Operating Income": -440,
        "EBIT": -432,
        "Net Income": -425
    },
    "2020-06-30": {
        "Diluted EPS": -4.31,
        "Total Revenue": 66,
        "Gross Profit": 51,
        "Operating Income": -359,
        "EBIT": -351,
        "Net Income": -335
    },
    "2020-03-31": {
        "Diluted EPS": -4.7,
        "Total Revenue": 52,
        "Gross Profit": 38,
        "Operating Income": -374,
        "EBIT": -366,
        "Net Income": -364
    },
    "2019-12-31": {
        "Diluted EPS": -6.45,
        "Total Revenue": 57,
        "Gross Profit": 39,
        "Operating Income": -388,
        "EBIT": -381,
        "Net Income": -388
    },
    "2019-09-30": {
        "Diluted EPS": -5.11,
        "Total Revenue": 50,
        "Gross Profit": 30,
        "Operating Income": -312,
        "EBIT": -308,
        "Net Income": -307
    },
    "2019-06-30": {
        "Diluted EPS": -1.43,
        "Total Revenue": 243,
        "Gross Profit": 226,
        "Operating Income": -86,
        "EBIT": -82,
        "Net Income": -86
    },
    "2019-03-31": {
        "Diluted EPS": -2.81,
        "Total Revenue": 78,
        "Gross Profit": 63,
        "Operating Income": -174,
        "EBIT": -170,
        "Net Income": -168
    },
    "2018-12-31": {
        "Diluted EPS": -4.67,
        "Total Revenue": 59,
        "Gross Profit": 49,
        "Operating Income": -281,
        "EBIT": -277,
        "Net Income": -268
    },
    "2018-09-30": {
        "Diluted EPS": -2.53,
        "Total Revenue": 54,
        "Gross Profit": 45,
        "Operating Income": -151,
        "EBIT": -149,
        "Net Income": -144
    },
    "2018-06-30": {
        "Diluted EPS": -2.92,
        "Total Revenue": 53,
        "Gross Profit": 47,
        "Operating Income": -163,
        "EBIT": -161,
        "Net Income": -157
    },
    "2018-03-31": {
        "Diluted EPS": -2.03,
        "Total Revenue": 33,
        "Gross Profit": 28,
        "Operating Income": -111,
        "EBIT": -109,
        "Net Income": -105
    },
    "2017-12-31": {
        "Diluted EPS": -1.98,
        "Total Revenue": 18,
        "Gross Profit": 15,
        "Operating Income": -104,
        "EBIT": -102,
        "Net Income": -99
    },
    "2017-09-30": {
        "Diluted EPS": 2.54,
        "Total Revenue": 220,
        "Gross Profit": 218,
        "Operating Income": 115,
        "EBIT": 116,
        "Net Income": 117
    },
    "2017-06-30": {
        "Diluted EPS": -1.52,
        "Total Revenue": NaN,
        "Gross Profit": NaN,
        "Operating Income": -58,
        "EBIT": -57,
        "Net Income": -61
    },
    "2017-03-31": {
        "Diluted EPS": -1.27,
        "Total Revenue": NaN,
        "Gross Profit": NaN,
        "Operating Income": -52,
        "EBIT": -51,
        "Net Income": -51
    },
    "2016-12-31": {
        "Diluted EPS": -1.06,
        "Total Revenue": 0,
        "Gross Profit": 0,
        "Operating Income": -37,
        "EBIT": -37,
        "Net Income": -38
    },
    "2016-09-30": {
        "Diluted EPS": -1.08,
        "Total Revenue": NaN,
        "Gross Profit": NaN,
        "Operating Income": -35,
        "EBIT": -34,
        "Net Income": -35
    },
    "2016-06-30": {
        "Diluted EPS": -0.73,
        "Total Revenue": 0,
        "Gross Profit": 0,
        "Operating Income": -25,
        "EBIT": -24,
        "Net Income": -24
    },
    "2016-03-31": {
        "Diluted EPS": -0.97,
        "Total Revenue": 1,
        "Gross Profit": 1,
        "Operating Income": -20,
        "EBIT": -20,
        "Net Income": -22
    },
    "2015-12-31": {
        "Diluted EPS": -3.05,
        "Total Revenue": 5,
        "Gross Profit": 5,
        "Operating Income": -26,
        "EBIT": -26,
        "Net Income": -27
    },
    "2015-09-30": {
        "Diluted EPS": 0.0,
        "Total Revenue": NaN,
        "Gross Profit": NaN,
        "Operating Income": NaN,
        "Net Income": NaN
    },
    "2015-06-30": {
        "Diluted EPS": -0.68,
        "Total Revenue": 1,
        "Gross Profit": 1,
        "Operating Income": -7,
        "EBIT": -6,
        "Net Income": -6
    },
    "2015-03-31": {
        "Diluted EPS": -1.22,
        "Total Revenue": 1,
        "Gross Profit": 1,
        "Operating Income": -10,
        "EBIT": -9,
        "Net Income": -10
    },
    "2014-12-31": {
        "Diluted EPS": 0.0,
        "Total Revenue": NaN,
        "Gross Profit": NaN,
        "Operating Income": NaN,
        "EBIT": NaN,
        "Net Income": NaN
    },
    "2013-12-31": {
        "Diluted EPS": 0.0,
        "Total Revenue": NaN,
        "Gross Profit": NaN,
        "Operating Income": NaN,
        "EBIT": NaN,
        "Net Income": NaN
    },
    "2023-09-30": {
        "Tax Effect Of Unusual Items": 0.0,
        "Tax Rate For Calcs": 0.060718,
        "Normalized EBITDA": -112458000.0,
        "Net Income From Continuing Operation Net Minority Interest": 215413000.0,
        "Reconciled Depreciation": 21510000.0,
        "Reconciled Cost Of Revenue": 96309000.0,
        "EBITDA": -112458000.0,
        "EBIT": -133968000.0,
        "Net Interest Income": 26649000.0,
        "Interest Income": 26649000.0,
        "Normalized Income": 215413000.0,
        "Net Income From Continuing And Discontinued Operation": 215413000.0,
        "Total Expenses": 915276000.0,
        "Total Operating Income As Reported": -133968000.0,
        "Diluted Average Shares": 106948603.0,
        "Basic Average Shares": 104670483.0,
        "Diluted EPS": 1.95,
        "Basic EPS": 2.08,
        "Diluted NI Availto Com Stockholders": 215413000.0,
        "Net Income Common Stockholders": 215413000.0,
        "Net Income": 215413000.0,
        "Net Income Including Noncontrolling Interests": 215413000.0,
        "Net Income Continuous Operations": 215413000.0,
        "Tax Provision": 13925000.0,
        "Pretax Income": 229338000.0,
        "Other Income Expense": 336657000.0,
        "Other Non Operating Income Expenses": 336657000.0,
        "Net Non Operating Interest Income Expense": 26649000.0,
        "Interest Income Non Operating": 26649000.0,
        "Operating Income": -133968000.0,
        "Operating Expense": 818967000.0,
        "Depreciation Amortization Depletion Income Statement": 1287000.0,
        "Depreciation And Amortization In Income Statement": 1287000.0,
        "Amortization": 1287000.0,
        "Amortization Of Intangibles Income Statement": 1287000.0,
        "Research And Development": 453259000.0,
        "Selling General And Administration": 365708000.0,
        "Gross Profit": 684999000.0,
        "Cost Of Revenue": 96309000.0,
        "Total Revenue": 781308000.0,
        "Operating Revenue": 914525000.0
    },
    "2023-12-31": {
        "Tax Effect Of Unusual Items": 0.0,
        "Tax Rate For Calcs": 0.25,
        "Normalized EBITDA": -359976000.0,
        "Net Income From Continuing Operation Net Minority Interest": -367553000.0,
        "Reconciled Depreciation": 23819000.0,
        "Reconciled Cost Of Revenue": 83851000.0,
        "EBITDA": -359976000.0,
        "EBIT": -383795000.0,
        "Net Interest Income": 16274000.0,
        "Interest Income": NaN,
        "Normalized Income": -367553000.0,
        "Net Income From Continuing And Discontinued Operation": -367553000.0,
        "Total Expenses": 1018204000.0,
        "Total Operating Income As Reported": -383795000.0,
        "Diluted Average Shares": NaN,
        "Basic Average Shares": NaN,
        "Diluted EPS": NaN,
        "Basic EPS": NaN,
        "Diluted NI Availto Com Stockholders": -367553000.0,
        "Net Income Common Stockholders": -367553000.0,
        "Net Income": -367553000.0,
        "Net Income Including Noncontrolling Interests": -367553000.0,
        "Net Income Continuous Operations": -367553000.0,
        "Tax Provision": 16781000.0,
        "Pretax Income": -350772000.0,
        "Other Income Expense": 16749000.0,
        "Other Non Operating Income Expenses": 16749000.0,
        "Net Non Operating Interest Income Expense": 16274000.0,
        "Interest Income Non Operating": NaN,
        "Operating Income": -383795000.0,
        "Operating Expense": 912372000.0,
        "Depreciation Amortization Depletion Income Statement": 1838000.0,
        "Depreciation And Amortization In Income Statement": 1838000.0,
        "Amortization": 1838000.0,
        "Amortization Of Intangibles Income Statement": 1838000.0,
        "Research And Development": 493987000.0,
        "Selling General And Administration": 416547000.0,
        "Gross Profit": 528577000.0,
        "Cost Of Revenue": 105832000.0,
        "Total Revenue": 634409000.0,
        "Operating Revenue": 810522000.0
    },
    "2024-03-31": {
        "Tax Effect Of Unusual Items": 0.0,
        "Tax Rate For Calcs": 0.25,
        "Normalized EBITDA": -236055000.0,
        "Net Income From Continuing Operation Net Minority Interest": -251150000.0,
        "Reconciled Depreciation": 25293000.0,
        "Reconciled Cost Of Revenue": 99642000.0,
        "EBITDA": -236055000.0,
        "EBIT": -261348000.0,
        "Net Interest Income": 16160000.0,
        "Interest Income": 16160000.0,
        "Normalized Income": -251150000.0,
        "Net Income From Continuing And Discontinued Operation": -251150000.0,
        "Total Expenses": 1013000000.0,
        "Total Operating Income As Reported": -261348000.0,
        "Diluted Average Shares": 104272894.0,
        "Basic Average Shares": 104272894.0,
        "Diluted EPS": -2.47,
        "Basic EPS": -2.47,
        "Diluted NI Availto Com Stockholders": -251150000.0,
        "Net Income Common Stockholders": -251150000.0,
        "Net Income": -251150000.0,
        "Net Income Including Noncontrolling Interests": -251150000.0,
        "Net Income Continuous Operations": -251150000.0,
        "Tax Provision": 7724000.0,
        "Pretax Income": -243426000.0,
        "Other Income Expense": 1762000.0,
        "Other Non Operating Income Expenses": 1762000.0,
        "Net Non Operating Interest Income Expense": 16160000.0,
        "Interest Income Non Operating": 16160000.0,
        "Operating Income": -261348000.0,
        "Operating Expense": 888065000.0,
        "Depreciation Amortization Depletion Income Statement": 0.0,
        "Depreciation And Amortization In Income Statement": 0.0,
        "Amortization": 0.0,
        "Amortization Of Intangibles Income Statement": 0.0,
        "Research And Development": 460638000.0,
        "Selling General And Administration": 427427000.0,
        "Gross Profit": 626717000.0,
        "Cost Of Revenue": 124935000.0,
        "Total Revenue": 751652000.0,
        "Operating Revenue": 944464000.0
    },
    "2024-06-30": {
        "Tax Effect Of Unusual Items": 0.0,
        "Tax Rate For Calcs": 0.25,
        "Normalized EBITDA": -82230000.0,
        "Net Income From Continuing Operation Net Minority Interest": -120405000.0,
        "Reconciled Depreciation": 24931000.0,
        "Reconciled Cost Of Revenue": 113201000.0,
        "EBITDA": -82230000.0,
        "EBIT": -107161000.0,
        "Net Interest Income": 13225000.0,
        "Interest Income": 13225000.0,
        "Normalized Income": -120405000.0,
        "Net Income From Continuing And Discontinued Operation": -120405000.0,
        "Total Expenses": 1036327000.0,
        "Total Operating Income As Reported": -107161000.0,
        "Diluted Average Shares": 104698659.0,
        "Basic Average Shares": 104698659.0,
        "Diluted EPS": -1.17,
        "Basic EPS": -1.17,
        "Diluted NI Availto Com Stockholders": -120405000.0,
        "Net Income Common Stockholders": -120405000.0,
        "Net Income": -120405000.0,
        "Net Income Including Noncontrolling Interests": -120405000.0,
        "Net Income Continuous Operations": -120405000.0,
        "Tax Provision": 14485000.0,
        "Pretax Income": -105920000.0,
        "Other Income Expense": -11984000.0,
        "Other Non Operating Income Expenses": -11984000.0,
        "Net Non Operating Interest Income Expense": 13225000.0,
        "Interest Income Non Operating": 13225000.0,
        "Operating Income": -107161000.0,
        "Operating Expense": 898195000.0,
        "Depreciation Amortization Depletion Income Statement": 0.0,
        "Depreciation And Amortization In Income Statement": 0.0,
        "Amortization": 0.0,
        "Amortization Of Intangibles Income Statement": 0.0,
        "Research And Development": 454466000.0,
        "Selling General And Administration": 443729000.0,
        "Gross Profit": 791034000.0,
        "Cost Of Revenue": 138132000.0,
        "Total Revenue": 929166000.0,
        "Operating Revenue": 1167155000.0
    },
    "2024-09-30": {
        "Tax Effect Of Unusual Items": 0.0,
        "Tax Rate For Calcs": 0.25,
        "Normalized EBITDA": -48973000.0,
        "Net Income From Continuing Operation Net Minority Interest": -121350000.0,
        "Reconciled Depreciation": 71292000.0,
        "Reconciled Cost Of Revenue": 170462000.0,
        "EBITDA": -48973000.0,
        "EBIT": -120265000.0,
        "Net Interest Income": 10643000.0,
        "Interest Income": 10643000.0,
        "Normalized Income": -121350000.0,
        "Net Income From Continuing And Discontinued Operation": -121350000.0,
        "Total Expenses": 1121864000.0,
        "Total Operating Income As Reported": -120265000.0,
        "Diluted Average Shares": 105903990.0,
        "Basic Average Shares": 105903990.0,
        "Diluted EPS": -1.17,
        "Basic EPS": -1.17,
        "Diluted NI Availto Com Stockholders": -121350000.0,
        "Net Income Common Stockholders": -121350000.0,
        "Net Income": -121350000.0,
        "Net Income Including Noncontrolling Interests": -121350000.0,
        "Net Income Continuous Operations": -121350000.0,
        "Tax Provision": 23046000.0,
        "Pretax Income": -98304000.0,
        "Other Income Expense": 11318000.0,
        "Other Non Operating Income Expenses": 11318000.0,
        "Net Non Operating Interest Income Expense": 10643000.0,
        "Interest Income Non Operating": 10643000.0,
        "Operating Income": -120265000.0,
        "Operating Expense": 951402000.0,
        "Depreciation Amortization Depletion Income Statement": NaN,
        "Depreciation And Amortization In Income Statement": NaN,
        "Amortization": NaN,
        "Amortization Of Intangibles Income Statement": NaN,
        "Research And Development": 496179000.0,
        "Selling General And Administration": 455223000.0,
        "Gross Profit": 831137000.0,
        "Cost Of Revenue": 170462000.0,
        "Total Revenue": 1001599000.0,
        "Operating Revenue": 1245589000.0
    }
}