{
    "2023-03-31": {
        "Tax Effect Of Unusual Items": -17850.0,
        "Tax Rate For Calcs": 0.21,
        "Normalized EBITDA": 85655000.0,
        "Total Unusual Items": -85000.0,
        "Total Unusual Items Excluding Goodwill": -85000.0,
        "Net Income From Continuing Operation Net Minority Interest": 3415000.0,
        "Reconciled Depreciation": 22468000.0,
        "Reconciled Cost Of Revenue": 380351000.0,
        "EBITDA": 85570000.0,
        "EBIT": 63102000.0,
        "Net Interest Income": -39435000.0,
        "Interest Expense": 39435000.0,
        "Normalized Income": 3482150.0,
        "Net Income From Continuing And Discontinued Operation": 3415000.0,
        "Total Expenses": 449548000.0,
        "Total Operating Income As Reported": 62181000.0,
        "Diluted Average Shares": 71795000.0,
        "Basic Average Shares": 71779000.0,
        "Diluted EPS": 0.05,
        "Basic EPS": 0.05,
        "Diluted NI Availto Com Stockholders": 3415000.0,
        "Net Income Common Stockholders": 3415000.0,
        "Net Income": 3415000.0,
        "Net Income Including Noncontrolling Interests": 3415000.0,
        "Net Income Continuous Operations": 3415000.0,
        "Tax Provision": 20252000.0,
        "Pretax Income": 23667000.0,
        "Other Income Expense": 836000.0,
        "Other Non Operating Income Expenses": 921000.0,
        "Special Income Charges": -85000.0,
        "Gain On Sale Of Ppe": -85000.0,
        "Impairment Of Capital Assets": 0.0,
        "Net Non Operating Interest Income Expense": -39435000.0,
        "Interest Expense Non Operating": 39435000.0,
        "Operating Income": 62266000.0,
        "Operating Expense": 51970000.0,
        "Depreciation Amortization Depletion Income Statement": 5241000.0,
        "Depreciation And Amortization In Income Statement": 5241000.0,
        "Amortization": 5241000.0,
        "Amortization Of Intangibles Income Statement": 5241000.0,
        "Selling General And Administration": 46729000.0,
        "Gross Profit": 114236000.0,
        "Cost Of Revenue": 397578000.0,
        "Total Revenue": 511814000.0,
        "Operating Revenue": 511814000.0
    },
    "2022-12-31": {
        "Tax Effect Of Unusual Items": NaN,
        "Tax Rate For Calcs": NaN,
        "Normalized EBITDA": NaN,
        "Total Unusual Items": NaN,
        "Total Unusual Items Excluding Goodwill": NaN,
        "Net Income From Continuing Operation Net Minority Interest": NaN,
        "Reconciled Depreciation": NaN,
        "Reconciled Cost Of Revenue": NaN,
        "EBITDA": NaN,
        "EBIT": NaN,
        "Net Interest Income": NaN,
        "Interest Expense": NaN,
        "Normalized Income": NaN,
        "Net Income From Continuing And Discontinued Operation": NaN,
        "Total Expenses": NaN,
        "Total Operating Income As Reported": NaN,
        "Diluted Average Shares": NaN,
        "Basic Average Shares": NaN,
        "Diluted EPS": NaN,
        "Basic EPS": NaN,
        "Diluted NI Availto Com Stockholders": NaN,
        "Net Income Common Stockholders": NaN,
        "Net Income": NaN,
        "Net Income Including Noncontrolling Interests": NaN,
        "Net Income Continuous Operations": NaN,
        "Tax Provision": NaN,
        "Pretax Income": NaN,
        "Other Income Expense": NaN,
        "Other Non Operating Income Expenses": NaN,
        "Special Income Charges": NaN,
        "Gain On Sale Of Ppe": NaN,
        "Impairment Of Capital Assets": -103625000.0,
        "Net Non Operating Interest Income Expense": NaN,
        "Interest Expense Non Operating": NaN,
        "Operating Income": NaN,
        "Operating Expense": NaN,
        "Depreciation Amortization Depletion Income Statement": NaN,
        "Depreciation And Amortization In Income Statement": NaN,
        "Amortization": NaN,
        "Amortization Of Intangibles Income Statement": NaN,
        "Selling General And Administration": NaN,
        "Gross Profit": NaN,
        "Cost Of Revenue": NaN,
        "Total Revenue": NaN,
        "Operating Revenue": NaN
    },
    "2022-09-30": {
        "Tax Effect Of Unusual Items": -27253375.0,
        "Tax Rate For Calcs": 0.263,
        "Normalized EBITDA": 79793000.0,
        "Total Unusual Items": -103625000.0,
        "Total Unusual Items Excluding Goodwill": -103625000.0,
        "Net Income From Continuing Operation Net Minority Interest": -59583000.0,
        "Reconciled Depreciation": 25132000.0,
        "Reconciled Cost Of Revenue": 402930000.0,
        "EBITDA": -23832000.0,
        "EBIT": -48964000.0,
        "Net Interest Income": -31874000.0,
        "Interest Expense": 31874000.0,
        "Normalized Income": 16788625.0,
        "Net Income From Continuing And Discontinued Operation": -59583000.0,
        "Total Expenses": 475581000.0,
        "Total Operating Income As Reported": -50810000.0,
        "Diluted Average Shares": 72018000.0,
        "Basic Average Shares": 71670000.0,
        "Diluted EPS": -0.83,
        "Basic EPS": -0.83,
        "Diluted NI Availto Com Stockholders": -59583000.0,
        "Net Income Common Stockholders": -59583000.0,
        "Net Income": -59583000.0,
        "Net Income Including Noncontrolling Interests": -59583000.0,
        "Net Income Continuous Operations": -59583000.0,
        "Tax Provision": -21255000.0,
        "Pretax Income": -80838000.0,
        "Other Income Expense": -101779000.0,
        "Other Non Operating Income Expenses": 1846000.0,
        "Special Income Charges": -103625000.0,
        "Gain On Sale Of Ppe": 0.0,
        "Write Off": NaN,
        "Impairment Of Capital Assets": 103625000.0,
        "Net Non Operating Interest Income Expense": -31874000.0,
        "Interest Expense Non Operating": 31874000.0,
        "Operating Income": 52815000.0,
        "Operating Expense": 52946000.0,
        "Depreciation Amortization Depletion Income Statement": 5427000.0,
        "Depreciation And Amortization In Income Statement": 5427000.0,
        "Amortization": 5427000.0,
        "Amortization Of Intangibles Income Statement": 5427000.0,
        "Selling General And Administration": 47519000.0,
        "Gross Profit": 105761000.0,
        "Cost Of Revenue": 422635000.0,
        "Total Revenue": 528396000.0,
        "Operating Revenue": 528396000.0
    },
    "2022-06-30": {
        "Tax Effect Of Unusual Items": 0.0,
        "Tax Rate For Calcs": 0.4,
        "Normalized EBITDA": 53576000.0,
        "Total Unusual Items": 0.0,
        "Total Unusual Items Excluding Goodwill": 0.0,
        "Net Income From Continuing Operation Net Minority Interest": 256000.0,
        "Reconciled Depreciation": 24787000.0,
        "Reconciled Cost Of Revenue": 383040000.0,
        "EBITDA": 53576000.0,
        "EBIT": 28789000.0,
        "Net Interest Income": -29941000.0,
        "Interest Expense": 29941000.0,
        "Normalized Income": 256000.0,
        "Net Income From Continuing And Discontinued Operation": 256000.0,
        "Total Expenses": 452024000.0,
        "Total Operating Income As Reported": 26941000.0,
        "Diluted Average Shares": 70286000.0,
        "Basic Average Shares": 69904000.0,
        "Diluted EPS": 0.003642,
        "Basic EPS": 0.003662,
        "Diluted NI Availto Com Stockholders": 256000.0,
        "Net Income Common Stockholders": 256000.0,
        "Net Income": 256000.0,
        "Net Income Including Noncontrolling Interests": 256000.0,
        "Net Income Continuous Operations": 256000.0,
        "Tax Provision": -1408000.0,
        "Pretax Income": -1152000.0,
        "Other Income Expense": 1848000.0,
        "Other Non Operating Income Expenses": 1848000.0,
        "Special Income Charges": 0.0,
        "Gain On Sale Of Ppe": 0.0,
        "Write Off": NaN,
        "Impairment Of Capital Assets": NaN,
        "Net Non Operating Interest Income Expense": -29941000.0,
        "Interest Expense Non Operating": 29941000.0,
        "Operating Income": 26941000.0,
        "Operating Expense": 49556000.0,
        "Depreciation Amortization Depletion Income Statement": 5359000.0,
        "Depreciation And Amortization In Income Statement": 5359000.0,
        "Amortization": 5359000.0,
        "Amortization Of Intangibles Income Statement": 5359000.0,
        "Selling General And Administration": 44197000.0,
        "Gross Profit": 76497000.0,
        "Cost Of Revenue": 402468000.0,
        "Total Revenue": 478965000.0,
        "Operating Revenue": 478965000.0
    },
    "2023-06-30": {
        "Tax Effect Of Unusual Items": 0.0,
        "Tax Rate For Calcs": 0.262801,
        "Normalized EBITDA": 71870000.0,
        "Total Unusual Items": 0.0,
        "Total Unusual Items Excluding Goodwill": 0.0,
        "Net Income From Continuing Operation Net Minority Interest": 10553000.0,
        "Reconciled Depreciation": 21741000.0,
        "Reconciled Cost Of Revenue": 350831000.0,
        "EBITDA": 71870000.0,
        "EBIT": 50129000.0,
        "Net Interest Income": -35814000.0,
        "Interest Expense": 35814000.0,
        "Normalized Income": 10553000.0,
        "Net Income From Continuing And Discontinued Operation": 10553000.0,
        "Total Expenses": 420444000.0,
        "Total Operating Income As Reported": 49193000.0,
        "Diluted Average Shares": 72380000.0,
        "Basic Average Shares": 72237000.0,
        "Diluted EPS": 0.15,
        "Basic EPS": 0.15,
        "Diluted NI Availto Com Stockholders": 10553000.0,
        "Net Income Common Stockholders": 10553000.0,
        "Net Income": 10553000.0,
        "Net Income Including Noncontrolling Interests": 10553000.0,
        "Net Income Continuous Operations": 10553000.0,
        "Tax Provision": 3762000.0,
        "Pretax Income": 14315000.0,
        "Other Income Expense": 936000.0,
        "Other Non Operating Income Expenses": 936000.0,
        "Special Income Charges": 0.0,
        "Gain On Sale Of Ppe": 0.0,
        "Impairment Of Capital Assets": 0.0,
        "Net Non Operating Interest Income Expense": -35814000.0,
        "Interest Expense Non Operating": 35814000.0,
        "Operating Income": 49193000.0,
        "Operating Expense": 53083000.0,
        "Depreciation Amortization Depletion Income Statement": 5211000.0,
        "Depreciation And Amortization In Income Statement": 5211000.0,
        "Amortization": 5211000.0,
        "Amortization Of Intangibles Income Statement": 5211000.0,
        "Selling General And Administration": 47872000.0,
        "Gross Profit": 102276000.0,
        "Cost Of Revenue": 367361000.0,
        "Total Revenue": 469637000.0,
        "Operating Revenue": 469637000.0
    },
    "2022-03-31": {
        "Diluted EPS": 0.34,
        "Total Revenue": 532,
        "Gross Profit": 101,
        "Operating Income": 56,
        "EBIT": 81,
        "Net Income": 24
    },
    "2021-12-31": {
        "Diluted EPS": -0.09,
        "Total Revenue": 572,
        "Gross Profit": 102,
        "Operating Income": 21,
        "EBIT": 71,
        "Net Income": -5
    },
    "2021-09-30": {
        "Diluted EPS": 0.32,
        "Total Revenue": 515,
        "Gross Profit": 106,
        "Operating Income": 54,
        "EBIT": 79,
        "Net Income": 21
    },
    "2021-06-30": {
        "Diluted EPS": 0.38,
        "Total Revenue": 464,
        "Gross Profit": 112,
        "Operating Income": 59,
        "EBIT": 84,
        "Net Income": 25
    },
    "2021-03-31": {
        "Diluted EPS": 0.41,
        "Total Revenue": 505,
        "Gross Profit": 118,
        "Operating Income": 62,
        "EBIT": 87,
        "Net Income": 27
    },
    "2020-12-31": {
        "Diluted EPS": 0.18,
        "Total Revenue": 510,
        "Gross Profit": 107,
        "Operating Income": 43,
        "EBIT": 64,
        "Net Income": 12
    },
    "2020-09-30": {
        "Diluted EPS": 0.72,
        "Total Revenue": 496,
        "Gross Profit": 136,
        "Operating Income": 88,
        "EBIT": 108,
        "Net Income": 47
    },
    "2020-06-30": {
        "Diluted EPS": 0.7,
        "Total Revenue": 513,
        "Gross Profit": 134,
        "Operating Income": 85,
        "EBIT": 104,
        "Net Income": 45
    },
    "2020-03-31": {
        "Diluted EPS": 0.44,
        "Total Revenue": 449,
        "Gross Profit": 105,
        "Operating Income": 60,
        "EBIT": 80,
        "Net Income": 28
    },
    "2019-12-31": {
        "Diluted EPS": 0.15,
        "Total Revenue": 470,
        "Gross Profit": 94,
        "Operating Income": 45,
        "EBIT": 64,
        "Net Income": 10
    },
    "2019-09-30": {
        "Diluted EPS": 0.48,
        "Total Revenue": 406,
        "Gross Profit": 109,
        "Operating Income": 66,
        "EBIT": 85,
        "Net Income": 31
    },
    "2019-06-30": {
        "Diluted EPS": 0.28,
        "Total Revenue": 371,
        "Gross Profit": 92,
        "Operating Income": 47,
        "EBIT": 66,
        "Net Income": 18
    },
    "2019-03-31": {
        "Diluted EPS": 0.26,
        "Total Revenue": 413,
        "Gross Profit": 88,
        "Operating Income": 45,
        "EBIT": 63,
        "Net Income": 17
    },
    "2018-12-31": {
        "Diluted EPS": 1.69,
        "Total Revenue": 458,
        "Gross Profit": 50,
        "Operating Income": 174,
        "EBIT": 189,
        "Net Income": 112
    },
    "2018-09-30": {
        "Diluted EPS": 0.48,
        "Total Revenue": 423,
        "Gross Profit": 115,
        "Operating Income": 70,
        "EBIT": 85,
        "Net Income": 32
    },
    "2018-06-30": {
        "Diluted EPS": 0.12,
        "Total Revenue": 388,
        "Gross Profit": 81,
        "Operating Income": 39,
        "EBIT": 54,
        "Net Income": 8
    },
    "2018-03-31": {
        "Diluted EPS": 0.31,
        "Total Revenue": 432,
        "Gross Profit": 103,
        "Operating Income": 56,
        "EBIT": 71,
        "Net Income": 21
    },
    "2017-12-31": {
        "Diluted EPS": 1.95,
        "Total Revenue": 466,
        "Gross Profit": 94,
        "Operating Income": 37,
        "EBIT": 52,
        "Net Income": 130
    },
    "2017-09-30": {
        "Diluted EPS": 0.49,
        "Total Revenue": 406,
        "Gross Profit": 121,
        "Operating Income": 76,
        "EBIT": 89,
        "Net Income": 33
    },
    "2017-06-30": {
        "Diluted EPS": 0.33,
        "Total Revenue": 362,
        "Gross Profit": 105,
        "Operating Income": 57,
        "EBIT": 70,
        "Net Income": 22
    },
    "2017-03-31": {
        "Diluted EPS": 0.49,
        "Total Revenue": 412,
        "Gross Profit": 121,
        "Operating Income": 68,
        "EBIT": 82,
        "Net Income": 33
    },
    "2016-12-31": {
        "Diluted EPS": 0.19,
        "Total Revenue": 395,
        "Gross Profit": 88,
        "Operating Income": 43,
        "EBIT": 55,
        "Net Income": 14
    },
    "2016-09-30": {
        "Diluted EPS": 0.5,
        "Total Revenue": 318,
        "Gross Profit": 115,
        "Operating Income": 70,
        "EBIT": 80,
        "Net Income": 32
    },
    "2016-06-30": {
        "Diluted EPS": 0.48,
        "Total Revenue": 306,
        "Gross Profit": 110,
        "Operating Income": 67,
        "EBIT": 83,
        "Net Income": 30
    },
    "2016-03-31": {
        "Diluted EPS": 0.56,
        "Total Revenue": 353,
        "Gross Profit": 116,
        "Operating Income": 73,
        "EBIT": 83,
        "Net Income": 33
    },
    "2015-12-31": {
        "Diluted EPS": 0.19,
        "Total Revenue": 342,
        "Gross Profit": 89,
        "Operating Income": 49,
        "EBIT": 58,
        "Net Income": 11
    },
    "2015-09-30": {
        "Diluted EPS": 0.34,
        "Total Revenue": 213,
        "Gross Profit": 72,
        "Operating Income": 42,
        "EBIT": 50,
        "Net Income": 20
    },
    "2015-06-30": {
        "Diluted EPS": 0.33,
        "Total Revenue": 194,
        "Gross Profit": 62,
        "Operating Income": 40,
        "EBIT": 48,
        "Net Income": 19
    },
    "2015-03-31": {
        "Diluted EPS": 0.36,
        "Total Revenue": 217,
        "Gross Profit": 67,
        "Operating Income": 42,
        "EBIT": 49,
        "Net Income": 20
    },
    "2014-12-31": {
        "Diluted EPS": 0.21,
        "Total Revenue": 238,
        "Gross Profit": 57,
        "Operating Income": 30,
        "EBIT": 38,
        "Net Income": 11
    },
    "2014-09-30": {
        "Diluted EPS": -0.08,
        "Total Revenue": 209,
        "Gross Profit": 63,
        "Operating Income": 4,
        "EBIT": 46,
        "Net Income": -4
    },
    "2014-06-30": {
        "Diluted EPS": 0.3,
        "Total Revenue": 203,
        "Gross Profit": 63,
        "Operating Income": 43,
        "EBIT": 51,
        "Net Income": 16
    },
    "2014-03-31": {
        "Diluted EPS": 0.33,
        "Total Revenue": 198,
        "Gross Profit": 65,
        "Operating Income": 39,
        "EBIT": 47,
        "Net Income": 18
    },
    "2013-12-31": {
        "Diluted EPS": 0.35,
        "Total Revenue": 212,
        "Gross Profit": 67,
        "Operating Income": 40,
        "EBIT": 48,
        "Net Income": 19
    },
    "2013-09-30": {
        "Diluted EPS": 0.29,
        "Total Revenue": 181,
        "Gross Profit": 61,
        "Operating Income": 38,
        "EBIT": 45,
        "Net Income": 15
    },
    "2013-06-30": {
        "Diluted EPS": -0.03,
        "Total Revenue": 161,
        "Gross Profit": 56,
        "Operating Income": 36,
        "EBIT": 43,
        "Net Income": -1
    },
    "2013-03-31": {
        "Diluted EPS": 0.37,
        "Total Revenue": 171,
        "Gross Profit": 59,
        "Operating Income": 40,
        "EBIT": 47,
        "Net Income": 20
    },
    "2012-12-31": {
        "Diluted EPS": 0.17,
        "Total Revenue": 174,
        "Gross Profit": 59,
        "Operating Income": 37,
        "EBIT": 44,
        "Net Income": 10
    },
    "2012-09-30": {
        "Diluted EPS": 0.35,
        "Total Revenue": 154,
        "Gross Profit": 55,
        "Operating Income": 38,
        "EBIT": 44,
        "Net Income": 17
    },
    "2012-06-30": {
        "Diluted EPS": 0.33,
        "Total Revenue": 149,
        "Gross Profit": 52,
        "Operating Income": 35,
        "EBIT": 41,
        "Net Income": 16
    },
    "2012-03-31": {
        "Diluted EPS": 0.35,
        "Total Revenue": 157,
        "Gross Profit": 57,
        "Operating Income": 38,
        "EBIT": 44,
        "Net Income": 17
    },
    "2011-12-31": {
        "Diluted EPS": 0.26,
        "Total Revenue": 150,
        "Gross Profit": 49,
        "Operating Income": 31,
        "EBIT": 36,
        "Net Income": 12
    },
    "2011-09-30": {
        "Diluted EPS": 0.25,
        "Total Revenue": 133,
        "Gross Profit": 41,
        "Operating Income": 27,
        "EBIT": 32,
        "Net Income": 12
    },
    "2011-06-30": {
        "Diluted EPS": 0.26,
        "Total Revenue": 129,
        "Gross Profit": 42,
        "Operating Income": 26,
        "EBIT": 31,
        "Net Income": 13
    },
    "2011-03-31": {
        "Diluted EPS": 0.27,
        "Total Revenue": 131,
        "Gross Profit": 45,
        "Operating Income": 29,
        "EBIT": 34,
        "Net Income": 13
    },
    "2010-12-31": {
        "Diluted EPS": 0.29,
        "Total Revenue": 142,
        "Gross Profit": 47,
        "Operating Income": 29,
        "EBIT": 33,
        "Net Income": 14
    },
    "2010-09-30": {
        "Diluted EPS": 0.19,
        "Total Revenue": 125,
        "Gross Profit": 39,
        "Operating Income": 25,
        "EBIT": 29,
        "Net Income": 9
    },
    "2010-06-30": {
        "Diluted EPS": 0.18,
        "Total Revenue": 121,
        "Gross Profit": 39,
        "Operating Income": 24,
        "EBIT": 29,
        "Net Income": 8
    },
    "2010-03-31": {
        "Diluted EPS": 0.01,
        "Total Revenue": 125,
        "Gross Profit": 42,
        "Operating Income": 26,
        "EBIT": 31,
        "Net Income": 0
    },
    "2009-12-31": {
        "Diluted EPS": 0.0,
        "Total Revenue": 136,
        "Gross Profit": 37,
        "Operating Income": 22,
        "EBIT": 26,
        "Net Income": 1
    },
    "2009-09-30": {
        "Diluted EPS": 0.11,
        "Total Revenue": 124,
        "Gross Profit": 36,
        "Operating Income": 21,
        "EBIT": 25,
        "Net Income": 4
    },
    "2009-06-30": {
        "Diluted EPS": 0.17,
        "Total Revenue": 123,
        "Gross Profit": 37,
        "Operating Income": 22,
        "EBIT": 26,
        "Net Income": 6
    },
    "2009-03-31": {
        "Diluted EPS": 0.16,
        "Total Revenue": 119,
        "Gross Profit": 39,
        "Operating Income": 24,
        "EBIT": 28,
        "Net Income": 6
    },
    "2023-09-30": {
        "Tax Effect Of Unusual Items": NaN,
        "Tax Rate For Calcs": NaN,
        "Normalized EBITDA": NaN,
        "Total Unusual Items": NaN,
        "Total Unusual Items Excluding Goodwill": NaN,
        "Net Income From Continuing Operation Net Minority Interest": NaN,
        "Reconciled Depreciation": NaN,
        "Reconciled Cost Of Revenue": NaN,
        "EBITDA": NaN,
        "EBIT": NaN,
        "Net Interest Income": NaN,
        "Interest Expense": NaN,
        "Normalized Income": NaN,
        "Net Income From Continuing And Discontinued Operation": NaN,
        "Total Expenses": NaN,
        "Total Operating Income As Reported": NaN,
        "Diluted Average Shares": NaN,
        "Basic Average Shares": NaN,
        "Diluted EPS": NaN,
        "Basic EPS": NaN,
        "Diluted NI Availto Com Stockholders": NaN,
        "Net Income Common Stockholders": NaN,
        "Net Income": NaN,
        "Net Income Including Noncontrolling Interests": NaN,
        "Net Income Continuous Operations": NaN,
        "Tax Provision": NaN,
        "Pretax Income": NaN,
        "Other Income Expense": NaN,
        "Other Non Operating Income Expenses": NaN,
        "Special Income Charges": NaN,
        "Gain On Sale Of Ppe": NaN,
        "Write Off": 132949000.0,
        "Impairment Of Capital Assets": NaN,
        "Net Non Operating Interest Income Expense": NaN,
        "Interest Expense Non Operating": NaN,
        "Operating Income": NaN,
        "Operating Expense": NaN,
        "Depreciation Amortization Depletion Income Statement": NaN,
        "Depreciation And Amortization In Income Statement": NaN,
        "Amortization": NaN,
        "Amortization Of Intangibles Income Statement": NaN,
        "Selling General And Administration": NaN,
        "Gross Profit": NaN,
        "Cost Of Revenue": NaN,
        "Total Revenue": NaN,
        "Operating Revenue": NaN
    },
    "2023-12-31": {
        "Tax Effect Of Unusual Items": -5305440.0,
        "Tax Rate For Calcs": 0.21,
        "Normalized EBITDA": 90246000.0,
        "Total Unusual Items": -25264000.0,
        "Total Unusual Items Excluding Goodwill": -25264000.0,
        "Net Income From Continuing Operation Net Minority Interest": 2575000.0,
        "Reconciled Depreciation": 22470000.0,
        "Reconciled Cost Of Revenue": 435598000.0,
        "EBITDA": 64982000.0,
        "EBIT": 42512000.0,
        "Net Interest Income": -40225000.0,
        "Interest Expense": 40225000.0,
        "Normalized Income": 22533560.0,
        "Net Income From Continuing And Discontinued Operation": 2575000.0,
        "Total Expenses": 511314000.0,
        "Total Operating Income As Reported": 41550000.0,
        "Diluted Average Shares": 78624000.0,
        "Basic Average Shares": 78624000.0,
        "Diluted EPS": 0.03,
        "Basic EPS": 0.03,
        "Diluted NI Availto Com Stockholders": 2575000.0,
        "Net Income Common Stockholders": 2575000.0,
        "Net Income": 2575000.0,
        "Net Income Including Noncontrolling Interests": 2575000.0,
        "Net Income Continuous Operations": 2575000.0,
        "Tax Provision": -288000.0,
        "Pretax Income": 2287000.0,
        "Other Income Expense": -24302000.0,
        "Other Non Operating Income Expenses": 962000.0,
        "Special Income Charges": -25264000.0,
        "Gain On Sale Of Ppe": -137713000.0,
        "Write Off": NaN,
        "Impairment Of Capital Assets": -112449000.0,
        "Net Non Operating Interest Income Expense": -40225000.0,
        "Interest Expense Non Operating": 40225000.0,
        "Operating Income": 66814000.0,
        "Operating Expense": 58357000.0,
        "Depreciation Amortization Depletion Income Statement": 5111000.0,
        "Depreciation And Amortization In Income Statement": 5111000.0,
        "Amortization": 5111000.0,
        "Amortization Of Intangibles Income Statement": 5111000.0,
        "Selling General And Administration": 53246000.0,
        "Gross Profit": 125171000.0,
        "Cost Of Revenue": 452957000.0,
        "Total Revenue": 578128000.0,
        "Operating Revenue": 578128000.0
    },
    "2024-03-31": {
        "Tax Effect Of Unusual Items": -16350335.874362,
        "Tax Rate For Calcs": 0.231215,
        "Normalized EBITDA": 78380000.0,
        "Total Unusual Items": -70715000.0,
        "Total Unusual Items Excluding Goodwill": -70715000.0,
        "Net Income From Continuing Operation Net Minority Interest": -40239000.0,
        "Reconciled Depreciation": 22181000.0,
        "Reconciled Cost Of Revenue": 349273000.0,
        "EBITDA": 7665000.0,
        "EBIT": -14516000.0,
        "Net Interest Income": -37825000.0,
        "Interest Expense": 37825000.0,
        "Normalized Income": 14125664.125638,
        "Net Income From Continuing And Discontinued Operation": -40239000.0,
        "Total Expenses": 420066000.0,
        "Total Operating Income As Reported": -15558000.0,
        "Diluted Average Shares": 78648000.0,
        "Basic Average Shares": 78648000.0,
        "Diluted EPS": -0.51,
        "Basic EPS": -0.51,
        "Diluted NI Availto Com Stockholders": -40239000.0,
        "Net Income Common Stockholders": -40239000.0,
        "Net Income": -40239000.0,
        "Net Income Including Noncontrolling Interests": -40239000.0,
        "Net Income Continuous Operations": -40239000.0,
        "Tax Provision": -12102000.0,
        "Pretax Income": -52341000.0,
        "Other Income Expense": -69673000.0,
        "Other Non Operating Income Expenses": 1042000.0,
        "Special Income Charges": -70715000.0,
        "Gain On Sale Of Ppe": -135000.0,
        "Write Off": NaN,
        "Impairment Of Capital Assets": 70580000.0,
        "Net Non Operating Interest Income Expense": -37825000.0,
        "Interest Expense Non Operating": 37825000.0,
        "Operating Income": 55157000.0,
        "Operating Expense": 53724000.0,
        "Depreciation Amortization Depletion Income Statement": 5112000.0,
        "Depreciation And Amortization In Income Statement": 5112000.0,
        "Amortization": 5112000.0,
        "Amortization Of Intangibles Income Statement": 5112000.0,
        "Selling General And Administration": 48612000.0,
        "Gross Profit": 108881000.0,
        "Cost Of Revenue": 366342000.0,
        "Total Revenue": 475223000.0,
        "Operating Revenue": 475223000.0
    },
    "2024-06-30": {
        "Tax Effect Of Unusual Items": 0.0,
        "Tax Rate For Calcs": 0.21,
        "Normalized EBITDA": 66695000.0,
        "Total Unusual Items": 0.0,
        "Total Unusual Items Excluding Goodwill": 0.0,
        "Net Income From Continuing Operation Net Minority Interest": 3938000.0,
        "Reconciled Depreciation": 21851000.0,
        "Reconciled Cost Of Revenue": 335813000.0,
        "EBITDA": 66695000.0,
        "EBIT": 44844000.0,
        "Net Interest Income": -37808000.0,
        "Interest Expense": 37808000.0,
        "Normalized Income": 3938000.0,
        "Net Income From Continuing And Discontinued Operation": 3938000.0,
        "Total Expenses": 400792000.0,
        "Total Operating Income As Reported": 43798000.0,
        "Diluted Average Shares": 79389000.0,
        "Basic Average Shares": 79083000.0,
        "Diluted EPS": 0.05,
        "Basic EPS": 0.05,
        "Diluted NI Availto Com Stockholders": 3938000.0,
        "Net Income Common Stockholders": 3938000.0,
        "Net Income": 3938000.0,
        "Net Income Including Noncontrolling Interests": 3938000.0,
        "Net Income Continuous Operations": 3938000.0,
        "Tax Provision": 3098000.0,
        "Pretax Income": 7036000.0,
        "Other Income Expense": 1046000.0,
        "Other Non Operating Income Expenses": 1046000.0,
        "Special Income Charges": 0.0,
        "Gain On Sale Of Ppe": 0.0,
        "Write Off": NaN,
        "Impairment Of Capital Assets": 0.0,
        "Net Non Operating Interest Income Expense": -37808000.0,
        "Interest Expense Non Operating": 37808000.0,
        "Operating Income": 43798000.0,
        "Operating Expense": 48239000.0,
        "Depreciation Amortization Depletion Income Statement": 5111000.0,
        "Depreciation And Amortization In Income Statement": 5111000.0,
        "Amortization": 5111000.0,
        "Amortization Of Intangibles Income Statement": 5111000.0,
        "Selling General And Administration": 43128000.0,
        "Gross Profit": 92037000.0,
        "Cost Of Revenue": 352553000.0,
        "Total Revenue": 444590000.0,
        "Operating Revenue": 444590000.0
    },
    "2024-09-30": {
        "Tax Effect Of Unusual Items": 0.0,
        "Tax Rate For Calcs": 0.263,
        "Normalized EBITDA": 74407000.0,
        "Total Unusual Items": 0.0,
        "Total Unusual Items Excluding Goodwill": 0.0,
        "Net Income From Continuing Operation Net Minority Interest": 7464000.0,
        "Reconciled Depreciation": 22114000.0,
        "Reconciled Cost Of Revenue": 341724000.0,
        "EBITDA": 74407000.0,
        "EBIT": 52293000.0,
        "Net Interest Income": -42166000.0,
        "Interest Expense": 42166000.0,
        "Normalized Income": 7464000.0,
        "Net Income From Continuing And Discontinued Operation": 7464000.0,
        "Total Expenses": 409826000.0,
        "Total Operating Income As Reported": 51247000.0,
        "Diluted Average Shares": 79404000.0,
        "Basic Average Shares": 79164000.0,
        "Diluted EPS": 0.09,
        "Basic EPS": 0.09,
        "Diluted NI Availto Com Stockholders": 7464000.0,
        "Net Income Common Stockholders": 7464000.0,
        "Net Income": 7464000.0,
        "Net Income Including Noncontrolling Interests": 7464000.0,
        "Net Income Continuous Operations": 7464000.0,
        "Tax Provision": 2663000.0,
        "Pretax Income": 10127000.0,
        "Other Income Expense": 1046000.0,
        "Other Non Operating Income Expenses": 1046000.0,
        "Special Income Charges": 0.0,
        "Gain On Sale Of Ppe": 0.0,
        "Write Off": 0.0,
        "Impairment Of Capital Assets": 0.0,
        "Net Non Operating Interest Income Expense": -42166000.0,
        "Interest Expense Non Operating": 42166000.0,
        "Operating Income": 51247000.0,
        "Operating Expense": 51098000.0,
        "Depreciation Amortization Depletion Income Statement": 5110000.0,
        "Depreciation And Amortization In Income Statement": 5110000.0,
        "Amortization": 5110000.0,
        "Amortization Of Intangibles Income Statement": 5110000.0,
        "Selling General And Administration": 45988000.0,
        "Gross Profit": 102345000.0,
        "Cost Of Revenue": 358728000.0,
        "Total Revenue": 461073000.0,
        "Operating Revenue": 461073000.0
    },
    "2024-12-31": {
        "Tax Effect Of Unusual Items": -79007757.397632,
        "Tax Rate For Calcs": 0.246899,
        "Normalized EBITDA": 86172000.0,
        "Total Unusual Items": -320000000.0,
        "Total Unusual Items Excluding Goodwill": -320000000.0,
        "Net Income From Continuing Operation Net Minority Interest": -222414000.0,
        "Reconciled Depreciation": 21855000.0,
        "Reconciled Cost Of Revenue": 416137000.0,
        "EBITDA": -233828000.0,
        "EBIT": -255683000.0,
        "Net Interest Income": -39648000.0,
        "Interest Expense": 39648000.0,
        "Normalized Income": 18578242.602368,
        "Net Income From Continuing And Discontinued Operation": -222414000.0,
        "Total Expenses": 488332000.0,
        "Total Operating Income As Reported": -256764000.0,
        "Diluted Average Shares": 79152000.0,
        "Basic Average Shares": 79152000.0,
        "Diluted EPS": -2.81,
        "Basic EPS": -2.81,
        "Diluted NI Availto Com Stockholders": -222414000.0,
        "Net Income Common Stockholders": -222414000.0,
        "Net Income": -222414000.0,
        "Net Income Including Noncontrolling Interests": -222414000.0,
        "Net Income Continuous Operations": -222414000.0,
        "Tax Provision": -72917000.0,
        "Pretax Income": -295331000.0,
        "Other Income Expense": -318919000.0,
        "Other Non Operating Income Expenses": 1081000.0,
        "Special Income Charges": -320000000.0,
        "Gain On Sale Of Ppe": 0.0,
        "Write Off": 0.0,
        "Impairment Of Capital Assets": 320000000.0,
        "Net Non Operating Interest Income Expense": -39648000.0,
        "Interest Expense Non Operating": 39648000.0,
        "Operating Income": 63236000.0,
        "Operating Expense": 55451000.0,
        "Depreciation Amortization Depletion Income Statement": 5111000.0,
        "Depreciation And Amortization In Income Statement": 5111000.0,
        "Amortization": 5111000.0,
        "Amortization Of Intangibles Income Statement": 5111000.0,
        "Selling General And Administration": 50340000.0,
        "Gross Profit": 118687000.0,
        "Cost Of Revenue": 432881000.0,
        "Total Revenue": 551568000.0,
        "Operating Revenue": 551568000.0
    },
    "2025-03-31": {
        "Tax Effect Of Unusual Items": 0.0,
        "Tax Rate For Calcs": 0.21,
        "Normalized EBITDA": 58780000.0,
        "Total Unusual Items": 0.0,
        "Total Unusual Items Excluding Goodwill": 0.0,
        "Net Income From Continuing Operation Net Minority Interest": 835000.0,
        "Reconciled Depreciation": 21787000.0,
        "Reconciled Cost Of Revenue": 318637000.0,
        "EBITDA": 58780000.0,
        "EBIT": 36993000.0,
        "Net Interest Income": -37758000.0,
        "Interest Expense": 37758000.0,
        "Normalized Income": 835000.0,
        "Net Income From Continuing And Discontinued Operation": 835000.0,
        "Total Expenses": 389556000.0,
        "Total Operating Income As Reported": 35846000.0,
        "Diluted Average Shares": 79670000.0,
        "Basic Average Shares": 79169000.0,
        "Diluted EPS": 0.01,
        "Basic EPS": 0.01,
        "Diluted NI Availto Com Stockholders": 835000.0,
        "Net Income Common Stockholders": 835000.0,
        "Net Income": 835000.0,
        "Net Income Including Noncontrolling Interests": 835000.0,
        "Net Income Continuous Operations": 835000.0,
        "Tax Provision": -1600000.0,
        "Pretax Income": -765000.0,
        "Other Income Expense": 1147000.0,
        "Other Non Operating Income Expenses": 1147000.0,
        "Special Income Charges": 0.0,
        "Gain On Sale Of Ppe": 0.0,
        "Write Off": NaN,
        "Impairment Of Capital Assets": 0.0,
        "Net Non Operating Interest Income Expense": -37758000.0,
        "Interest Expense Non Operating": 37758000.0,
        "Operating Income": 35846000.0,
        "Operating Expense": 54241000.0,
        "Depreciation Amortization Depletion Income Statement": 5109000.0,
        "Depreciation And Amortization In Income Statement": 5109000.0,
        "Amortization": 5109000.0,
        "Amortization Of Intangibles Income Statement": 5109000.0,
        "Selling General And Administration": 49132000.0,
        "Gross Profit": 90087000.0,
        "Cost Of Revenue": 335315000.0,
        "Total Revenue": 425402000.0,
        "Operating Revenue": 425402000.0
    },
    "2025-06-30": {
        "Tax Effect Of Unusual Items": -2799250.039841,
        "Tax Rate For Calcs": 0.221355,
        "Normalized EBITDA": 57580000.0,
        "Total Unusual Items": -12646000.0,
        "Total Unusual Items Excluding Goodwill": -12646000.0,
        "Net Income From Continuing Operation Net Minority Interest": -9772000.0,
        "Reconciled Depreciation": 21704000.0,
        "Reconciled Cost Of Revenue": 320848000.0,
        "EBITDA": 44934000.0,
        "EBIT": 23230000.0,
        "Net Interest Income": -35780000.0,
        "Interest Expense": 35780000.0,
        "Normalized Income": 74749.960159,
        "Net Income From Continuing And Discontinued Operation": -9772000.0,
        "Total Expenses": 389750000.0,
        "Total Operating Income As Reported": 22029000.0,
        "Diluted Average Shares": 79858000.0,
        "Basic Average Shares": 79858000.0,
        "Diluted EPS": -0.12,
        "Basic EPS": -0.12,
        "Diluted NI Availto Com Stockholders": -9772000.0,
        "Net Income Common Stockholders": -9772000.0,
        "Net Income": -9772000.0,
        "Net Income Including Noncontrolling Interests": -9772000.0,
        "Net Income Continuous Operations": -9772000.0,
        "Tax Provision": -2778000.0,
        "Pretax Income": -12550000.0,
        "Other Income Expense": -11445000.0,
        "Other Non Operating Income Expenses": 1201000.0,
        "Special Income Charges": -12646000.0,
        "Gain On Sale Of Ppe": -12646000.0,
        "Write Off": NaN,
        "Impairment Of Capital Assets": 0.0,
        "Net Non Operating Interest Income Expense": -35780000.0,
        "Interest Expense Non Operating": 35780000.0,
        "Operating Income": 34675000.0,
        "Operating Expense": 52307000.0,
        "Depreciation Amortization Depletion Income Statement": 5109000.0,
        "Depreciation And Amortization In Income Statement": 5109000.0,
        "Amortization": 5109000.0,
        "Amortization Of Intangibles Income Statement": 5109000.0,
        "Selling General And Administration": 47198000.0,
        "Gross Profit": 86982000.0,
        "Cost Of Revenue": 337443000.0,
        "Total Revenue": 424425000.0,
        "Operating Revenue": 424425000.0
    },
    "2025-09-30": {
        "Tax Effect Of Unusual Items": -9050931.945109,
        "Tax Rate For Calcs": 0.236397,
        "Normalized EBITDA": 72153000.0,
        "Total Unusual Items": -38287000.0,
        "Total Unusual Items Excluding Goodwill": -38287000.0,
        "Net Income From Continuing Operation Net Minority Interest": -19142000.0,
        "Reconciled Depreciation": 21637000.0,
        "Reconciled Cost Of Revenue": 323737000.0,
        "EBITDA": 33866000.0,
        "EBIT": 12229000.0,
        "Net Interest Income": -37297000.0,
        "Interest Expense": 37297000.0,
        "Normalized Income": 10094068.054891,
        "Net Income From Continuing And Discontinued Operation": -19142000.0,
        "Total Expenses": 389989000.0,
        "Total Operating Income As Reported": 11028000.0,
        "Diluted Average Shares": 79994000.0,
        "Basic Average Shares": 79994000.0,
        "Diluted EPS": -0.24,
        "Basic EPS": -0.24,
        "Diluted NI Availto Com Stockholders": -19142000.0,
        "Net Income Common Stockholders": -19142000.0,
        "Net Income": -19142000.0,
        "Net Income Including Noncontrolling Interests": -19142000.0,
        "Net Income Continuous Operations": -19142000.0,
        "Tax Provision": -5926000.0,
        "Pretax Income": -25068000.0,
        "Other Income Expense": -37086000.0,
        "Other Non Operating Income Expenses": 1201000.0,
        "Special Income Charges": -38287000.0,
        "Gain On Sale Of Ppe": 15513000.0,
        "Write Off": 27800000.0,
        "Impairment Of Capital Assets": 26000000.0,
        "Net Non Operating Interest Income Expense": -37297000.0,
        "Interest Expense Non Operating": 37297000.0,
        "Operating Income": 49315000.0,
        "Operating Expense": 49698000.0,
        "Depreciation Amortization Depletion Income Statement": 5083000.0,
        "Depreciation And Amortization In Income Statement": 5083000.0,
        "Amortization": 5083000.0,
        "Amortization Of Intangibles Income Statement": 5083000.0,
        "Selling General And Administration": 44615000.0,
        "Gross Profit": 99013000.0,
        "Cost Of Revenue": 340291000.0,
        "Total Revenue": 439304000.0,
        "Operating Revenue": 439304000.0
    }
}