{
    "2023-03-31": {
        "Tax Effect Of Unusual Items": NaN,
        "Tax Rate For Calcs": NaN,
        "Normalized EBITDA": NaN,
        "Total Unusual Items": NaN,
        "Total Unusual Items Excluding Goodwill": NaN,
        "Net Income From Continuing Operation Net Minority Interest": NaN,
        "Reconciled Depreciation": NaN,
        "Reconciled Cost Of Revenue": NaN,
        "EBITDA": NaN,
        "EBIT": NaN,
        "Net Interest Income": NaN,
        "Interest Expense": NaN,
        "Normalized Income": NaN,
        "Net Income From Continuing And Discontinued Operation": NaN,
        "Total Expenses": NaN,
        "Rent Expense Supplemental": NaN,
        "Total Operating Income As Reported": NaN,
        "Diluted Average Shares": NaN,
        "Basic Average Shares": NaN,
        "Diluted EPS": NaN,
        "Basic EPS": NaN,
        "Diluted NI Availto Com Stockholders": NaN,
        "Net Income Common Stockholders": NaN,
        "Net Income": NaN,
        "Net Income Including Noncontrolling Interests": NaN,
        "Net Income Discontinuous Operations": 0.0,
        "Net Income Continuous Operations": NaN,
        "Tax Provision": NaN,
        "Pretax Income": NaN,
        "Other Income Expense": -22624000.0,
        "Special Income Charges": NaN,
        "Write Off": NaN,
        "Impairment Of Capital Assets": NaN,
        "Net Non Operating Interest Income Expense": NaN,
        "Interest Expense Non Operating": NaN,
        "Operating Income": NaN,
        "Operating Expense": NaN,
        "Provision For Doubtful Accounts": NaN,
        "Depreciation Amortization Depletion Income Statement": NaN,
        "Depreciation And Amortization In Income Statement": NaN,
        "Selling General And Administration": NaN,
        "Selling And Marketing Expense": NaN,
        "General And Administrative Expense": NaN,
        "Other Gand A": NaN,
        "Insurance And Claims": NaN,
        "Rent And Landing Fees": NaN,
        "Salaries And Wages": NaN,
        "Gross Profit": NaN,
        "Cost Of Revenue": NaN,
        "Total Revenue": NaN,
        "Operating Revenue": NaN
    },
    "2022-12-31": {
        "Tax Effect Of Unusual Items": NaN,
        "Tax Rate For Calcs": NaN,
        "Normalized EBITDA": NaN,
        "Total Unusual Items": NaN,
        "Total Unusual Items Excluding Goodwill": NaN,
        "Net Income From Continuing Operation Net Minority Interest": NaN,
        "Reconciled Depreciation": NaN,
        "Reconciled Cost Of Revenue": NaN,
        "EBITDA": NaN,
        "EBIT": NaN,
        "Net Interest Income": NaN,
        "Interest Expense": NaN,
        "Normalized Income": NaN,
        "Net Income From Continuing And Discontinued Operation": NaN,
        "Total Expenses": NaN,
        "Rent Expense Supplemental": NaN,
        "Total Operating Income As Reported": NaN,
        "Diluted Average Shares": NaN,
        "Basic Average Shares": NaN,
        "Diluted EPS": NaN,
        "Basic EPS": NaN,
        "Diluted NI Availto Com Stockholders": NaN,
        "Net Income Common Stockholders": NaN,
        "Net Income": NaN,
        "Net Income Including Noncontrolling Interests": NaN,
        "Net Income Discontinuous Operations": 314892.0,
        "Net Income Continuous Operations": NaN,
        "Tax Provision": NaN,
        "Pretax Income": NaN,
        "Other Income Expense": NaN,
        "Special Income Charges": NaN,
        "Write Off": NaN,
        "Impairment Of Capital Assets": NaN,
        "Restructuring And Mergern Acquisition": 0.0,
        "Net Non Operating Interest Income Expense": NaN,
        "Interest Expense Non Operating": NaN,
        "Operating Income": NaN,
        "Operating Expense": NaN,
        "Provision For Doubtful Accounts": NaN,
        "Depreciation Amortization Depletion Income Statement": NaN,
        "Depreciation And Amortization In Income Statement": NaN,
        "Selling General And Administration": NaN,
        "Selling And Marketing Expense": NaN,
        "General And Administrative Expense": NaN,
        "Other Gand A": NaN,
        "Insurance And Claims": NaN,
        "Rent And Landing Fees": NaN,
        "Salaries And Wages": NaN,
        "Gross Profit": NaN,
        "Cost Of Revenue": NaN,
        "Total Revenue": NaN,
        "Operating Revenue": NaN
    },
    "2022-09-30": {
        "Tax Effect Of Unusual Items": NaN,
        "Tax Rate For Calcs": NaN,
        "Normalized EBITDA": NaN,
        "Total Unusual Items": NaN,
        "Total Unusual Items Excluding Goodwill": NaN,
        "Net Income From Continuing Operation Net Minority Interest": NaN,
        "Reconciled Depreciation": NaN,
        "Reconciled Cost Of Revenue": NaN,
        "EBITDA": NaN,
        "EBIT": NaN,
        "Net Interest Income": NaN,
        "Interest Expense": NaN,
        "Normalized Income": NaN,
        "Net Income From Continuing And Discontinued Operation": NaN,
        "Total Expenses": NaN,
        "Rent Expense Supplemental": 667000.0,
        "Total Operating Income As Reported": NaN,
        "Diluted Average Shares": NaN,
        "Basic Average Shares": NaN,
        "Diluted EPS": NaN,
        "Basic EPS": NaN,
        "Diluted NI Availto Com Stockholders": NaN,
        "Net Income Common Stockholders": NaN,
        "Net Income": NaN,
        "Net Income Including Noncontrolling Interests": NaN,
        "Net Income Discontinuous Operations": NaN,
        "Net Income Continuous Operations": NaN,
        "Tax Provision": NaN,
        "Pretax Income": NaN,
        "Other Income Expense": -83000.0,
        "Special Income Charges": NaN,
        "Write Off": 83000.0,
        "Impairment Of Capital Assets": NaN,
        "Restructuring And Mergern Acquisition": 0.0,
        "Net Non Operating Interest Income Expense": NaN,
        "Interest Expense Non Operating": NaN,
        "Operating Income": NaN,
        "Operating Expense": NaN,
        "Depreciation Amortization Depletion Income Statement": NaN,
        "Depreciation And Amortization In Income Statement": NaN,
        "Selling General And Administration": NaN,
        "Selling And Marketing Expense": 485000.0,
        "General And Administrative Expense": 19818000.0,
        "Other Gand A": 2702000.0,
        "Insurance And Claims": 244000.0,
        "Rent And Landing Fees": 667000.0,
        "Salaries And Wages": 16205000.0,
        "Gross Profit": NaN,
        "Cost Of Revenue": NaN,
        "Total Revenue": NaN,
        "Operating Revenue": NaN
    },
    "2022-06-30": {
        "Tax Effect Of Unusual Items": 0.0,
        "Tax Rate For Calcs": 0.237,
        "Normalized EBITDA": 5161145.0,
        "Total Unusual Items": 0.0,
        "Total Unusual Items Excluding Goodwill": 0.0,
        "Net Income From Continuing Operation Net Minority Interest": 3183642.0,
        "Reconciled Depreciation": 921834.0,
        "Reconciled Cost Of Revenue": 49029740.0,
        "EBITDA": 5161145.0,
        "EBIT": 4239311.0,
        "Net Interest Income": -69589.0,
        "Interest Expense": 69589.0,
        "Normalized Income": 3183642.0,
        "Net Income From Continuing And Discontinued Operation": 3176414.0,
        "Total Expenses": 69849855.0,
        "Total Operating Income As Reported": 4239311.0,
        "Diluted Average Shares": 10514000.0,
        "Basic Average Shares": 10472000.0,
        "Diluted EPS": 0.3,
        "Basic EPS": 0.3,
        "Diluted NI Availto Com Stockholders": 3176414.0,
        "Net Income Common Stockholders": 3176414.0,
        "Net Income": 3176414.0,
        "Net Income Including Noncontrolling Interests": 3176414.0,
        "Net Income Discontinuous Operations": -7228.0,
        "Net Income Continuous Operations": 3183642.0,
        "Tax Provision": 986080.0,
        "Pretax Income": 4169722.0,
        "Other Income Expense": NaN,
        "Special Income Charges": 0.0,
        "Impairment Of Capital Assets": NaN,
        "Restructuring And Mergern Acquisition": 0.0,
        "Net Non Operating Interest Income Expense": -69589.0,
        "Interest Expense Non Operating": 69589.0,
        "Operating Income": 4239311.0,
        "Operating Expense": 20820115.0,
        "Depreciation Amortization Depletion Income Statement": 921834.0,
        "Depreciation And Amortization In Income Statement": 921834.0,
        "Selling General And Administration": 19898281.0,
        "Gross Profit": 25059426.0,
        "Cost Of Revenue": 49029740.0,
        "Total Revenue": 74089166.0,
        "Operating Revenue": 74089166.0
    },
    "2022-03-31": {
        "Diluted EPS": 1.51,
        "Total Revenue": 69,
        "Gross Profit": 23,
        "Operating Income": 3,
        "EBIT": 4,
        "Net Income": 16
    },
    "2021-12-31": {
        "Diluted EPS": 0.5,
        "Total Revenue": 68,
        "Gross Profit": 23,
        "Operating Income": 6,
        "EBIT": 7,
        "Net Income": 5
    },
    "2021-09-30": {
        "Diluted EPS": 0.45,
        "Total Revenue": 64,
        "Gross Profit": 22,
        "Operating Income": 5,
        "EBIT": 6,
        "Net Income": 5
    },
    "2021-06-30": {
        "Diluted EPS": 0.33,
        "Total Revenue": 57,
        "Gross Profit": 19,
        "Operating Income": 3,
        "EBIT": 4,
        "Net Income": 3
    },
    "2021-03-31": {
        "Diluted EPS": 0.07,
        "Total Revenue": 50,
        "Gross Profit": 16,
        "Operating Income": 0,
        "EBIT": 1,
        "Net Income": 1
    },
    "2020-12-31": {
        "Diluted EPS": 0.22,
        "Total Revenue": -1,
        "Gross Profit": 9,
        "Operating Income": -1,
        "EBIT": -1,
        "Net Income": 2
    },
    "2020-09-30": {
        "Diluted EPS": 0.25,
        "Total Revenue": 72,
        "Gross Profit": 20,
        "Operating Income": 4,
        "EBIT": 5,
        "Net Income": 3
    },
    "2020-06-30": {
        "Diluted EPS": -0.47,
        "Total Revenue": 63,
        "Gross Profit": 17,
        "Operating Income": -6,
        "EBIT": -5,
        "Net Income": -5
    },
    "2020-03-31": {
        "Diluted EPS": 0.14,
        "Total Revenue": 74,
        "Gross Profit": 20,
        "Operating Income": 3,
        "EBIT": 4,
        "Net Income": 1
    },
    "2019-12-31": {
        "Diluted EPS": 0.26,
        "Total Revenue": -2,
        "Gross Profit": 8,
        "Operating Income": -1,
        "EBIT": 1,
        "Net Income": 3
    },
    "2019-09-30": {
        "Diluted EPS": 0.41,
        "Total Revenue": 79,
        "Gross Profit": 22,
        "Operating Income": 6,
        "EBIT": 8,
        "Net Income": 4
    },
    "2019-06-30": {
        "Diluted EPS": 0.37,
        "Total Revenue": 74,
        "Gross Profit": 21,
        "Operating Income": 5,
        "EBIT": 7,
        "Net Income": 4
    },
    "2019-03-31": {
        "Diluted EPS": 0.24,
        "Total Revenue": 69,
        "Gross Profit": 18,
        "Operating Income": 4,
        "EBIT": 5,
        "Net Income": 2
    },
    "2018-12-31": {
        "Diluted EPS": 0.49,
        "Total Revenue": 72,
        "Gross Profit": 19,
        "Operating Income": 7,
        "EBIT": 8,
        "Net Income": 5
    },
    "2018-09-30": {
        "Diluted EPS": 0.49,
        "Total Revenue": 77,
        "Gross Profit": 21,
        "Operating Income": 7,
        "EBIT": 8,
        "Net Income": 5
    },
    "2018-06-30": {
        "Diluted EPS": 0.54,
        "Total Revenue": 71,
        "Gross Profit": 19,
        "Operating Income": 7,
        "EBIT": 8,
        "Net Income": 5
    },
    "2018-03-31": {
        "Diluted EPS": 0.27,
        "Total Revenue": 67,
        "Gross Profit": 17,
        "Operating Income": 4,
        "EBIT": 5,
        "Net Income": 2
    },
    "2017-12-31": {
        "Diluted EPS": -0.1,
        "Total Revenue": 76,
        "Gross Profit": 19,
        "Operating Income": 5,
        "EBIT": 7,
        "Net Income": -1
    },
    "2017-09-30": {
        "Diluted EPS": 0.35,
        "Total Revenue": 71,
        "Gross Profit": 18,
        "Operating Income": 6,
        "EBIT": 7,
        "Net Income": 3
    },
    "2017-06-30": {
        "Diluted EPS": 0.25,
        "Total Revenue": 69,
        "Gross Profit": 17,
        "Operating Income": 5,
        "EBIT": 7,
        "Net Income": 2
    },
    "2017-03-31": {
        "Diluted EPS": 0.15,
        "Total Revenue": 57,
        "Gross Profit": 14,
        "Operating Income": 3,
        "EBIT": 4,
        "Net Income": 1
    },
    "2016-12-31": {
        "Diluted EPS": 0.28,
        "Total Revenue": 64,
        "Gross Profit": 15,
        "Operating Income": 4,
        "EBIT": 6,
        "Net Income": 2
    },
    "2016-09-30": {
        "Diluted EPS": 0.26,
        "Total Revenue": 67,
        "Gross Profit": 16,
        "Operating Income": 4,
        "EBIT": 6,
        "Net Income": 2
    },
    "2016-06-30": {
        "Diluted EPS": 0.17,
        "Total Revenue": 63,
        "Gross Profit": 15,
        "Operating Income": 4,
        "EBIT": 6,
        "Net Income": 1
    },
    "2016-03-31": {
        "Diluted EPS": 0.11,
        "Total Revenue": 60,
        "Gross Profit": 13,
        "Operating Income": 3,
        "EBIT": 4,
        "Net Income": 1
    },
    "2015-12-31": {
        "Diluted EPS": 0.22,
        "Total Revenue": 67,
        "Gross Profit": 15,
        "Operating Income": 4,
        "EBIT": 5,
        "Net Income": 2
    },
    "2015-09-30": {
        "Diluted EPS": 0.29,
        "Total Revenue": 60,
        "Gross Profit": 14,
        "Operating Income": 5,
        "EBIT": 6,
        "Net Income": 2
    },
    "2015-06-30": {
        "Diluted EPS": 0.2,
        "Total Revenue": 50,
        "Gross Profit": 11,
        "Operating Income": 3,
        "EBIT": 4,
        "Net Income": 1
    },
    "2015-03-31": {
        "Diluted EPS": 0.02,
        "Total Revenue": 41,
        "Gross Profit": 8,
        "Operating Income": 1,
        "EBIT": 2,
        "Net Income": 0
    },
    "2014-12-31": {
        "Diluted EPS": 0.09,
        "Total Revenue": 43,
        "Gross Profit": 8,
        "Operating Income": 2,
        "EBIT": 3,
        "Net Income": 0
    },
    "2014-09-30": {
        "Diluted EPS": 0.06,
        "Total Revenue": 48,
        "Gross Profit": 10,
        "Operating Income": 3,
        "EBIT": 4,
        "Net Income": 0
    },
    "2014-06-30": {
        "Diluted EPS": 0.04,
        "Total Revenue": 43,
        "Gross Profit": 8,
        "Operating Income": 2,
        "EBIT": 3,
        "Net Income": 0
    },
    "2014-03-31": {
        "Diluted EPS": -0.27,
        "Total Revenue": 39,
        "Gross Profit": 8,
        "Operating Income": 0,
        "EBIT": 1,
        "Net Income": -2
    },
    "2013-12-31": {
        "Diluted EPS": 0.0,
        "Total Revenue": 44,
        "Gross Profit": 8,
        "Operating Income": 1,
        "EBIT": 3,
        "Net Income": 7
    },
    "2013-09-30": {
        "Diluted EPS": 0.0,
        "Total Revenue": 48,
        "Gross Profit": 9,
        "Operating Income": 3,
        "EBIT": 4,
        "Net Income": 1
    },
    "2013-06-30": {
        "Diluted EPS": 0.0,
        "Total Revenue": 35,
        "Gross Profit": 7,
        "Operating Income": 1,
        "EBIT": 2,
        "Net Income": 0
    },
    "2013-03-31": {
        "Diluted EPS": 0.0,
        "Total Revenue": 25,
        "Gross Profit": 5,
        "Operating Income": 0,
        "EBIT": 1,
        "Net Income": -1
    },
    "2012-12-31": {
        "Diluted EPS": 0.0,
        "Total Revenue": NaN,
        "Gross Profit": NaN,
        "Operating Income": NaN,
        "EBIT": NaN,
        "Net Income": NaN
    },
    "2012-09-30": {
        "Diluted EPS": -0.08,
        "Total Revenue": 21,
        "Gross Profit": 4,
        "Operating Income": 0,
        "EBIT": 0,
        "Net Income": 0
    },
    "2011-12-31": {
        "Diluted EPS": 0.0,
        "Total Revenue": NaN,
        "Gross Profit": NaN,
        "Operating Income": NaN,
        "EBIT": NaN,
        "Net Income": NaN
    },
    "2023-06-30": {
        "Tax Effect Of Unusual Items": NaN,
        "Tax Rate For Calcs": NaN,
        "Normalized EBITDA": NaN,
        "Total Unusual Items": NaN,
        "Total Unusual Items Excluding Goodwill": NaN,
        "Net Income From Continuing Operation Net Minority Interest": NaN,
        "Reconciled Depreciation": NaN,
        "Reconciled Cost Of Revenue": NaN,
        "EBITDA": NaN,
        "EBIT": NaN,
        "Net Interest Income": NaN,
        "Interest Expense": NaN,
        "Normalized Income": NaN,
        "Net Income From Continuing And Discontinued Operation": NaN,
        "Total Expenses": NaN,
        "Rent Expense Supplemental": NaN,
        "Total Operating Income As Reported": NaN,
        "Diluted Average Shares": NaN,
        "Basic Average Shares": NaN,
        "Diluted EPS": NaN,
        "Basic EPS": NaN,
        "Diluted NI Availto Com Stockholders": NaN,
        "Net Income Common Stockholders": NaN,
        "Net Income": NaN,
        "Net Income Including Noncontrolling Interests": NaN,
        "Net Income Discontinuous Operations": 0.0,
        "Net Income Continuous Operations": NaN,
        "Tax Provision": NaN,
        "Pretax Income": NaN,
        "Other Income Expense": NaN,
        "Special Income Charges": NaN,
        "Write Off": NaN,
        "Impairment Of Capital Assets": 0.0,
        "Net Non Operating Interest Income Expense": NaN,
        "Interest Expense Non Operating": NaN,
        "Operating Income": NaN,
        "Operating Expense": NaN,
        "Provision For Doubtful Accounts": 242000.0,
        "Depreciation Amortization Depletion Income Statement": NaN,
        "Depreciation And Amortization In Income Statement": NaN,
        "Selling General And Administration": NaN,
        "Selling And Marketing Expense": NaN,
        "General And Administrative Expense": NaN,
        "Other Gand A": NaN,
        "Insurance And Claims": NaN,
        "Rent And Landing Fees": NaN,
        "Salaries And Wages": NaN,
        "Gross Profit": NaN,
        "Cost Of Revenue": NaN,
        "Total Revenue": NaN,
        "Operating Revenue": NaN
    },
    "2023-09-30": {
        "Tax Effect Of Unusual Items": NaN,
        "Tax Rate For Calcs": NaN,
        "Normalized EBITDA": NaN,
        "Total Unusual Items": NaN,
        "Total Unusual Items Excluding Goodwill": NaN,
        "Net Income From Continuing Operation Net Minority Interest": NaN,
        "Reconciled Depreciation": NaN,
        "Reconciled Cost Of Revenue": NaN,
        "EBITDA": NaN,
        "EBIT": NaN,
        "Net Interest Income": NaN,
        "Interest Expense": NaN,
        "Normalized Income": NaN,
        "Net Income From Continuing And Discontinued Operation": NaN,
        "Total Expenses": NaN,
        "Rent Expense Supplemental": NaN,
        "Total Operating Income As Reported": NaN,
        "Diluted Average Shares": NaN,
        "Basic Average Shares": NaN,
        "Diluted EPS": NaN,
        "Basic EPS": NaN,
        "Diluted NI Availto Com Stockholders": NaN,
        "Net Income Common Stockholders": NaN,
        "Net Income": NaN,
        "Net Income Including Noncontrolling Interests": NaN,
        "Net Income Discontinuous Operations": 0.0,
        "Net Income Continuous Operations": NaN,
        "Tax Provision": NaN,
        "Pretax Income": NaN,
        "Other Income Expense": -337000.0,
        "Special Income Charges": NaN,
        "Write Off": NaN,
        "Impairment Of Capital Assets": 0.0,
        "Net Non Operating Interest Income Expense": NaN,
        "Interest Expense Non Operating": NaN,
        "Operating Income": NaN,
        "Operating Expense": NaN,
        "Provision For Doubtful Accounts": 337000.0,
        "Depreciation Amortization Depletion Income Statement": NaN,
        "Depreciation And Amortization In Income Statement": NaN,
        "Selling General And Administration": NaN,
        "Selling And Marketing Expense": NaN,
        "General And Administrative Expense": NaN,
        "Other Gand A": NaN,
        "Insurance And Claims": NaN,
        "Rent And Landing Fees": NaN,
        "Salaries And Wages": NaN,
        "Gross Profit": NaN,
        "Cost Of Revenue": NaN,
        "Total Revenue": NaN,
        "Operating Revenue": NaN
    },
    "2023-12-31": {
        "Tax Effect Of Unusual Items": NaN,
        "Tax Rate For Calcs": NaN,
        "Normalized EBITDA": NaN,
        "Total Unusual Items": -140000.0,
        "Total Unusual Items Excluding Goodwill": -140000.0,
        "Net Income From Continuing Operation Net Minority Interest": NaN,
        "Reconciled Depreciation": NaN,
        "Reconciled Cost Of Revenue": NaN,
        "EBITDA": NaN,
        "EBIT": NaN,
        "Net Interest Income": NaN,
        "Interest Expense": NaN,
        "Normalized Income": NaN,
        "Net Income From Continuing And Discontinued Operation": NaN,
        "Total Expenses": NaN,
        "Rent Expense Supplemental": NaN,
        "Total Operating Income As Reported": NaN,
        "Diluted Average Shares": NaN,
        "Basic Average Shares": NaN,
        "Diluted EPS": NaN,
        "Basic EPS": NaN,
        "Diluted NI Availto Com Stockholders": NaN,
        "Net Income Common Stockholders": NaN,
        "Net Income": NaN,
        "Net Income Including Noncontrolling Interests": NaN,
        "Net Income Discontinuous Operations": 0.0,
        "Net Income Continuous Operations": NaN,
        "Tax Provision": NaN,
        "Pretax Income": NaN,
        "Other Income Expense": -140000.0,
        "Special Income Charges": -140000.0,
        "Write Off": 140000.0,
        "Impairment Of Capital Assets": 0.0,
        "Net Non Operating Interest Income Expense": NaN,
        "Interest Expense Non Operating": NaN,
        "Operating Income": NaN,
        "Operating Expense": NaN,
        "Provision For Doubtful Accounts": NaN,
        "Depreciation Amortization Depletion Income Statement": NaN,
        "Depreciation And Amortization In Income Statement": NaN,
        "Selling General And Administration": NaN,
        "Selling And Marketing Expense": NaN,
        "General And Administrative Expense": NaN,
        "Other Gand A": NaN,
        "Insurance And Claims": NaN,
        "Rent And Landing Fees": NaN,
        "Salaries And Wages": NaN,
        "Gross Profit": NaN,
        "Cost Of Revenue": NaN,
        "Total Revenue": NaN,
        "Operating Revenue": NaN
    },
    "2024-03-31": {
        "Tax Effect Of Unusual Items": 0.0,
        "Tax Rate For Calcs": 0.034146,
        "Normalized EBITDA": 2422000.0,
        "Total Unusual Items": -625000.0,
        "Total Unusual Items Excluding Goodwill": -625000.0,
        "Net Income From Continuing Operation Net Minority Interest": -792000.0,
        "Reconciled Depreciation": 2007000.0,
        "Reconciled Cost Of Revenue": 45327000.0,
        "EBITDA": 2422000.0,
        "EBIT": 415000.0,
        "Net Interest Income": -1235000.0,
        "Interest Expense": 1235000.0,
        "Normalized Income": -792000.0,
        "Net Income From Continuing And Discontinued Operation": -792000.0,
        "Total Expenses": 68350000.0,
        "Rent Expense Supplemental": 879000.0,
        "Total Operating Income As Reported": 415000.0,
        "Diluted Average Shares": 10831000.0,
        "Basic Average Shares": 10831000.0,
        "Diluted EPS": -0.07,
        "Basic EPS": -0.07,
        "Diluted NI Availto Com Stockholders": -792000.0,
        "Net Income Common Stockholders": -792000.0,
        "Net Income": -792000.0,
        "Net Income Including Noncontrolling Interests": -792000.0,
        "Net Income Discontinuous Operations": NaN,
        "Net Income Continuous Operations": -792000.0,
        "Tax Provision": -28000.0,
        "Pretax Income": -820000.0,
        "Other Income Expense": -625000.0,
        "Special Income Charges": -625000.0,
        "Write Off": 625000.0,
        "Impairment Of Capital Assets": 0.0,
        "Net Non Operating Interest Income Expense": -1235000.0,
        "Interest Expense Non Operating": 1235000.0,
        "Operating Income": 415000.0,
        "Operating Expense": 23023000.0,
        "Provision For Doubtful Accounts": 625000.0,
        "Depreciation Amortization Depletion Income Statement": 2007000.0,
        "Depreciation And Amortization In Income Statement": 2007000.0,
        "Selling General And Administration": 20391000.0,
        "Selling And Marketing Expense": 392000.0,
        "General And Administrative Expense": 19999000.0,
        "Other Gand A": 2755000.0,
        "Insurance And Claims": 280000.0,
        "Rent And Landing Fees": 879000.0,
        "Salaries And Wages": 16085000.0,
        "Gross Profit": 23438000.0,
        "Cost Of Revenue": 45327000.0,
        "Total Revenue": 68765000.0,
        "Operating Revenue": 68765000.0
    },
    "2024-06-30": {
        "Tax Effect Of Unusual Items": 0.0,
        "Tax Rate For Calcs": 0.223,
        "Normalized EBITDA": 2062000.0,
        "Total Unusual Items": 0.0,
        "Total Unusual Items Excluding Goodwill": 0.0,
        "Net Income From Continuing Operation Net Minority Interest": -761000.0,
        "Reconciled Depreciation": 1981000.0,
        "Reconciled Cost Of Revenue": 44507000.0,
        "EBITDA": 2062000.0,
        "EBIT": 81000.0,
        "Net Interest Income": -1061000.0,
        "Interest Expense": 1061000.0,
        "Normalized Income": -761000.0,
        "Net Income From Continuing And Discontinued Operation": -761000.0,
        "Total Expenses": 68056000.0,
        "Rent Expense Supplemental": 763000.0,
        "Total Operating Income As Reported": 81000.0,
        "Diluted Average Shares": 10880000.0,
        "Basic Average Shares": 10880000.0,
        "Diluted EPS": -0.07,
        "Basic EPS": -0.07,
        "Diluted NI Availto Com Stockholders": -761000.0,
        "Net Income Common Stockholders": -761000.0,
        "Net Income": -761000.0,
        "Net Income Including Noncontrolling Interests": -761000.0,
        "Net Income Discontinuous Operations": NaN,
        "Net Income Continuous Operations": -761000.0,
        "Tax Provision": -219000.0,
        "Pretax Income": -980000.0,
        "Other Income Expense": NaN,
        "Special Income Charges": 0.0,
        "Write Off": 0.0,
        "Impairment Of Capital Assets": 0.0,
        "Net Non Operating Interest Income Expense": -1061000.0,
        "Interest Expense Non Operating": 1061000.0,
        "Operating Income": 81000.0,
        "Operating Expense": 23549000.0,
        "Provision For Doubtful Accounts": 492000.0,
        "Depreciation Amortization Depletion Income Statement": 1981000.0,
        "Depreciation And Amortization In Income Statement": 1981000.0,
        "Selling General And Administration": 21076000.0,
        "Selling And Marketing Expense": 598000.0,
        "General And Administrative Expense": 20478000.0,
        "Other Gand A": 3146000.0,
        "Insurance And Claims": 278000.0,
        "Rent And Landing Fees": 763000.0,
        "Salaries And Wages": 16291000.0,
        "Gross Profit": 23630000.0,
        "Cost Of Revenue": 44507000.0,
        "Total Revenue": 68137000.0,
        "Operating Revenue": 68137000.0
    },
    "2024-09-30": {
        "Tax Effect Of Unusual Items": 0.0,
        "Tax Rate For Calcs": 0.21,
        "Normalized EBITDA": 2363000.0,
        "Total Unusual Items": 0.0,
        "Total Unusual Items Excluding Goodwill": 0.0,
        "Net Income From Continuing Operation Net Minority Interest": -804000.0,
        "Reconciled Depreciation": 1893000.0,
        "Reconciled Cost Of Revenue": 46857000.0,
        "EBITDA": 2363000.0,
        "EBIT": 470000.0,
        "Net Interest Income": -1222000.0,
        "Interest Expense": 1222000.0,
        "Normalized Income": -804000.0,
        "Net Income From Continuing And Discontinued Operation": -804000.0,
        "Total Expenses": 70716000.0,
        "Rent Expense Supplemental": 800000.0,
        "Total Operating Income As Reported": 470000.0,
        "Diluted Average Shares": 10919000.0,
        "Basic Average Shares": 10919000.0,
        "Diluted EPS": -0.07,
        "Basic EPS": -0.07,
        "Diluted NI Availto Com Stockholders": -804000.0,
        "Net Income Common Stockholders": -804000.0,
        "Net Income": -804000.0,
        "Net Income Including Noncontrolling Interests": -804000.0,
        "Net Income Discontinuous Operations": NaN,
        "Net Income Continuous Operations": -804000.0,
        "Tax Provision": 52000.0,
        "Pretax Income": -752000.0,
        "Other Income Expense": NaN,
        "Special Income Charges": 0.0,
        "Write Off": 0.0,
        "Impairment Of Capital Assets": NaN,
        "Net Non Operating Interest Income Expense": -1222000.0,
        "Interest Expense Non Operating": 1222000.0,
        "Operating Income": 470000.0,
        "Operating Expense": 23859000.0,
        "Provision For Doubtful Accounts": 554000.0,
        "Depreciation Amortization Depletion Income Statement": 1893000.0,
        "Depreciation And Amortization In Income Statement": 1893000.0,
        "Selling General And Administration": 21412000.0,
        "Selling And Marketing Expense": 632000.0,
        "General And Administrative Expense": 20780000.0,
        "Other Gand A": 3527000.0,
        "Insurance And Claims": 280000.0,
        "Rent And Landing Fees": 800000.0,
        "Salaries And Wages": 16173000.0,
        "Gross Profit": 24329000.0,
        "Cost Of Revenue": 46857000.0,
        "Total Revenue": 71186000.0,
        "Operating Revenue": 71186000.0
    },
    "2024-12-31": {
        "Tax Effect Of Unusual Items": -128387.208297,
        "Tax Rate For Calcs": 0.152118,
        "Normalized EBITDA": 2978000.0,
        "Total Unusual Items": -844000.0,
        "Total Unusual Items Excluding Goodwill": -844000.0,
        "Net Income From Continuing Operation Net Minority Interest": -981000.0,
        "Reconciled Depreciation": 1888000.0,
        "Reconciled Cost Of Revenue": 42944000.0,
        "EBITDA": 2134000.0,
        "EBIT": 246000.0,
        "Net Interest Income": -1403000.0,
        "Interest Expense": 1403000.0,
        "Normalized Income": -265387.208297,
        "Net Income From Continuing And Discontinued Operation": -981000.0,
        "Total Expenses": 63320000.0,
        "Rent Expense Supplemental": 758000.0,
        "Total Operating Income As Reported": 246000.0,
        "Diluted Average Shares": 10943000.0,
        "Basic Average Shares": 10943000.0,
        "Diluted EPS": -0.1,
        "Basic EPS": -0.1,
        "Diluted NI Availto Com Stockholders": -981000.0,
        "Net Income Common Stockholders": -981000.0,
        "Net Income": -981000.0,
        "Net Income Including Noncontrolling Interests": -981000.0,
        "Net Income Discontinuous Operations": NaN,
        "Net Income Continuous Operations": -981000.0,
        "Tax Provision": -176000.0,
        "Pretax Income": -1157000.0,
        "Other Income Expense": NaN,
        "Special Income Charges": -844000.0,
        "Write Off": 2066000.0,
        "Impairment Of Capital Assets": NaN,
        "Net Non Operating Interest Income Expense": -1403000.0,
        "Interest Expense Non Operating": 1403000.0,
        "Operating Income": 1090000.0,
        "Operating Expense": 20376000.0,
        "Provision For Doubtful Accounts": NaN,
        "Depreciation Amortization Depletion Income Statement": 1888000.0,
        "Depreciation And Amortization In Income Statement": 1888000.0,
        "Selling General And Administration": 20158000.0,
        "Selling And Marketing Expense": 477000.0,
        "General And Administrative Expense": 19681000.0,
        "Other Gand A": 3327000.0,
        "Insurance And Claims": 298000.0,
        "Rent And Landing Fees": 758000.0,
        "Salaries And Wages": 15298000.0,
        "Gross Profit": 21466000.0,
        "Cost Of Revenue": 42944000.0,
        "Total Revenue": 64410000.0,
        "Operating Revenue": 64410000.0
    },
    "2025-03-31": {
        "Tax Effect Of Unusual Items": 0.0,
        "Tax Rate For Calcs": 0.105328,
        "Normalized EBITDA": 2010000.0,
        "Total Unusual Items": NaN,
        "Total Unusual Items Excluding Goodwill": NaN,
        "Net Income From Continuing Operation Net Minority Interest": -722000.0,
        "Reconciled Depreciation": 1671000.0,
        "Reconciled Cost Of Revenue": 42313000.0,
        "EBITDA": 2010000.0,
        "EBIT": 339000.0,
        "Net Interest Income": -1146000.0,
        "Interest Expense": 1146000.0,
        "Normalized Income": -722000.0,
        "Net Income From Continuing And Discontinued Operation": -722000.0,
        "Total Expenses": 62895000.0,
        "Rent Expense Supplemental": 729000.0,
        "Total Operating Income As Reported": 339000.0,
        "Diluted Average Shares": 10954000.0,
        "Basic Average Shares": 10954000.0,
        "Diluted EPS": -0.07,
        "Basic EPS": -0.07,
        "Diluted NI Availto Com Stockholders": -722000.0,
        "Net Income Common Stockholders": -722000.0,
        "Net Income": -722000.0,
        "Net Income Including Noncontrolling Interests": -722000.0,
        "Net Income Discontinuous Operations": NaN,
        "Net Income Continuous Operations": -722000.0,
        "Tax Provision": -85000.0,
        "Pretax Income": -807000.0,
        "Other Income Expense": NaN,
        "Special Income Charges": NaN,
        "Write Off": NaN,
        "Impairment Of Capital Assets": NaN,
        "Net Non Operating Interest Income Expense": -1146000.0,
        "Interest Expense Non Operating": 1146000.0,
        "Operating Income": 339000.0,
        "Operating Expense": 20582000.0,
        "Provision For Doubtful Accounts": 260000.0,
        "Depreciation Amortization Depletion Income Statement": 1671000.0,
        "Depreciation And Amortization In Income Statement": 1671000.0,
        "Selling General And Administration": 18651000.0,
        "Selling And Marketing Expense": 496000.0,
        "General And Administrative Expense": 18155000.0,
        "Other Gand A": 2879000.0,
        "Insurance And Claims": 269000.0,
        "Rent And Landing Fees": 729000.0,
        "Salaries And Wages": 14278000.0,
        "Gross Profit": 20921000.0,
        "Cost Of Revenue": 42313000.0,
        "Total Revenue": 63234000.0,
        "Operating Revenue": 63234000.0
    }
}