{
    "2023-03-31": {
        "Tax Effect Of Unusual Items": 0.0,
        "Tax Rate For Calcs": 0.238897,
        "Net Income From Continuing Operation Net Minority Interest": -499000000.0,
        "EBIT": -615000000.0,
        "Net Interest Income": -38000000.0,
        "Interest Expense": 38000000.0,
        "Normalized Income": -499000000.0,
        "Net Income From Continuing And Discontinued Operation": -499000000.0,
        "Total Expenses": 1950000000.0,
        "Diluted Average Shares": 67401618.0,
        "Basic Average Shares": 67401618.0,
        "Diluted EPS": -7.789131,
        "Basic EPS": -7.789131,
        "Diluted NI Availto Com Stockholders": -525000000.0,
        "Net Income Common Stockholders": -525000000.0,
        "Preferred Stock Dividends": 26000000.0,
        "Net Income": -499000000.0,
        "Minority Interests": -2000000.0,
        "Net Income Including Noncontrolling Interests": -497000000.0,
        "Net Income Continuous Operations": -497000000.0,
        "Tax Provision": -156000000.0,
        "Pretax Income": -653000000.0,
        "Other Income Expense": 93000000.0,
        "Net Non Operating Interest Income Expense": -38000000.0,
        "Interest Expense Non Operating": 38000000.0,
        "Other Operating Expenses": 181000000.0,
        "Selling General And Administration": 167000000.0,
        "General And Administrative Expense": 167000000.0,
        "Salaries And Wages": 167000000.0,
        "Total Revenue": 1297000000.0,
        "Operating Revenue": 1297000000.0,
        "Loss Adjustment Expense": 881000000.0,
        "Net Policyholder Benefits And Claims": 881000000.0,
        "Policyholder Benefits Gross": 881000000.0
    },
    "2022-12-31": {
        "Tax Effect Of Unusual Items": 0.0,
        "Tax Rate For Calcs": 0.29003,
        "Net Income From Continuing Operation Net Minority Interest": -941000000.0,
        "EBIT": -1285000000.0,
        "Net Interest Income": -39000000.0,
        "Interest Expense": 39000000.0,
        "Normalized Income": -941000000.0,
        "Net Income From Continuing And Discontinued Operation": -941000000.0,
        "Total Expenses": 1771000000.0,
        "Diluted Average Shares": 69765118.0,
        "Basic Average Shares": 68278068.0,
        "Diluted EPS": 1.59,
        "Basic EPS": 1.611059,
        "Diluted NI Availto Com Stockholders": -967000000.0,
        "Net Income Common Stockholders": -967000000.0,
        "Preferred Stock Dividends": 26000000.0,
        "Net Income": -941000000.0,
        "Minority Interests": -1000000.0,
        "Net Income Including Noncontrolling Interests": -940000000.0,
        "Net Income Continuous Operations": -940000000.0,
        "Tax Provision": -384000000.0,
        "Pretax Income": -1324000000.0,
        "Other Income Expense": 100000000.0,
        "Net Non Operating Interest Income Expense": -39000000.0,
        "Interest Expense Non Operating": 39000000.0,
        "Other Operating Expenses": 161000000.0,
        "Selling General And Administration": 196000000.0,
        "General And Administrative Expense": 196000000.0,
        "Salaries And Wages": 196000000.0,
        "Total Revenue": 447000000.0,
        "Operating Revenue": 447000000.0
    },
    "2022-09-30": {
        "Tax Effect Of Unusual Items": 0.0,
        "Tax Rate For Calcs": 0.22235,
        "Net Income From Continuing Operation Net Minority Interest": -677000000.0,
        "EBIT": -830000000.0,
        "Net Interest Income": -38000000.0,
        "Interest Expense": 38000000.0,
        "Normalized Income": -677000000.0,
        "Net Income From Continuing And Discontinued Operation": -677000000.0,
        "Total Expenses": 2350000000.0,
        "Diluted Average Shares": 71517500.0,
        "Basic Average Shares": 71517500.0,
        "Diluted EPS": -9.82,
        "Basic EPS": -9.82,
        "Diluted NI Availto Com Stockholders": -702000000.0,
        "Net Income Common Stockholders": -702000000.0,
        "Preferred Stock Dividends": 25000000.0,
        "Net Income": -677000000.0,
        "Minority Interests": -2000000.0,
        "Net Income Including Noncontrolling Interests": -675000000.0,
        "Net Income Continuous Operations": -675000000.0,
        "Tax Provision": -193000000.0,
        "Pretax Income": -868000000.0,
        "Other Income Expense": 121000000.0,
        "Net Non Operating Interest Income Expense": -38000000.0,
        "Interest Expense Non Operating": 38000000.0,
        "Other Operating Expenses": 457000000.0,
        "Selling General And Administration": 162000000.0,
        "General And Administrative Expense": 162000000.0,
        "Salaries And Wages": 162000000.0,
        "Total Revenue": 1482000000.0,
        "Operating Revenue": 1482000000.0
    },
    "2022-06-30": {
        "Tax Effect Of Unusual Items": 0.0,
        "Tax Rate For Calcs": 0.19,
        "Net Income From Continuing Operation Net Minority Interest": 983000000.0,
        "EBIT": 1251000000.0,
        "Net Interest Income": -38000000.0,
        "Interest Expense": 38000000.0,
        "Normalized Income": 983000000.0,
        "Net Income From Continuing And Discontinued Operation": 983000000.0,
        "Total Expenses": 2463000000.0,
        "Diluted Average Shares": 74971658.0,
        "Basic Average Shares": 74570237.0,
        "Diluted EPS": 22.91,
        "Basic EPS": 23.04,
        "Diluted NI Availto Com Stockholders": 957000000.0,
        "Net Income Common Stockholders": 957000000.0,
        "Preferred Stock Dividends": 26000000.0,
        "Net Income": 983000000.0,
        "Minority Interests": 0.0,
        "Net Income Including Noncontrolling Interests": 983000000.0,
        "Net Income Continuous Operations": 983000000.0,
        "Tax Provision": 230000000.0,
        "Pretax Income": 1213000000.0,
        "Other Income Expense": 118000000.0,
        "Net Non Operating Interest Income Expense": -38000000.0,
        "Interest Expense Non Operating": 38000000.0,
        "Other Operating Expenses": 303000000.0,
        "Selling General And Administration": 148000000.0,
        "General And Administrative Expense": 148000000.0,
        "Salaries And Wages": 148000000.0,
        "Total Revenue": 3676000000.0,
        "Operating Revenue": 3676000000.0
    },
    "2022-03-31": {
        "Diluted EPS": 20.11,
        "Total Revenue": NaN,
        "Gross Profit": NaN,
        "Operating Income": NaN,
        "EBIT": NaN,
        "Net Income": NaN
    },
    "2021-12-31": {
        "Diluted EPS": 0.15,
        "Total Revenue": NaN,
        "Gross Profit": 878,
        "Operating Income": 49,
        "EBIT": 49,
        "Net Income": 42
    },
    "2021-09-30": {
        "Diluted EPS": 4.34,
        "Total Revenue": NaN,
        "Gross Profit": 987,
        "Operating Income": 490,
        "EBIT": 490,
        "Net Income": 361
    },
    "2021-06-30": {
        "Diluted EPS": 0.11,
        "Total Revenue": NaN,
        "Gross Profit": 637,
        "Operating Income": 21,
        "EBIT": 21,
        "Net Income": 10
    },
    "2021-03-31": {
        "Diluted EPS": -6.96,
        "Total Revenue": 938,
        "Gross Profit": -115,
        "Operating Income": -768,
        "EBIT": -768,
        "Net Income": -610
    },
    "2020-12-31": {
        "Diluted EPS": -5.1,
        "Total Revenue": 131,
        "Gross Profit": -783,
        "Operating Income": NaN,
        "EBIT": NaN,
        "Net Income": NaN
    },
    "2020-09-30": {
        "Diluted EPS": -32.49,
        "Total Revenue": 309,
        "Gross Profit": NaN,
        "Operating Income": NaN,
        "EBIT": NaN,
        "Net Income": NaN
    },
    "2020-06-30": {
        "Diluted EPS": -21.1,
        "Total Revenue": -922,
        "Gross Profit": NaN,
        "Operating Income": NaN,
        "EBIT": NaN,
        "Net Income": NaN
    },
    "2020-03-31": {
        "Diluted EPS": 47.11,
        "Total Revenue": NaN,
        "Gross Profit": NaN,
        "Operating Income": NaN,
        "EBIT": NaN,
        "Net Income": NaN
    },
    "2019-12-31": {
        "Diluted EPS": -9.78,
        "Total Revenue": 306,
        "Gross Profit": -696,
        "Operating Income": NaN,
        "EBIT": NaN,
        "Net Income": NaN
    },
    "2019-09-30": {
        "Diluted EPS": 6.06,
        "Total Revenue": NaN,
        "Gross Profit": NaN,
        "Operating Income": 804,
        "EBIT": 804,
        "Net Income": 676
    },
    "2019-06-30": {
        "Diluted EPS": 3.27,
        "Total Revenue": NaN,
        "Gross Profit": NaN,
        "Operating Income": 469,
        "EBIT": 469,
        "Net Income": 377
    },
    "2019-03-31": {
        "Diluted EPS": -6.31,
        "Total Revenue": 691,
        "Gross Profit": -339,
        "Operating Income": -953,
        "EBIT": -953,
        "Net Income": -737
    },
    "2018-12-31": {
        "Diluted EPS": 12.04,
        "Total Revenue": NaN,
        "Gross Profit": NaN,
        "Operating Income": NaN,
        "EBIT": NaN,
        "Net Income": NaN
    },
    "2018-09-30": {
        "Diluted EPS": -2.26,
        "Total Revenue": NaN,
        "Gross Profit": 327,
        "Operating Income": -368,
        "EBIT": -368,
        "Net Income": -271
    },
    "2018-06-30": {
        "Diluted EPS": -2.01,
        "Total Revenue": NaN,
        "Gross Profit": 620,
        "Operating Income": -317,
        "EBIT": -317,
        "Net Income": -239
    },
    "2018-03-31": {
        "Diluted EPS": -0.56,
        "Total Revenue": NaN,
        "Gross Profit": 810,
        "Operating Income": -113,
        "EBIT": -113,
        "Net Income": -67
    },
    "2017-12-31": {
        "Diluted EPS": 5.57,
        "Total Revenue": NaN,
        "Gross Profit": 703,
        "Operating Income": -222,
        "EBIT": -222,
        "Net Income": 668
    },
    "2017-09-30": {
        "Diluted EPS": -7.87,
        "Total Revenue": NaN,
        "Gross Profit": 610,
        "Operating Income": -124,
        "EBIT": -124,
        "Net Income": -943
    },
    "2017-06-30": {
        "Diluted EPS": 2.05,
        "Total Revenue": NaN,
        "Gross Profit": 956,
        "Operating Income": 321,
        "EBIT": 321,
        "Net Income": 246
    },
    "2017-03-31": {
        "Diluted EPS": -2.91,
        "Total Revenue": 965,
        "Gross Profit": -174,
        "Operating Income": -590,
        "EBIT": -590,
        "Net Income": -349
    },
    "2016-12-31": {
        "Diluted EPS": 0.0,
        "Total Revenue": NaN,
        "Gross Profit": NaN,
        "Operating Income": NaN,
        "EBIT": NaN,
        "Net Income": NaN
    },
    "2016-09-30": {
        "Diluted EPS": -1.32,
        "Total Revenue": NaN,
        "Gross Profit": 418,
        "Operating Income": -252,
        "EBIT": -252,
        "Net Income": -158
    },
    "2016-06-30": {
        "Diluted EPS": -11.88,
        "Total Revenue": -584,
        "Gross Profit": NaN,
        "Operating Income": NaN,
        "EBIT": NaN,
        "Net Income": NaN
    },
    "2015-12-31": {
        "Diluted EPS": 0.0,
        "Total Revenue": NaN,
        "Gross Profit": NaN,
        "Operating Income": NaN,
        "EBIT": NaN,
        "Net Income": NaN
    },
    "2023-06-30": {
        "Tax Effect Of Unusual Items": 0.0,
        "Tax Rate For Calcs": 0.261603,
        "Net Income From Continuing Operation Net Minority Interest": -175000000.0,
        "EBIT": -199000000.0,
        "Net Interest Income": -38000000.0,
        "Interest Expense": 38000000.0,
        "Normalized Income": -175000000.0,
        "Net Income From Continuing And Discontinued Operation": -175000000.0,
        "Total Expenses": 411000000.0,
        "Diluted Average Shares": 65956660.0,
        "Basic Average Shares": 65956660.0,
        "Diluted EPS": -3.032294,
        "Basic EPS": -3.032294,
        "Diluted NI Availto Com Stockholders": -200000000.0,
        "Net Income Common Stockholders": -200000000.0,
        "Preferred Stock Dividends": 25000000.0,
        "Net Income": -175000000.0,
        "Minority Interests": 0.0,
        "Net Income Including Noncontrolling Interests": -175000000.0,
        "Net Income Continuous Operations": -175000000.0,
        "Tax Provision": -62000000.0,
        "Pretax Income": -237000000.0,
        "Other Income Expense": 130000000.0,
        "Net Non Operating Interest Income Expense": -38000000.0,
        "Interest Expense Non Operating": 38000000.0,
        "Other Operating Expenses": 187000000.0,
        "Selling General And Administration": 185000000.0,
        "General And Administrative Expense": 185000000.0,
        "Salaries And Wages": 185000000.0,
        "Total Revenue": 174000000.0,
        "Operating Revenue": 174000000.0,
        "Loss Adjustment Expense": -611000000.0,
        "Net Policyholder Benefits And Claims": -611000000.0,
        "Policyholder Benefits Gross": -611000000.0
    },
    "2023-09-30": {
        "Tax Effect Of Unusual Items": NaN,
        "Tax Rate For Calcs": NaN,
        "Net Income From Continuing Operation Net Minority Interest": NaN,
        "EBIT": NaN,
        "Net Interest Income": NaN,
        "Interest Expense": NaN,
        "Normalized Income": NaN,
        "Net Income From Continuing And Discontinued Operation": NaN,
        "Total Expenses": NaN,
        "Diluted Average Shares": 65744351.0,
        "Basic Average Shares": 64703557.0,
        "Diluted EPS": 6.89,
        "Basic EPS": 7.001161,
        "Diluted NI Availto Com Stockholders": NaN,
        "Net Income Common Stockholders": NaN,
        "Preferred Stock Dividends": NaN,
        "Net Income": NaN,
        "Minority Interests": NaN,
        "Net Income Including Noncontrolling Interests": NaN,
        "Net Income Continuous Operations": NaN,
        "Tax Provision": NaN,
        "Pretax Income": NaN,
        "Other Income Expense": NaN,
        "Net Non Operating Interest Income Expense": NaN,
        "Interest Expense Non Operating": NaN,
        "Other Operating Expenses": NaN,
        "Selling General And Administration": NaN,
        "General And Administrative Expense": NaN,
        "Salaries And Wages": NaN,
        "Total Revenue": NaN,
        "Operating Revenue": NaN,
        "Loss Adjustment Expense": NaN,
        "Net Policyholder Benefits And Claims": NaN,
        "Policyholder Benefits Gross": NaN
    },
    "2023-12-31": {
        "Tax Effect Of Unusual Items": 0.0,
        "Tax Rate For Calcs": 0.219761,
        "Net Income From Continuing Operation Net Minority Interest": -917000000.0,
        "EBIT": -1135000000.0,
        "Net Interest Income": -39000000.0,
        "Interest Expense": 39000000.0,
        "Normalized Income": -917000000.0,
        "Net Income From Continuing And Discontinued Operation": -917000000.0,
        "Total Expenses": 2536000000.0,
        "Diluted Average Shares": 64820914.0,
        "Basic Average Shares": 63503355.0,
        "Diluted EPS": -14.833862,
        "Basic EPS": -14.833862,
        "Diluted NI Availto Com Stockholders": -942000000.0,
        "Net Income Common Stockholders": -942000000.0,
        "Preferred Stock Dividends": 25000000.0,
        "Net Income": -917000000.0,
        "Minority Interests": -1000000.0,
        "Net Income Including Noncontrolling Interests": -916000000.0,
        "Net Income Continuous Operations": -916000000.0,
        "Tax Provision": -258000000.0,
        "Pretax Income": -1174000000.0,
        "Other Income Expense": 135000000.0,
        "Net Non Operating Interest Income Expense": -39000000.0,
        "Interest Expense Non Operating": 39000000.0,
        "Other Operating Expenses": 189000000.0,
        "Selling General And Administration": 207000000.0,
        "General And Administrative Expense": 207000000.0,
        "Salaries And Wages": 207000000.0,
        "Total Revenue": 1362000000.0,
        "Operating Revenue": 1362000000.0,
        "Loss Adjustment Expense": 1373000000.0,
        "Net Policyholder Benefits And Claims": 1373000000.0,
        "Policyholder Benefits Gross": 2727000000.0
    },
    "2024-03-31": {
        "Tax Effect Of Unusual Items": 0.0,
        "Tax Rate For Calcs": 0.15,
        "Net Income From Continuing Operation Net Minority Interest": -493000000.0,
        "EBIT": -576000000.0,
        "Net Interest Income": -38000000.0,
        "Interest Expense": 38000000.0,
        "Normalized Income": -493000000.0,
        "Net Income From Continuing And Discontinued Operation": -493000000.0,
        "Total Expenses": 614000000.0,
        "Diluted Average Shares": 63036773.0,
        "Basic Average Shares": 63036773.0,
        "Diluted EPS": -8.22,
        "Basic EPS": -8.22,
        "Diluted NI Availto Com Stockholders": -519000000.0,
        "Net Income Common Stockholders": -519000000.0,
        "Preferred Stock Dividends": 26000000.0,
        "Net Income": -493000000.0,
        "Minority Interests": -2000000.0,
        "Net Income Including Noncontrolling Interests": -491000000.0,
        "Net Income Continuous Operations": -491000000.0,
        "Tax Provision": -123000000.0,
        "Pretax Income": -614000000.0,
        "Other Income Expense": 145000000.0,
        "Net Non Operating Interest Income Expense": -38000000.0,
        "Interest Expense Non Operating": 38000000.0,
        "Other Operating Expenses": 203000000.0,
        "Selling General And Administration": 174000000.0,
        "General And Administrative Expense": 174000000.0,
        "Salaries And Wages": 174000000.0,
        "Total Revenue": 0.0,
        "Operating Revenue": 0.0,
        "Loss Adjustment Expense": -472000000.0,
        "Net Policyholder Benefits And Claims": -472000000.0,
        "Policyholder Benefits Gross": -472000000.0
    },
    "2024-06-30": {
        "Tax Effect Of Unusual Items": 0.0,
        "Tax Rate For Calcs": 0.21,
        "Net Income From Continuing Operation Net Minority Interest": 34000000.0,
        "EBIT": 52000000.0,
        "Net Interest Income": -38000000.0,
        "Interest Expense": 38000000.0,
        "Normalized Income": 34000000.0,
        "Net Income From Continuing And Discontinued Operation": 34000000.0,
        "Total Expenses": 1315000000.0,
        "Diluted Average Shares": 62255330.0,
        "Basic Average Shares": 61956829.0,
        "Diluted EPS": 0.12,
        "Basic EPS": 0.12,
        "Diluted NI Availto Com Stockholders": 9000000.0,
        "Net Income Common Stockholders": 9000000.0,
        "Preferred Stock Dividends": 25000000.0,
        "Net Income": 34000000.0,
        "Minority Interests": 0.0,
        "Net Income Including Noncontrolling Interests": 34000000.0,
        "Net Income Continuous Operations": 34000000.0,
        "Tax Provision": -20000000.0,
        "Pretax Income": 14000000.0,
        "Other Income Expense": 141000000.0,
        "Net Non Operating Interest Income Expense": -38000000.0,
        "Interest Expense Non Operating": 38000000.0,
        "Other Operating Expenses": 168000000.0,
        "Selling General And Administration": 171000000.0,
        "General And Administrative Expense": 171000000.0,
        "Salaries And Wages": 171000000.0,
        "Total Revenue": 1329000000.0,
        "Operating Revenue": 1329000000.0,
        "Loss Adjustment Expense": 286000000.0,
        "Net Policyholder Benefits And Claims": 286000000.0,
        "Policyholder Benefits Gross": 286000000.0
    },
    "2024-09-30": {
        "Tax Effect Of Unusual Items": 0.0,
        "Tax Rate For Calcs": 0.05,
        "Net Income From Continuing Operation Net Minority Interest": 176000000.0,
        "EBIT": 226000000.0,
        "Net Interest Income": -38000000.0,
        "Interest Expense": 38000000.0,
        "Normalized Income": 176000000.0,
        "Net Income From Continuing And Discontinued Operation": 176000000.0,
        "Total Expenses": 1775000000.0,
        "Diluted Average Shares": 60949819.0,
        "Basic Average Shares": 60600840.0,
        "Diluted EPS": 2.47,
        "Basic EPS": 2.49,
        "Diluted NI Availto Com Stockholders": 150000000.0,
        "Net Income Common Stockholders": 150000000.0,
        "Preferred Stock Dividends": 26000000.0,
        "Net Income": 176000000.0,
        "Minority Interests": -2000000.0,
        "Net Income Including Noncontrolling Interests": 178000000.0,
        "Net Income Continuous Operations": 178000000.0,
        "Tax Provision": 10000000.0,
        "Pretax Income": 188000000.0,
        "Other Income Expense": 143000000.0,
        "Net Non Operating Interest Income Expense": -38000000.0,
        "Interest Expense Non Operating": 38000000.0,
        "Other Operating Expenses": 186000000.0,
        "Selling General And Administration": 176000000.0,
        "General And Administrative Expense": 176000000.0,
        "Salaries And Wages": 176000000.0,
        "Total Revenue": 1963000000.0,
        "Operating Revenue": 1963000000.0,
        "Loss Adjustment Expense": 632000000.0,
        "Net Policyholder Benefits And Claims": 632000000.0,
        "Policyholder Benefits Gross": 632000000.0
    },
    "2024-12-31": {
        "Tax Effect Of Unusual Items": 0.0,
        "Tax Rate For Calcs": 0.194245,
        "Net Income From Continuing Operation Net Minority Interest": 671000000.0,
        "EBIT": 872000000.0,
        "Net Interest Income": -38000000.0,
        "Interest Expense": 38000000.0,
        "Normalized Income": 671000000.0,
        "Net Income From Continuing And Discontinued Operation": 671000000.0,
        "Total Expenses": 243000000.0,
        "Diluted Average Shares": NaN,
        "Basic Average Shares": NaN,
        "Diluted EPS": NaN,
        "Basic EPS": NaN,
        "Diluted NI Availto Com Stockholders": 646000000.0,
        "Net Income Common Stockholders": 646000000.0,
        "Preferred Stock Dividends": 25000000.0,
        "Net Income": 671000000.0,
        "Minority Interests": -1000000.0,
        "Net Income Including Noncontrolling Interests": 672000000.0,
        "Net Income Continuous Operations": 672000000.0,
        "Tax Provision": 162000000.0,
        "Pretax Income": 834000000.0,
        "Other Income Expense": 150000000.0,
        "Net Non Operating Interest Income Expense": -38000000.0,
        "Interest Expense Non Operating": 38000000.0,
        "Other Operating Expenses": 179000000.0,
        "Selling General And Administration": 172000000.0,
        "General And Administrative Expense": 172000000.0,
        "Salaries And Wages": 172000000.0,
        "Total Revenue": 1077000000.0,
        "Operating Revenue": 1077000000.0,
        "Loss Adjustment Expense": -825000000.0,
        "Net Policyholder Benefits And Claims": -825000000.0,
        "Policyholder Benefits Gross": 920000000.0
    }
}