{
    "2023-06-30": {
        "Tax Effect Of Unusual Items": NaN,
        "Tax Rate For Calcs": NaN,
        "Total Unusual Items": NaN,
        "Total Unusual Items Excluding Goodwill": NaN,
        "Net Income From Continuing Operation Net Minority Interest": NaN,
        "Reconciled Depreciation": NaN,
        "Net Interest Income": NaN,
        "Interest Expense": NaN,
        "Interest Income": NaN,
        "Normalized Income": NaN,
        "Net Income From Continuing And Discontinued Operation": NaN,
        "Diluted Average Shares": NaN,
        "Basic Average Shares": NaN,
        "Diluted EPS": NaN,
        "Basic EPS": NaN,
        "Diluted NI Availto Com Stockholders": NaN,
        "Net Income Common Stockholders": NaN,
        "Net Income": NaN,
        "Net Income Including Noncontrolling Interests": NaN,
        "Net Income Continuous Operations": NaN,
        "Tax Provision": NaN,
        "Pretax Income": NaN,
        "Special Income Charges": NaN,
        "Gain On Sale Of Business": NaN,
        "Restructuring And Mergern Acquisition": NaN,
        "Gain On Sale Of Security": NaN,
        "Depreciation Amortization Depletion Income Statement": NaN,
        "Depreciation And Amortization In Income Statement": NaN,
        "Amortization": NaN,
        "Amortization Of Intangibles Income Statement": NaN,
        "Selling General And Administration": NaN,
        "Selling And Marketing Expense": NaN,
        "General And Administrative Expense": NaN,
        "Insurance And Claims": 1834000.0,
        "Salaries And Wages": NaN,
        "Total Revenue": NaN,
        "Operating Revenue": NaN,
        "Occupancy And Equipment": NaN,
        "Professional Expense And Contract Services Expense": NaN,
        "Other Non Interest Expense": NaN
    },
    "2023-03-31": {
        "Tax Effect Of Unusual Items": NaN,
        "Tax Rate For Calcs": NaN,
        "Total Unusual Items": NaN,
        "Total Unusual Items Excluding Goodwill": NaN,
        "Net Income From Continuing Operation Net Minority Interest": NaN,
        "Reconciled Depreciation": NaN,
        "Net Interest Income": NaN,
        "Interest Expense": NaN,
        "Interest Income": NaN,
        "Normalized Income": NaN,
        "Net Income From Continuing And Discontinued Operation": NaN,
        "Diluted Average Shares": NaN,
        "Basic Average Shares": NaN,
        "Diluted EPS": NaN,
        "Basic EPS": NaN,
        "Diluted NI Availto Com Stockholders": NaN,
        "Net Income Common Stockholders": NaN,
        "Net Income": NaN,
        "Net Income Including Noncontrolling Interests": NaN,
        "Net Income Continuous Operations": NaN,
        "Tax Provision": NaN,
        "Pretax Income": NaN,
        "Special Income Charges": NaN,
        "Gain On Sale Of Business": NaN,
        "Restructuring And Mergern Acquisition": NaN,
        "Gain On Sale Of Security": NaN,
        "Depreciation Amortization Depletion Income Statement": NaN,
        "Depreciation And Amortization In Income Statement": NaN,
        "Amortization": NaN,
        "Amortization Of Intangibles Income Statement": NaN,
        "Selling General And Administration": NaN,
        "Selling And Marketing Expense": NaN,
        "General And Administrative Expense": NaN,
        "Insurance And Claims": 1426000.0,
        "Salaries And Wages": NaN,
        "Total Revenue": NaN,
        "Operating Revenue": NaN,
        "Occupancy And Equipment": NaN,
        "Professional Expense And Contract Services Expense": NaN,
        "Other Non Interest Expense": NaN
    },
    "2022-12-31": {
        "Tax Effect Of Unusual Items": NaN,
        "Tax Rate For Calcs": NaN,
        "Total Unusual Items": NaN,
        "Total Unusual Items Excluding Goodwill": NaN,
        "Net Income From Continuing Operation Net Minority Interest": NaN,
        "Reconciled Depreciation": NaN,
        "Net Interest Income": NaN,
        "Interest Expense": NaN,
        "Interest Income": NaN,
        "Normalized Income": NaN,
        "Net Income From Continuing And Discontinued Operation": NaN,
        "Diluted Average Shares": NaN,
        "Basic Average Shares": NaN,
        "Diluted EPS": NaN,
        "Basic EPS": NaN,
        "Diluted NI Availto Com Stockholders": NaN,
        "Net Income Common Stockholders": NaN,
        "Net Income": NaN,
        "Net Income Including Noncontrolling Interests": NaN,
        "Net Income Continuous Operations": NaN,
        "Tax Provision": NaN,
        "Pretax Income": NaN,
        "Special Income Charges": NaN,
        "Gain On Sale Of Business": 0.0,
        "Restructuring And Mergern Acquisition": NaN,
        "Gain On Sale Of Security": NaN,
        "Depreciation Amortization Depletion Income Statement": NaN,
        "Depreciation And Amortization In Income Statement": NaN,
        "Amortization": NaN,
        "Amortization Of Intangibles Income Statement": NaN,
        "Selling General And Administration": NaN,
        "Selling And Marketing Expense": NaN,
        "General And Administrative Expense": NaN,
        "Insurance And Claims": NaN,
        "Salaries And Wages": NaN,
        "Total Revenue": NaN,
        "Operating Revenue": NaN,
        "Occupancy And Equipment": NaN,
        "Professional Expense And Contract Services Expense": NaN,
        "Other Non Interest Expense": NaN
    },
    "2022-09-30": {
        "Tax Effect Of Unusual Items": NaN,
        "Tax Rate For Calcs": NaN,
        "Total Unusual Items": NaN,
        "Total Unusual Items Excluding Goodwill": NaN,
        "Net Income From Continuing Operation Net Minority Interest": NaN,
        "Reconciled Depreciation": NaN,
        "Net Interest Income": NaN,
        "Interest Expense": NaN,
        "Interest Income": NaN,
        "Normalized Income": NaN,
        "Net Income From Continuing And Discontinued Operation": NaN,
        "Diluted Average Shares": NaN,
        "Basic Average Shares": NaN,
        "Diluted EPS": NaN,
        "Basic EPS": NaN,
        "Diluted NI Availto Com Stockholders": NaN,
        "Net Income Common Stockholders": NaN,
        "Net Income": NaN,
        "Net Income Including Noncontrolling Interests": NaN,
        "Net Income Continuous Operations": NaN,
        "Tax Provision": NaN,
        "Pretax Income": NaN,
        "Special Income Charges": NaN,
        "Gain On Sale Of Business": 0.0,
        "Restructuring And Mergern Acquisition": NaN,
        "Gain On Sale Of Security": NaN,
        "Depreciation Amortization Depletion Income Statement": NaN,
        "Depreciation And Amortization In Income Statement": NaN,
        "Amortization": NaN,
        "Amortization Of Intangibles Income Statement": NaN,
        "Selling General And Administration": NaN,
        "Selling And Marketing Expense": NaN,
        "General And Administrative Expense": NaN,
        "Other Gand A": 8719000.0,
        "Insurance And Claims": NaN,
        "Salaries And Wages": NaN,
        "Total Revenue": NaN,
        "Operating Revenue": NaN
    },
    "2022-06-30": {
        "Tax Effect Of Unusual Items": -7350.0,
        "Tax Rate For Calcs": 0.21,
        "Total Unusual Items": -35000.0,
        "Total Unusual Items Excluding Goodwill": -35000.0,
        "Net Income From Continuing Operation Net Minority Interest": 23115000.0,
        "Reconciled Depreciation": 3714000.0,
        "Net Interest Income": 81358000.0,
        "Interest Expense": 6021000.0,
        "Interest Income": 87379000.0,
        "Normalized Income": 23142650.0,
        "Net Income From Continuing And Discontinued Operation": 23115000.0,
        "Diluted Average Shares": 46102000.0,
        "Basic Average Shares": 45818000.0,
        "Diluted EPS": 0.5,
        "Basic EPS": 0.5,
        "Diluted NI Availto Com Stockholders": 23115000.0,
        "Net Income Common Stockholders": 23115000.0,
        "Net Income": 23115000.0,
        "Net Income Including Noncontrolling Interests": 23115000.0,
        "Net Income Continuous Operations": 23115000.0,
        "Tax Provision": 6119000.0,
        "Pretax Income": 29234000.0,
        "Special Income Charges": -35000.0,
        "Gain On Sale Of Business": NaN,
        "Restructuring And Mergern Acquisition": 35000.0,
        "Gain On Sale Of Security": -973000.0,
        "Depreciation Amortization Depletion Income Statement": 1286000.0,
        "Depreciation And Amortization In Income Statement": 1286000.0,
        "Amortization": 1286000.0,
        "Amortization Of Intangibles Income Statement": 1286000.0,
        "Selling General And Administration": 46441000.0,
        "Selling And Marketing Expense": 1472000.0,
        "General And Administrative Expense": 46441000.0,
        "Other Gand A": 8611000.0,
        "Insurance And Claims": 658000.0,
        "Salaries And Wages": 37830000.0,
        "Total Revenue": 97709000.0,
        "Operating Revenue": 97709000.0
    },
    "2022-03-31": {
        "Diluted EPS": 0.42,
        "Total Revenue": 96,
        "Gross Profit": 90,
        "Operating Income": 25,
        "EBIT": NaN,
        "Net Income": 20
    },
    "2021-12-31": {
        "Diluted EPS": 0.39,
        "Total Revenue": 97,
        "Gross Profit": 91,
        "Operating Income": 27,
        "EBIT": NaN,
        "Net Income": 20
    },
    "2021-09-30": {
        "Diluted EPS": 1.31,
        "Total Revenue": 153,
        "Gross Profit": 145,
        "Operating Income": 80,
        "EBIT": NaN,
        "Net Income": 64
    },
    "2021-06-30": {
        "Diluted EPS": 0.43,
        "Total Revenue": 107,
        "Gross Profit": 97,
        "Operating Income": 29,
        "EBIT": NaN,
        "Net Income": 22
    },
    "2021-03-31": {
        "Diluted EPS": 0.26,
        "Total Revenue": 114,
        "Gross Profit": 101,
        "Operating Income": 20,
        "EBIT": NaN,
        "Net Income": 13
    },
    "2020-12-31": {
        "Diluted EPS": 0.31,
        "Total Revenue": 115,
        "Gross Profit": 99,
        "Operating Income": 23,
        "EBIT": NaN,
        "Net Income": 15
    },
    "2020-09-30": {
        "Diluted EPS": 0.42,
        "Total Revenue": 118,
        "Gross Profit": 97,
        "Operating Income": 23,
        "EBIT": NaN,
        "Net Income": 21
    },
    "2020-06-30": {
        "Diluted EPS": -10.93,
        "Total Revenue": 121,
        "Gross Profit": 95,
        "Operating Income": -559,
        "EBIT": NaN,
        "Net Income": -550
    },
    "2020-03-31": {
        "Diluted EPS": -0.4,
        "Total Revenue": 122,
        "Gross Profit": 92,
        "Operating Income": -14,
        "EBIT": NaN,
        "Net Income": -20
    },
    "2019-12-31": {
        "Diluted EPS": 0.5,
        "Total Revenue": 149,
        "Gross Profit": 115,
        "Operating Income": 45,
        "EBIT": NaN,
        "Net Income": 26
    },
    "2019-09-30": {
        "Diluted EPS": 0.44,
        "Total Revenue": 155,
        "Gross Profit": 118,
        "Operating Income": 29,
        "EBIT": NaN,
        "Net Income": 22
    },
    "2019-06-30": {
        "Diluted EPS": 0.52,
        "Total Revenue": 147,
        "Gross Profit": 109,
        "Operating Income": 40,
        "EBIT": NaN,
        "Net Income": 25
    },
    "2019-03-31": {
        "Diluted EPS": 0.51,
        "Total Revenue": 143,
        "Gross Profit": 107,
        "Operating Income": 38,
        "EBIT": NaN,
        "Net Income": 23
    },
    "2018-12-31": {
        "Diluted EPS": 0.3,
        "Total Revenue": 142,
        "Gross Profit": 109,
        "Operating Income": 37,
        "EBIT": NaN,
        "Net Income": 14
    },
    "2018-09-30": {
        "Diluted EPS": 0.7,
        "Total Revenue": 138,
        "Gross Profit": 108,
        "Operating Income": 42,
        "EBIT": NaN,
        "Net Income": 32
    },
    "2018-06-30": {
        "Diluted EPS": 0.74,
        "Total Revenue": 135,
        "Gross Profit": 110,
        "Operating Income": 43,
        "EBIT": NaN,
        "Net Income": 34
    },
    "2018-03-31": {
        "Diluted EPS": 0.55,
        "Total Revenue": 125,
        "Gross Profit": 104,
        "Operating Income": 38,
        "EBIT": NaN,
        "Net Income": 25
    },
    "2017-12-31": {
        "Diluted EPS": -0.15,
        "Total Revenue": 78,
        "Gross Profit": 60,
        "Operating Income": 26,
        "EBIT": NaN,
        "Net Income": -3
    },
    "2017-09-30": {
        "Diluted EPS": 0.57,
        "Total Revenue": 118,
        "Gross Profit": 101,
        "Operating Income": 32,
        "EBIT": NaN,
        "Net Income": 23
    },
    "2017-06-30": {
        "Diluted EPS": 0.53,
        "Total Revenue": 117,
        "Gross Profit": 102,
        "Operating Income": 31,
        "EBIT": NaN,
        "Net Income": 20
    },
    "2017-03-31": {
        "Diluted EPS": 0.44,
        "Total Revenue": 115,
        "Gross Profit": 102,
        "Operating Income": 34,
        "EBIT": NaN,
        "Net Income": 15
    },
    "2016-12-31": {
        "Diluted EPS": 0.31,
        "Total Revenue": 89,
        "Gross Profit": 76,
        "Operating Income": 22,
        "EBIT": NaN,
        "Net Income": 10
    },
    "2016-09-30": {
        "Diluted EPS": 0.53,
        "Total Revenue": 89,
        "Gross Profit": 77,
        "Operating Income": 26,
        "EBIT": NaN,
        "Net Income": 16
    },
    "2016-06-30": {
        "Diluted EPS": 0.52,
        "Total Revenue": 84,
        "Gross Profit": 72,
        "Operating Income": 22,
        "EBIT": NaN,
        "Net Income": 16
    },
    "2016-03-31": {
        "Diluted EPS": 0.52,
        "Total Revenue": 84,
        "Gross Profit": 73,
        "Operating Income": 23,
        "EBIT": NaN,
        "Net Income": 16
    },
    "2015-12-31": {
        "Diluted EPS": 0.54,
        "Total Revenue": 81,
        "Gross Profit": 71,
        "Operating Income": 19,
        "EBIT": NaN,
        "Net Income": 16
    },
    "2015-09-30": {
        "Diluted EPS": 0.49,
        "Total Revenue": 78,
        "Gross Profit": 70,
        "Operating Income": 19,
        "EBIT": NaN,
        "Net Income": 15
    },
    "2015-06-30": {
        "Diluted EPS": 0.35,
        "Total Revenue": 77,
        "Gross Profit": 69,
        "Operating Income": 20,
        "EBIT": NaN,
        "Net Income": 10
    },
    "2015-03-31": {
        "Diluted EPS": 0.35,
        "Total Revenue": 65,
        "Gross Profit": 58,
        "Operating Income": 13,
        "EBIT": NaN,
        "Net Income": 9
    },
    "2014-12-31": {
        "Diluted EPS": 0.46,
        "Total Revenue": 68,
        "Gross Profit": 61,
        "Operating Income": 16,
        "EBIT": NaN,
        "Net Income": 11
    },
    "2014-09-30": {
        "Diluted EPS": 0.48,
        "Total Revenue": 67,
        "Gross Profit": 60,
        "Operating Income": 16,
        "EBIT": NaN,
        "Net Income": 12
    },
    "2014-06-30": {
        "Diluted EPS": 0.46,
        "Total Revenue": 66,
        "Gross Profit": 59,
        "Operating Income": 16,
        "EBIT": NaN,
        "Net Income": 11
    },
    "2014-03-31": {
        "Diluted EPS": -0.04,
        "Total Revenue": 54,
        "Gross Profit": 47,
        "Operating Income": 5,
        "EBIT": NaN,
        "Net Income": -1
    },
    "2013-12-31": {
        "Diluted EPS": 0.42,
        "Total Revenue": 64,
        "Gross Profit": 56,
        "Operating Income": 18,
        "EBIT": NaN,
        "Net Income": 11
    },
    "2013-09-30": {
        "Diluted EPS": 0.33,
        "Total Revenue": 67,
        "Gross Profit": 58,
        "Operating Income": 19,
        "EBIT": NaN,
        "Net Income": 8
    },
    "2013-06-30": {
        "Diluted EPS": 0.48,
        "Total Revenue": 65,
        "Gross Profit": 57,
        "Operating Income": 17,
        "EBIT": NaN,
        "Net Income": 12
    },
    "2013-03-31": {
        "Diluted EPS": 0.42,
        "Total Revenue": 66,
        "Gross Profit": 57,
        "Operating Income": 20,
        "EBIT": NaN,
        "Net Income": 10
    },
    "2012-12-31": {
        "Diluted EPS": 0.38,
        "Total Revenue": 69,
        "Gross Profit": 60,
        "Operating Income": 20,
        "EBIT": NaN,
        "Net Income": 9
    },
    "2012-09-30": {
        "Diluted EPS": 0.46,
        "Total Revenue": 57,
        "Gross Profit": 50,
        "Operating Income": 17,
        "EBIT": NaN,
        "Net Income": 10
    },
    "2012-06-30": {
        "Diluted EPS": 0.37,
        "Total Revenue": 55,
        "Gross Profit": 47,
        "Operating Income": 15,
        "EBIT": NaN,
        "Net Income": 8
    },
    "2012-03-31": {
        "Diluted EPS": 0.28,
        "Total Revenue": 48,
        "Gross Profit": 41,
        "Operating Income": 13,
        "EBIT": NaN,
        "Net Income": 6
    },
    "2011-12-31": {
        "Diluted EPS": 0.44,
        "Total Revenue": 48,
        "Gross Profit": 40,
        "Operating Income": 13,
        "EBIT": NaN,
        "Net Income": 8
    },
    "2011-09-30": {
        "Diluted EPS": 0.22,
        "Total Revenue": 50,
        "Gross Profit": 42,
        "Operating Income": 14,
        "EBIT": NaN,
        "Net Income": 4
    },
    "2011-06-30": {
        "Diluted EPS": 0.11,
        "Total Revenue": 40,
        "Gross Profit": 32,
        "Operating Income": 8,
        "EBIT": NaN,
        "Net Income": 2
    },
    "2011-03-31": {
        "Diluted EPS": 0.2,
        "Total Revenue": 36,
        "Gross Profit": 28,
        "Operating Income": 3,
        "EBIT": NaN,
        "Net Income": 3
    },
    "2010-12-31": {
        "Diluted EPS": 0.24,
        "Total Revenue": 35,
        "Gross Profit": 27,
        "Operating Income": 4,
        "EBIT": NaN,
        "Net Income": 3
    },
    "2010-09-30": {
        "Diluted EPS": 0.25,
        "Total Revenue": 35,
        "Gross Profit": 26,
        "Operating Income": 4,
        "EBIT": NaN,
        "Net Income": 3
    },
    "2010-06-30": {
        "Diluted EPS": 0.25,
        "Total Revenue": 36,
        "Gross Profit": 26,
        "Operating Income": 4,
        "EBIT": NaN,
        "Net Income": 3
    },
    "2010-03-31": {
        "Diluted EPS": 0.24,
        "Total Revenue": 36,
        "Gross Profit": 27,
        "Operating Income": 4,
        "EBIT": NaN,
        "Net Income": 3
    },
    "2009-12-31": {
        "Diluted EPS": -1.84,
        "Total Revenue": 29,
        "Gross Profit": 19,
        "Operating Income": -41,
        "EBIT": NaN,
        "Net Income": -24
    },
    "2009-09-30": {
        "Diluted EPS": 0.14,
        "Total Revenue": 36,
        "Gross Profit": 24,
        "Operating Income": 1,
        "EBIT": NaN,
        "Net Income": 2
    },
    "2009-06-30": {
        "Diluted EPS": -0.08,
        "Total Revenue": 37,
        "Gross Profit": 25,
        "Operating Income": 3,
        "EBIT": NaN,
        "Net Income": -1
    },
    "2009-03-31": {
        "Diluted EPS": 0.27,
        "Total Revenue": 39,
        "Gross Profit": 26,
        "Operating Income": 5,
        "EBIT": NaN,
        "Net Income": 3
    },
    "2023-09-30": {
        "Tax Effect Of Unusual Items": NaN,
        "Tax Rate For Calcs": NaN,
        "Total Unusual Items": NaN,
        "Total Unusual Items Excluding Goodwill": NaN,
        "Net Income From Continuing Operation Net Minority Interest": NaN,
        "Reconciled Depreciation": NaN,
        "Net Interest Income": NaN,
        "Interest Expense": NaN,
        "Interest Income": NaN,
        "Normalized Income": NaN,
        "Net Income From Continuing And Discontinued Operation": NaN,
        "Diluted Average Shares": NaN,
        "Basic Average Shares": NaN,
        "Diluted EPS": NaN,
        "Basic EPS": NaN,
        "Diluted NI Availto Com Stockholders": NaN,
        "Net Income Common Stockholders": NaN,
        "Net Income": NaN,
        "Net Income Including Noncontrolling Interests": NaN,
        "Net Income Continuous Operations": NaN,
        "Tax Provision": NaN,
        "Pretax Income": NaN,
        "Special Income Charges": NaN,
        "Gain On Sale Of Business": 0.0,
        "Restructuring And Mergern Acquisition": NaN,
        "Gain On Sale Of Security": NaN,
        "Depreciation Amortization Depletion Income Statement": NaN,
        "Depreciation And Amortization In Income Statement": NaN,
        "Amortization": NaN,
        "Amortization Of Intangibles Income Statement": NaN,
        "Selling General And Administration": NaN,
        "Selling And Marketing Expense": NaN,
        "General And Administrative Expense": NaN,
        "Insurance And Claims": 1905000.0,
        "Salaries And Wages": NaN,
        "Total Revenue": NaN,
        "Operating Revenue": NaN,
        "Occupancy And Equipment": NaN,
        "Professional Expense And Contract Services Expense": NaN,
        "Other Non Interest Expense": NaN
    },
    "2023-12-31": {
        "Tax Effect Of Unusual Items": NaN,
        "Tax Rate For Calcs": NaN,
        "Total Unusual Items": NaN,
        "Total Unusual Items Excluding Goodwill": NaN,
        "Net Income From Continuing Operation Net Minority Interest": NaN,
        "Reconciled Depreciation": NaN,
        "Net Interest Income": NaN,
        "Interest Expense": NaN,
        "Interest Income": NaN,
        "Normalized Income": NaN,
        "Net Income From Continuing And Discontinued Operation": NaN,
        "Diluted Average Shares": NaN,
        "Basic Average Shares": NaN,
        "Diluted EPS": NaN,
        "Basic EPS": NaN,
        "Diluted NI Availto Com Stockholders": NaN,
        "Net Income Common Stockholders": NaN,
        "Net Income": NaN,
        "Net Income Including Noncontrolling Interests": NaN,
        "Net Income Continuous Operations": NaN,
        "Tax Provision": NaN,
        "Pretax Income": NaN,
        "Special Income Charges": NaN,
        "Gain On Sale Of Business": NaN,
        "Restructuring And Mergern Acquisition": NaN,
        "Gain On Sale Of Security": NaN,
        "Depreciation Amortization Depletion Income Statement": NaN,
        "Depreciation And Amortization In Income Statement": NaN,
        "Amortization": NaN,
        "Amortization Of Intangibles Income Statement": NaN,
        "Selling General And Administration": NaN,
        "Selling And Marketing Expense": NaN,
        "General And Administrative Expense": NaN,
        "Insurance And Claims": 1854000.0,
        "Salaries And Wages": NaN,
        "Total Revenue": NaN,
        "Operating Revenue": NaN,
        "Occupancy And Equipment": NaN,
        "Professional Expense And Contract Services Expense": NaN,
        "Other Non Interest Expense": NaN
    },
    "2024-03-31": {
        "Tax Effect Of Unusual Items": -859343.139847,
        "Tax Rate For Calcs": 0.237585,
        "Total Unusual Items": -3617000.0,
        "Total Unusual Items Excluding Goodwill": -3617000.0,
        "Net Income From Continuing Operation Net Minority Interest": -20188000.0,
        "Reconciled Depreciation": 3144000.0,
        "Net Interest Income": 88140000.0,
        "Interest Expense": 63866000.0,
        "Interest Income": 152006000.0,
        "Normalized Income": -17430343.139847,
        "Net Income From Continuing And Discontinued Operation": -20188000.0,
        "Diluted Average Shares": 43028000.0,
        "Basic Average Shares": 42777000.0,
        "Diluted EPS": -0.47,
        "Basic EPS": -0.47,
        "Diluted NI Availto Com Stockholders": -20188000.0,
        "Net Income Common Stockholders": -20188000.0,
        "Net Income": -20188000.0,
        "Net Income Including Noncontrolling Interests": -20188000.0,
        "Net Income Continuous Operations": -20188000.0,
        "Tax Provision": -6291000.0,
        "Pretax Income": -26479000.0,
        "Special Income Charges": -3617000.0,
        "Gain On Sale Of Business": NaN,
        "Restructuring And Mergern Acquisition": 3617000.0,
        "Gain On Sale Of Security": -50024000.0,
        "Depreciation Amortization Depletion Income Statement": 1205000.0,
        "Depreciation And Amortization In Income Statement": 1205000.0,
        "Amortization": 1205000.0,
        "Amortization Of Intangibles Income Statement": 1205000.0,
        "Selling General And Administration": 41851000.0,
        "Selling And Marketing Expense": 1116000.0,
        "General And Administrative Expense": 40735000.0,
        "Insurance And Claims": NaN,
        "Salaries And Wages": 40735000.0,
        "Total Revenue": 55541000.0,
        "Operating Revenue": 55541000.0,
        "Occupancy And Equipment": 8698000.0,
        "Professional Expense And Contract Services Expense": 2676000.0,
        "Other Non Interest Expense": 17973000.0
    },
    "2024-06-30": {
        "Tax Effect Of Unusual Items": 88320.0,
        "Tax Rate For Calcs": 0.23,
        "Total Unusual Items": 384000.0,
        "Total Unusual Items Excluding Goodwill": 384000.0,
        "Net Income From Continuing Operation Net Minority Interest": 24025000.0,
        "Reconciled Depreciation": 2939000.0,
        "Net Interest Income": 88532000.0,
        "Interest Expense": 65577000.0,
        "Interest Income": 154109000.0,
        "Normalized Income": 23729320.0,
        "Net Income From Continuing And Discontinued Operation": 24025000.0,
        "Diluted Average Shares": 42508000.0,
        "Basic Average Shares": 42437000.0,
        "Diluted EPS": 0.57,
        "Basic EPS": 0.57,
        "Diluted NI Availto Com Stockholders": 24025000.0,
        "Net Income Common Stockholders": 24025000.0,
        "Net Income": 24025000.0,
        "Net Income Including Noncontrolling Interests": 24025000.0,
        "Net Income Continuous Operations": 24025000.0,
        "Tax Provision": 7210000.0,
        "Pretax Income": 31235000.0,
        "Special Income Charges": 384000.0,
        "Gain On Sale Of Business": NaN,
        "Restructuring And Mergern Acquisition": -384000.0,
        "Gain On Sale Of Security": -42000.0,
        "Depreciation Amortization Depletion Income Statement": 1140000.0,
        "Depreciation And Amortization In Income Statement": 1140000.0,
        "Amortization": 1140000.0,
        "Amortization Of Intangibles Income Statement": 1140000.0,
        "Selling General And Administration": 42506000.0,
        "Selling And Marketing Expense": 532000.0,
        "General And Administrative Expense": 41974000.0,
        "Insurance And Claims": 1848000.0,
        "Salaries And Wages": 40126000.0,
        "Total Revenue": 108665000.0,
        "Operating Revenue": 108665000.0,
        "Occupancy And Equipment": 8064000.0,
        "Professional Expense And Contract Services Expense": 2757000.0,
        "Other Non Interest Expense": 16848000.0
    },
    "2024-09-30": {
        "Tax Effect Of Unusual Items": 3595900.0,
        "Tax Rate For Calcs": 0.22,
        "Total Unusual Items": 16345000.0,
        "Total Unusual Items Excluding Goodwill": 16345000.0,
        "Net Income From Continuing Operation Net Minority Interest": 37509000.0,
        "Reconciled Depreciation": 2809000.0,
        "Net Interest Income": 88059000.0,
        "Interest Expense": 69209000.0,
        "Interest Income": 157268000.0,
        "Normalized Income": 24759900.0,
        "Net Income From Continuing And Discontinued Operation": 37509000.0,
        "Diluted Average Shares": 42454000.0,
        "Basic Average Shares": 42170000.0,
        "Diluted EPS": 0.88,
        "Basic EPS": 0.89,
        "Diluted NI Availto Com Stockholders": 37509000.0,
        "Net Income Common Stockholders": 37509000.0,
        "Net Income": 37509000.0,
        "Net Income Including Noncontrolling Interests": 37509000.0,
        "Net Income Continuous Operations": 37509000.0,
        "Tax Provision": 10645000.0,
        "Pretax Income": 48154000.0,
        "Special Income Charges": 16345000.0,
        "Gain On Sale Of Business": 16048000.0,
        "Restructuring And Mergern Acquisition": -297000.0,
        "Gain On Sale Of Security": 516000.0,
        "Depreciation Amortization Depletion Income Statement": 1128000.0,
        "Depreciation And Amortization In Income Statement": 1128000.0,
        "Amortization": 1128000.0,
        "Amortization Of Intangibles Income Statement": 1128000.0,
        "Selling General And Administration": 41524000.0,
        "Selling And Marketing Expense": 861000.0,
        "General And Administrative Expense": 40663000.0,
        "Insurance And Claims": NaN,
        "Salaries And Wages": 40663000.0,
        "Total Revenue": 109566000.0,
        "Operating Revenue": 109566000.0,
        "Occupancy And Equipment": 7373000.0,
        "Professional Expense And Contract Services Expense": 2109000.0,
        "Other Non Interest Expense": 20123000.0
    },
    "2024-12-31": {
        "Tax Effect Of Unusual Items": -14703226.761887,
        "Tax Rate For Calcs": 0.261154,
        "Total Unusual Items": -56301000.0,
        "Total Unusual Items Excluding Goodwill": -56301000.0,
        "Net Income From Continuing Operation Net Minority Interest": 19657000.0,
        "Reconciled Depreciation": 2693000.0,
        "Net Interest Income": 86855000.0,
        "Interest Expense": 63700000.0,
        "Interest Income": 150555000.0,
        "Normalized Income": 61254773.238113,
        "Net Income From Continuing And Discontinued Operation": 19657000.0,
        "Diluted Average Shares": 43064000.0,
        "Basic Average Shares": 42661000.0,
        "Diluted EPS": 0.46,
        "Basic EPS": 0.46,
        "Diluted NI Availto Com Stockholders": 19657000.0,
        "Net Income Common Stockholders": 19657000.0,
        "Net Income": 19657000.0,
        "Net Income Including Noncontrolling Interests": 19657000.0,
        "Net Income Continuous Operations": 19657000.0,
        "Tax Provision": 6948000.0,
        "Pretax Income": 26605000.0,
        "Special Income Charges": -6364000.0,
        "Gain On Sale Of Business": 193000.0,
        "Restructuring And Mergern Acquisition": 6557000.0,
        "Gain On Sale Of Security": 49557000.0,
        "Depreciation Amortization Depletion Income Statement": 1128000.0,
        "Depreciation And Amortization In Income Statement": 1128000.0,
        "Amortization": 1128000.0,
        "Amortization Of Intangibles Income Statement": 1128000.0,
        "Selling General And Administration": 48337000.0,
        "Selling And Marketing Expense": 2013000.0,
        "General And Administrative Expense": 46324000.0,
        "Insurance And Claims": NaN,
        "Salaries And Wages": 38929000.0,
        "Total Revenue": 109987000.0,
        "Operating Revenue": 109987000.0,
        "Occupancy And Equipment": 7334000.0,
        "Professional Expense And Contract Services Expense": 2765000.0,
        "Other Non Interest Expense": 11454000.0
    },
    "2025-03-31": {
        "Tax Effect Of Unusual Items": -628670.272146,
        "Tax Rate For Calcs": 0.256182,
        "Total Unusual Items": -2454000.0,
        "Total Unusual Items Excluding Goodwill": -2454000.0,
        "Net Income From Continuing Operation Net Minority Interest": 25719000.0,
        "Reconciled Depreciation": 2627000.0,
        "Net Interest Income": 89771000.0,
        "Interest Expense": 58559000.0,
        "Interest Income": 148330000.0,
        "Normalized Income": 27544329.727854,
        "Net Income From Continuing And Discontinued Operation": 25719000.0,
        "Diluted Average Shares": 46061000.0,
        "Basic Average Shares": 45684000.0,
        "Diluted EPS": 0.56,
        "Basic EPS": 0.56,
        "Diluted NI Availto Com Stockholders": 25719000.0,
        "Net Income Common Stockholders": 25719000.0,
        "Net Income": 25719000.0,
        "Net Income Including Noncontrolling Interests": 25719000.0,
        "Net Income Continuous Operations": 25719000.0,
        "Tax Provision": 8858000.0,
        "Pretax Income": 34577000.0,
        "Special Income Charges": -2454000.0,
        "Gain On Sale Of Business": NaN,
        "Restructuring And Mergern Acquisition": 2454000.0,
        "Gain On Sale Of Security": -52000.0,
        "Depreciation Amortization Depletion Income Statement": 1128000.0,
        "Depreciation And Amortization In Income Statement": 1128000.0,
        "Amortization": 1128000.0,
        "Amortization Of Intangibles Income Statement": 1128000.0,
        "Selling General And Administration": 41902000.0,
        "Selling And Marketing Expense": 1267000.0,
        "General And Administrative Expense": 40635000.0,
        "Insurance And Claims": NaN,
        "Salaries And Wages": 40635000.0,
        "Total Revenue": 110443000.0,
        "Operating Revenue": 110443000.0,
        "Occupancy And Equipment": 7666000.0,
        "Professional Expense And Contract Services Expense": 1714000.0,
        "Other Non Interest Expense": 15502000.0
    }
}