{
    "2023-06-30": {
        "Tax Effect Of Unusual Items": NaN,
        "Tax Rate For Calcs": NaN,
        "Normalized EBITDA": NaN,
        "Net Income From Continuing Operation Net Minority Interest": NaN,
        "Reconciled Depreciation": NaN,
        "EBITDA": NaN,
        "EBIT": NaN,
        "Normalized Income": NaN,
        "Net Income From Continuing And Discontinued Operation": NaN,
        "Total Expenses": NaN,
        "Total Operating Income As Reported": NaN,
        "Diluted Average Shares": 68248023.0,
        "Basic Average Shares": 68248023.0,
        "Diluted EPS": -1.32,
        "Basic EPS": -1.32,
        "Diluted NI Availto Com Stockholders": NaN,
        "Net Income Common Stockholders": NaN,
        "Net Income": NaN,
        "Net Income Including Noncontrolling Interests": NaN,
        "Net Income Continuous Operations": NaN,
        "Tax Provision": NaN,
        "Pretax Income": NaN,
        "Other Income Expense": NaN,
        "Other Non Operating Income Expenses": NaN,
        "Operating Income": NaN,
        "Operating Expense": NaN,
        "Research And Development": NaN,
        "Selling General And Administration": NaN,
        "General And Administrative Expense": NaN,
        "Other Gand A": NaN,
        "Total Revenue": NaN,
        "Operating Revenue": NaN
    },
    "2023-03-31": {
        "Tax Effect Of Unusual Items": NaN,
        "Tax Rate For Calcs": NaN,
        "Normalized EBITDA": NaN,
        "Net Income From Continuing Operation Net Minority Interest": NaN,
        "Reconciled Depreciation": NaN,
        "EBITDA": NaN,
        "EBIT": NaN,
        "Normalized Income": NaN,
        "Net Income From Continuing And Discontinued Operation": NaN,
        "Total Expenses": NaN,
        "Total Operating Income As Reported": NaN,
        "Diluted Average Shares": 68206879.0,
        "Basic Average Shares": 68206879.0,
        "Diluted EPS": -1.03,
        "Basic EPS": -1.03,
        "Diluted NI Availto Com Stockholders": NaN,
        "Net Income Common Stockholders": NaN,
        "Net Income": NaN,
        "Net Income Including Noncontrolling Interests": NaN,
        "Net Income Continuous Operations": NaN,
        "Tax Provision": NaN,
        "Pretax Income": NaN,
        "Other Income Expense": NaN,
        "Other Non Operating Income Expenses": NaN,
        "Operating Income": NaN,
        "Operating Expense": NaN,
        "Research And Development": NaN,
        "Selling General And Administration": NaN,
        "General And Administrative Expense": NaN,
        "Other Gand A": NaN,
        "Total Revenue": NaN,
        "Operating Revenue": NaN
    },
    "2022-12-31": {
        "Tax Effect Of Unusual Items": NaN,
        "Tax Rate For Calcs": NaN,
        "Normalized EBITDA": NaN,
        "Net Income From Continuing Operation Net Minority Interest": NaN,
        "Reconciled Depreciation": NaN,
        "EBITDA": NaN,
        "EBIT": NaN,
        "Normalized Income": NaN,
        "Net Income From Continuing And Discontinued Operation": NaN,
        "Total Expenses": NaN,
        "Total Operating Income As Reported": NaN,
        "Diluted Average Shares": NaN,
        "Basic Average Shares": NaN,
        "Diluted EPS": NaN,
        "Basic EPS": NaN,
        "Diluted NI Availto Com Stockholders": NaN,
        "Net Income Common Stockholders": NaN,
        "Net Income": NaN,
        "Net Income Including Noncontrolling Interests": NaN,
        "Net Income Continuous Operations": NaN,
        "Tax Provision": NaN,
        "Pretax Income": NaN,
        "Other Income Expense": NaN,
        "Other Non Operating Income Expenses": NaN,
        "Earnings From Equity Interest": 0.0,
        "Operating Income": NaN,
        "Operating Expense": NaN,
        "Research And Development": NaN,
        "Selling General And Administration": NaN,
        "General And Administrative Expense": NaN,
        "Other Gand A": NaN,
        "Total Revenue": NaN,
        "Operating Revenue": NaN
    },
    "2022-09-30": {
        "Tax Effect Of Unusual Items": NaN,
        "Tax Rate For Calcs": NaN,
        "Normalized EBITDA": NaN,
        "Net Income From Continuing Operation Net Minority Interest": NaN,
        "Reconciled Depreciation": NaN,
        "EBITDA": NaN,
        "EBIT": NaN,
        "Normalized Income": NaN,
        "Net Income From Continuing And Discontinued Operation": NaN,
        "Total Expenses": NaN,
        "Total Operating Income As Reported": NaN,
        "Diluted Average Shares": 39375944.0,
        "Basic Average Shares": 39375944.0,
        "Diluted EPS": -1.75,
        "Basic EPS": -1.75,
        "Diluted NI Availto Com Stockholders": NaN,
        "Net Income Common Stockholders": NaN,
        "Net Income": NaN,
        "Net Income Including Noncontrolling Interests": NaN,
        "Net Income Continuous Operations": NaN,
        "Tax Provision": NaN,
        "Pretax Income": NaN,
        "Other Income Expense": NaN,
        "Other Non Operating Income Expenses": NaN,
        "Earnings From Equity Interest": 0.0,
        "Operating Income": NaN,
        "Operating Expense": NaN,
        "Research And Development": NaN,
        "Selling General And Administration": NaN,
        "General And Administrative Expense": NaN,
        "Other Gand A": NaN,
        "Total Revenue": NaN,
        "Operating Revenue": NaN
    },
    "2022-06-30": {
        "Tax Effect Of Unusual Items": 0.0,
        "Tax Rate For Calcs": 0.4,
        "Normalized EBITDA": -196695000.0,
        "Net Income From Continuing Operation Net Minority Interest": -203287000.0,
        "Reconciled Depreciation": 415000.0,
        "EBITDA": -196695000.0,
        "EBIT": -197110000.0,
        "Normalized Income": -203287000.0,
        "Net Income From Continuing And Discontinued Operation": -203287000.0,
        "Total Expenses": 197110000.0,
        "Total Operating Income As Reported": -197110000.0,
        "Diluted Average Shares": 35822511.0,
        "Basic Average Shares": 35822511.0,
        "Diluted EPS": -5.674839,
        "Basic EPS": -5.674839,
        "Diluted NI Availto Com Stockholders": -203287000.0,
        "Net Income Common Stockholders": -203287000.0,
        "Net Income": -203287000.0,
        "Net Income Including Noncontrolling Interests": -203287000.0,
        "Net Income Continuous Operations": -203287000.0,
        "Tax Provision": 6110000.0,
        "Pretax Income": -197177000.0,
        "Other Income Expense": -67000.0,
        "Other Non Operating Income Expenses": -67000.0,
        "Earnings From Equity Interest": NaN,
        "Operating Income": -197110000.0,
        "Operating Expense": 197110000.0,
        "Research And Development": 177087000.0,
        "Selling General And Administration": 20023000.0,
        "General And Administrative Expense": 20023000.0,
        "Other Gand A": 20023000.0,
        "Total Revenue": 0.0,
        "Operating Revenue": 0.0
    },
    "2022-03-31": {
        "Diluted EPS": -2.46,
        "Total Revenue": NaN,
        "Gross Profit": NaN,
        "Operating Income": -90,
        "EBIT": -90,
        "Net Income": -97
    },
    "2021-12-31": {
        "Diluted EPS": 3.45,
        "Total Revenue": NaN,
        "Gross Profit": NaN,
        "Operating Income": 381,
        "EBIT": 382,
        "Net Income": 316
    },
    "2021-09-30": {
        "Diluted EPS": -1.38,
        "Total Revenue": NaN,
        "Gross Profit": NaN,
        "Operating Income": -55,
        "EBIT": -66,
        "Net Income": -54
    },
    "2021-06-30": {
        "Diluted EPS": -3.23,
        "Total Revenue": 93,
        "Gross Profit": 76,
        "Operating Income": -172,
        "EBIT": -166,
        "Net Income": -211
    },
    "2021-03-31": {
        "Diluted EPS": -4.27,
        "Total Revenue": 44,
        "Gross Profit": 31,
        "Operating Income": -236,
        "EBIT": -231,
        "Net Income": -265
    },
    "2020-12-31": {
        "Diluted EPS": 6.41,
        "Total Revenue": NaN,
        "Gross Profit": NaN,
        "Operating Income": 389,
        "EBIT": 384,
        "Net Income": 430
    },
    "2020-09-30": {
        "Diluted EPS": -3.27,
        "Total Revenue": 18,
        "Gross Profit": 13,
        "Operating Income": -163,
        "EBIT": -160,
        "Net Income": -195
    },
    "2020-06-30": {
        "Diluted EPS": -3.08,
        "Total Revenue": 10,
        "Gross Profit": 7,
        "Operating Income": -161,
        "EBIT": -159,
        "Net Income": -181
    },
    "2020-03-31": {
        "Diluted EPS": -3.07,
        "Total Revenue": 1,
        "Gross Profit": 1,
        "Operating Income": -151,
        "EBIT": -151,
        "Net Income": -173
    },
    "2019-12-31": {
        "Diluted EPS": -2.79,
        "Total Revenue": NaN,
        "Gross Profit": NaN,
        "Operating Income": -135,
        "EBIT": -135,
        "Net Income": -149
    },
    "2019-09-30": {
        "Diluted EPS": -2.04,
        "Total Revenue": NaN,
        "Gross Profit": NaN,
        "Operating Income": -90,
        "EBIT": -90,
        "Net Income": -106
    },
    "2019-06-30": {
        "Diluted EPS": -4.67,
        "Total Revenue": NaN,
        "Gross Profit": NaN,
        "Operating Income": -199,
        "EBIT": -199,
        "Net Income": -211
    },
    "2019-03-31": {
        "Diluted EPS": -1.41,
        "Total Revenue": NaN,
        "Gross Profit": NaN,
        "Operating Income": -54,
        "EBIT": -54,
        "Net Income": -62
    },
    "2018-12-31": {
        "Diluted EPS": -1.29,
        "Total Revenue": NaN,
        "Gross Profit": NaN,
        "Operating Income": -48,
        "EBIT": -48,
        "Net Income": -55
    },
    "2018-09-30": {
        "Diluted EPS": -1.53,
        "Total Revenue": NaN,
        "Gross Profit": NaN,
        "Operating Income": -55,
        "EBIT": -55,
        "Net Income": -61
    },
    "2018-06-30": {
        "Diluted EPS": -1.01,
        "Total Revenue": NaN,
        "Gross Profit": NaN,
        "Operating Income": -38,
        "EBIT": -38,
        "Net Income": -39
    },
    "2018-03-31": {
        "Diluted EPS": -2.32,
        "Total Revenue": NaN,
        "Gross Profit": NaN,
        "Operating Income": -83,
        "EBIT": -83,
        "Net Income": -85
    },
    "2017-12-31": {
        "Diluted EPS": -0.29,
        "Total Revenue": NaN,
        "Gross Profit": NaN,
        "Operating Income": -28,
        "EBIT": -28,
        "Net Income": -27
    },
    "2017-09-30": {
        "Diluted EPS": -1.19,
        "Total Revenue": NaN,
        "Gross Profit": NaN,
        "Operating Income": -40,
        "EBIT": -40,
        "Net Income": -43
    },
    "2017-06-30": {
        "Diluted EPS": -1.78,
        "Total Revenue": NaN,
        "Gross Profit": NaN,
        "Operating Income": -25,
        "EBIT": -25,
        "Net Income": -46
    },
    "2017-03-31": {
        "Diluted EPS": -1.74,
        "Total Revenue": NaN,
        "Gross Profit": NaN,
        "Operating Income": -14,
        "EBIT": -14,
        "Net Income": -23
    },
    "2016-12-31": {
        "Diluted EPS": -2.09,
        "Total Revenue": NaN,
        "Gross Profit": NaN,
        "Operating Income": -23,
        "EBIT": -23,
        "Net Income": -26
    },
    "2016-09-30": {
        "Diluted EPS": -2.16,
        "Total Revenue": NaN,
        "Gross Profit": NaN,
        "Operating Income": -28,
        "EBIT": -28,
        "Net Income": -28
    },
    "2016-06-30": {
        "Diluted EPS": -0.55,
        "Total Revenue": NaN,
        "Gross Profit": NaN,
        "Operating Income": -7,
        "EBIT": -7,
        "Net Income": -7
    },
    "2016-03-31": {
        "Diluted EPS": -0.25,
        "Total Revenue": NaN,
        "Gross Profit": NaN,
        "Operating Income": -3,
        "EBIT": -3,
        "Net Income": -3
    },
    "2015-12-31": {
        "Diluted EPS": 0.0,
        "Total Revenue": NaN,
        "Gross Profit": NaN,
        "Operating Income": NaN,
        "EBIT": NaN,
        "Net Income": NaN
    },
    "2023-09-30": {
        "Tax Effect Of Unusual Items": NaN,
        "Tax Rate For Calcs": NaN,
        "Normalized EBITDA": NaN,
        "Net Income From Continuing Operation Net Minority Interest": NaN,
        "Reconciled Depreciation": NaN,
        "EBITDA": NaN,
        "EBIT": NaN,
        "Normalized Income": NaN,
        "Net Income From Continuing And Discontinued Operation": NaN,
        "Total Expenses": NaN,
        "Total Operating Income As Reported": NaN,
        "Diluted Average Shares": 68320125.0,
        "Basic Average Shares": 68320125.0,
        "Diluted EPS": -1.5,
        "Basic EPS": -1.5,
        "Diluted NI Availto Com Stockholders": NaN,
        "Net Income Common Stockholders": NaN,
        "Net Income": NaN,
        "Net Income Including Noncontrolling Interests": NaN,
        "Net Income Continuous Operations": NaN,
        "Tax Provision": NaN,
        "Pretax Income": NaN,
        "Other Income Expense": NaN,
        "Other Non Operating Income Expenses": NaN,
        "Operating Income": NaN,
        "Operating Expense": NaN,
        "Research And Development": NaN,
        "Selling General And Administration": NaN,
        "General And Administrative Expense": NaN,
        "Other Gand A": NaN,
        "Total Revenue": NaN,
        "Operating Revenue": NaN
    },
    "2023-12-31": {
        "Tax Effect Of Unusual Items": 0.0,
        "Tax Rate For Calcs": 0.008303,
        "Normalized EBITDA": -151817000.0,
        "Net Income From Continuing Operation Net Minority Interest": -144756000.0,
        "Reconciled Depreciation": 1894000.0,
        "EBITDA": -151817000.0,
        "EBIT": -153711000.0,
        "Normalized Income": -144756000.0,
        "Net Income From Continuing And Discontinued Operation": -144756000.0,
        "Total Expenses": 153711000.0,
        "Total Operating Income As Reported": -153711000.0,
        "Diluted Average Shares": NaN,
        "Basic Average Shares": NaN,
        "Diluted EPS": NaN,
        "Basic EPS": NaN,
        "Diluted NI Availto Com Stockholders": -144756000.0,
        "Net Income Common Stockholders": -144756000.0,
        "Net Income": -144756000.0,
        "Net Income Including Noncontrolling Interests": -144756000.0,
        "Net Income Continuous Operations": -144756000.0,
        "Tax Provision": -1212000.0,
        "Pretax Income": -145968000.0,
        "Other Income Expense": 7743000.0,
        "Other Non Operating Income Expenses": 7743000.0,
        "Operating Income": -153711000.0,
        "Operating Expense": 153711000.0,
        "Research And Development": 134813000.0,
        "Selling General And Administration": 18898000.0,
        "General And Administrative Expense": 18898000.0,
        "Other Gand A": 18898000.0,
        "Total Revenue": 0.0,
        "Operating Revenue": 0.0
    },
    "2024-03-31": {
        "Tax Effect Of Unusual Items": 0.0,
        "Tax Rate For Calcs": 0.21,
        "Normalized EBITDA": -181794000.0,
        "Net Income From Continuing Operation Net Minority Interest": -179504000.0,
        "Reconciled Depreciation": 1446000.0,
        "EBITDA": -181794000.0,
        "EBIT": -183240000.0,
        "Normalized Income": -179504000.0,
        "Net Income From Continuing And Discontinued Operation": -179504000.0,
        "Total Expenses": 183240000.0,
        "Total Operating Income As Reported": -183240000.0,
        "Diluted Average Shares": 81601826.0,
        "Basic Average Shares": 81601826.0,
        "Diluted EPS": -2.2,
        "Basic EPS": -2.2,
        "Diluted NI Availto Com Stockholders": -179504000.0,
        "Net Income Common Stockholders": -179504000.0,
        "Net Income": -179504000.0,
        "Net Income Including Noncontrolling Interests": -179504000.0,
        "Net Income Continuous Operations": -179504000.0,
        "Tax Provision": 569000.0,
        "Pretax Income": -178935000.0,
        "Other Income Expense": 4305000.0,
        "Other Non Operating Income Expenses": 4305000.0,
        "Operating Income": -183240000.0,
        "Operating Expense": 183240000.0,
        "Research And Development": 155972000.0,
        "Selling General And Administration": 27268000.0,
        "General And Administrative Expense": 27268000.0,
        "Other Gand A": 27268000.0,
        "Total Revenue": 0.0,
        "Operating Revenue": 0.0
    },
    "2024-06-30": {
        "Tax Effect Of Unusual Items": 0.0,
        "Tax Rate For Calcs": 0.21,
        "Normalized EBITDA": -331818000.0,
        "Net Income From Continuing Operation Net Minority Interest": -319771000.0,
        "Reconciled Depreciation": 1954000.0,
        "EBITDA": -331818000.0,
        "EBIT": -333772000.0,
        "Normalized Income": -319771000.0,
        "Net Income From Continuing And Discontinued Operation": -319771000.0,
        "Total Expenses": 333772000.0,
        "Total Operating Income As Reported": -333772000.0,
        "Diluted Average Shares": 87766069.0,
        "Basic Average Shares": 87766069.0,
        "Diluted EPS": -3.64,
        "Basic EPS": -3.64,
        "Diluted NI Availto Com Stockholders": -319771000.0,
        "Net Income Common Stockholders": -319771000.0,
        "Net Income": -319771000.0,
        "Net Income Including Noncontrolling Interests": -319771000.0,
        "Net Income Continuous Operations": -319771000.0,
        "Tax Provision": 177000.0,
        "Pretax Income": -319594000.0,
        "Other Income Expense": 14178000.0,
        "Other Non Operating Income Expenses": 14178000.0,
        "Operating Income": -333772000.0,
        "Operating Expense": 333772000.0,
        "Research And Development": 314819000.0,
        "Selling General And Administration": 18953000.0,
        "General And Administrative Expense": 18953000.0,
        "Other Gand A": 18953000.0,
        "Total Revenue": 0.0,
        "Operating Revenue": 0.0
    },
    "2024-09-30": {
        "Tax Effect Of Unusual Items": 0.0,
        "Tax Rate For Calcs": 0.000368,
        "Normalized EBITDA": -176174000.0,
        "Net Income From Continuing Operation Net Minority Interest": -160304000.0,
        "Reconciled Depreciation": 1994000.0,
        "EBITDA": -176174000.0,
        "EBIT": -178168000.0,
        "Normalized Income": -160304000.0,
        "Net Income From Continuing And Discontinued Operation": -160304000.0,
        "Total Expenses": 178168000.0,
        "Total Operating Income As Reported": -178168000.0,
        "Diluted Average Shares": 94372159.0,
        "Basic Average Shares": 94372159.0,
        "Diluted EPS": -1.7,
        "Basic EPS": -1.7,
        "Diluted NI Availto Com Stockholders": -160304000.0,
        "Net Income Common Stockholders": -160304000.0,
        "Net Income": -160304000.0,
        "Net Income Including Noncontrolling Interests": -160304000.0,
        "Net Income Continuous Operations": -160304000.0,
        "Tax Provision": -59000.0,
        "Pretax Income": -160363000.0,
        "Other Income Expense": 17805000.0,
        "Other Non Operating Income Expenses": 17805000.0,
        "Operating Income": -178168000.0,
        "Operating Expense": 178168000.0,
        "Research And Development": 157607000.0,
        "Selling General And Administration": 20561000.0,
        "General And Administrative Expense": 20561000.0,
        "Other Gand A": 20561000.0,
        "Total Revenue": 0.0,
        "Operating Revenue": 0.0
    },
    "2024-12-31": {
        "Tax Effect Of Unusual Items": 0.0,
        "Tax Rate For Calcs": 0.21,
        "Normalized EBITDA": -187470000.0,
        "Net Income From Continuing Operation Net Minority Interest": -186843000.0,
        "Reconciled Depreciation": 2461000.0,
        "EBITDA": -187470000.0,
        "EBIT": -189931000.0,
        "Normalized Income": -186843000.0,
        "Net Income From Continuing And Discontinued Operation": -186843000.0,
        "Total Expenses": 189931000.0,
        "Total Operating Income As Reported": -189931000.0,
        "Diluted Average Shares": 101054895.0,
        "Basic Average Shares": 101054895.0,
        "Diluted EPS": -1.85,
        "Basic EPS": -1.85,
        "Diluted NI Availto Com Stockholders": -186843000.0,
        "Net Income Common Stockholders": -186843000.0,
        "Net Income": -186843000.0,
        "Net Income Including Noncontrolling Interests": -186843000.0,
        "Net Income Continuous Operations": -186843000.0,
        "Tax Provision": 48000.0,
        "Pretax Income": -186795000.0,
        "Other Income Expense": 3136000.0,
        "Other Non Operating Income Expenses": 3136000.0,
        "Operating Income": -189931000.0,
        "Operating Expense": 189931000.0,
        "Research And Development": 167473000.0,
        "Selling General And Administration": 22458000.0,
        "General And Administrative Expense": 22458000.0,
        "Other Gand A": 22458000.0,
        "Total Revenue": 0.0,
        "Operating Revenue": 0.0
    },
    "2025-03-31": {
        "Tax Effect Of Unusual Items": 0.0,
        "Tax Rate For Calcs": 0.21,
        "Normalized EBITDA": -219315000.0,
        "Net Income From Continuing Operation Net Minority Interest": -221677000.0,
        "Reconciled Depreciation": 2246000.0,
        "EBITDA": -219315000.0,
        "EBIT": -221561000.0,
        "Normalized Income": -221677000.0,
        "Net Income From Continuing And Discontinued Operation": -221677000.0,
        "Total Expenses": 221561000.0,
        "Total Operating Income As Reported": -221561000.0,
        "Diluted Average Shares": 101943396.0,
        "Basic Average Shares": 101943396.0,
        "Diluted EPS": -2.17,
        "Basic EPS": -2.17,
        "Diluted NI Availto Com Stockholders": -221677000.0,
        "Net Income Common Stockholders": -221677000.0,
        "Net Income": -221677000.0,
        "Net Income Including Noncontrolling Interests": -221677000.0,
        "Net Income Continuous Operations": -221677000.0,
        "Tax Provision": 609000.0,
        "Pretax Income": -221068000.0,
        "Other Income Expense": 493000.0,
        "Other Non Operating Income Expenses": 493000.0,
        "Operating Income": -221561000.0,
        "Operating Expense": 221561000.0,
        "Research And Development": 187584000.0,
        "Selling General And Administration": 33977000.0,
        "General And Administrative Expense": 33977000.0,
        "Other Gand A": 33977000.0,
        "Total Revenue": 0.0,
        "Operating Revenue": 0.0
    }
}