{
    "2023-03-31": {
        "Tax Effect Of Unusual Items": -16694125.412541,
        "Tax Rate For Calcs": 0.157492,
        "Normalized EBITDA": 8485000000.0,
        "Total Unusual Items": -106000000.0,
        "Total Unusual Items Excluding Goodwill": -106000000.0,
        "Net Income From Continuing Operation Net Minority Interest": 5825000000.0,
        "Reconciled Cost Of Revenue": 15152000000.0,
        "EBITDA": 8379000000.0,
        "EBIT": 8379000000.0,
        "Net Interest Income": 1111000000.0,
        "Interest Expense": 804000000.0,
        "Interest Income": 1915000000.0,
        "Normalized Income": 5914305874.587459,
        "Net Income From Continuing And Discontinued Operation": 5825000000.0,
        "Total Expenses": 26164000000.0,
        "Total Operating Income As Reported": 4980000000.0,
        "Diluted Average Shares": 354625000.0,
        "Basic Average Shares": 349750000.0,
        "Diluted EPS": 15.92,
        "Basic EPS": 16.16,
        "Diluted NI Availto Com Stockholders": 5825000000.0,
        "Net Income Common Stockholders": 5825000000.0,
        "Net Income": 5825000000.0,
        "Minority Interests": -557000000.0,
        "Net Income Including Noncontrolling Interests": 6382000000.0,
        "Net Income Continuous Operations": 6382000000.0,
        "Tax Provision": 1193000000.0,
        "Pretax Income": 7575000000.0,
        "Other Income Expense": 1484000000.0,
        "Other Non Operating Income Expenses": 1638000000.0,
        "Earnings From Equity Interest": -48000000.0,
        "Gain On Sale Of Security": -106000000.0,
        "Net Non Operating Interest Income Expense": 1111000000.0,
        "Interest Expense Non Operating": 804000000.0,
        "Interest Income Non Operating": 1915000000.0,
        "Operating Income": 4980000000.0,
        "Operating Expense": 11012000000.0,
        "Research And Development": 5423000000.0,
        "Selling General And Administration": 5589000000.0,
        "General And Administrative Expense": NaN,
        "Other Gand A": NaN,
        "Salaries And Wages": NaN,
        "Gross Profit": 15992000000.0,
        "Cost Of Revenue": 15152000000.0,
        "Total Revenue": 31144000000.0,
        "Operating Revenue": 17972000000.0
    },
    "2022-12-31": {
        "Tax Effect Of Unusual Items": -66497019.140257,
        "Tax Rate For Calcs": 0.196737,
        "Normalized EBITDA": 7450000000.0,
        "Total Unusual Items": -338000000.0,
        "Total Unusual Items Excluding Goodwill": -338000000.0,
        "Net Income From Continuing Operation Net Minority Interest": 4953000000.0,
        "Reconciled Cost Of Revenue": 16945000000.0,
        "EBITDA": 7112000000.0,
        "EBIT": 7112000000.0,
        "Net Interest Income": 909000000.0,
        "Interest Expense": 738000000.0,
        "Interest Income": 1647000000.0,
        "Normalized Income": 5224502980.859743,
        "Net Income From Continuing And Discontinued Operation": 4953000000.0,
        "Total Expenses": 28484000000.0,
        "Total Operating Income As Reported": 4593000000.0,
        "Diluted Average Shares": 350125000.0,
        "Basic Average Shares": 348625000.0,
        "Diluted EPS": 13.6,
        "Basic EPS": 13.76,
        "Diluted NI Availto Com Stockholders": 4953000000.0,
        "Net Income Common Stockholders": 4953000000.0,
        "Net Income": 4953000000.0,
        "Minority Interests": -167000000.0,
        "Net Income Including Noncontrolling Interests": 5120000000.0,
        "Net Income Continuous Operations": 5120000000.0,
        "Tax Provision": 1254000000.0,
        "Pretax Income": 6374000000.0,
        "Other Income Expense": 872000000.0,
        "Other Non Operating Income Expenses": 1733000000.0,
        "Earnings From Equity Interest": -523000000.0,
        "Gain On Sale Of Security": -338000000.0,
        "Net Non Operating Interest Income Expense": 909000000.0,
        "Interest Expense Non Operating": 738000000.0,
        "Interest Income Non Operating": 1647000000.0,
        "Operating Income": 4593000000.0,
        "Operating Expense": 11539000000.0,
        "Research And Development": 5658000000.0,
        "Selling General And Administration": 5881000000.0,
        "General And Administrative Expense": NaN,
        "Other Gand A": NaN,
        "Salaries And Wages": NaN,
        "Gross Profit": 16132000000.0,
        "Cost Of Revenue": 16945000000.0,
        "Total Revenue": 33077000000.0,
        "Operating Revenue": 19571000000.0
    },
    "2022-09-30": {
        "Tax Effect Of Unusual Items": -322400000.0,
        "Tax Rate For Calcs": 0.4,
        "Normalized EBITDA": 2077000000.0,
        "Total Unusual Items": -806000000.0,
        "Total Unusual Items Excluding Goodwill": -806000000.0,
        "Net Income From Continuing Operation Net Minority Interest": -146000000.0,
        "Reconciled Cost Of Revenue": 16273000000.0,
        "EBITDA": 1271000000.0,
        "EBIT": 1271000000.0,
        "Net Interest Income": 895000000.0,
        "Interest Expense": 724000000.0,
        "Interest Income": 1619000000.0,
        "Normalized Income": 337600000.0,
        "Net Income From Continuing And Discontinued Operation": -146000000.0,
        "Total Expenses": 27223000000.0,
        "Total Operating Income As Reported": 5317000000.0,
        "Diluted Average Shares": 348750000.0,
        "Basic Average Shares": 348750000.0,
        "Diluted EPS": -0.88,
        "Basic EPS": -0.88,
        "Diluted NI Availto Com Stockholders": -146000000.0,
        "Net Income Common Stockholders": -146000000.0,
        "Net Income": -146000000.0,
        "Minority Interests": 215000000.0,
        "Net Income Including Noncontrolling Interests": -361000000.0,
        "Net Income Continuous Operations": -361000000.0,
        "Tax Provision": 908000000.0,
        "Pretax Income": 547000000.0,
        "Other Income Expense": -5665000000.0,
        "Other Non Operating Income Expenses": -4483000000.0,
        "Earnings From Equity Interest": -376000000.0,
        "Gain On Sale Of Security": -806000000.0,
        "Net Non Operating Interest Income Expense": 895000000.0,
        "Interest Expense Non Operating": 724000000.0,
        "Interest Income Non Operating": 1619000000.0,
        "Operating Income": 5317000000.0,
        "Operating Expense": 10950000000.0,
        "Research And Development": 5757000000.0,
        "Selling General And Administration": 5193000000.0,
        "General And Administrative Expense": NaN,
        "Other Gand A": NaN,
        "Salaries And Wages": NaN,
        "Gross Profit": 16267000000.0,
        "Cost Of Revenue": 16273000000.0,
        "Total Revenue": 32540000000.0,
        "Operating Revenue": 19943000000.0
    },
    "2022-06-30": {
        "Tax Effect Of Unusual Items": -2316248.943959,
        "Tax Rate For Calcs": 0.00704,
        "Normalized EBITDA": 4621000000.0,
        "Total Unusual Items": -329000000.0,
        "Total Unusual Items Excluding Goodwill": -329000000.0,
        "Net Income From Continuing Operation Net Minority Interest": 3637000000.0,
        "Reconciled Cost Of Revenue": 15171000000.0,
        "EBITDA": 4292000000.0,
        "EBIT": 4292000000.0,
        "Net Interest Income": 784000000.0,
        "Interest Expense": 741000000.0,
        "Interest Income": 1525000000.0,
        "Normalized Income": 3963683751.056041,
        "Net Income From Continuing And Discontinued Operation": 3637000000.0,
        "Total Expenses": 26247000000.0,
        "Total Operating Income As Reported": 3400000000.0,
        "Diluted Average Shares": 351375000.0,
        "Basic Average Shares": 347500000.0,
        "Diluted EPS": 10.0,
        "Basic EPS": 10.08,
        "Diluted NI Availto Com Stockholders": 3637000000.0,
        "Net Income Common Stockholders": 3637000000.0,
        "Net Income": 3637000000.0,
        "Minority Interests": 111000000.0,
        "Net Income Including Noncontrolling Interests": 3526000000.0,
        "Net Income Continuous Operations": 3526000000.0,
        "Tax Provision": 25000000.0,
        "Pretax Income": 3551000000.0,
        "Other Income Expense": -633000000.0,
        "Other Non Operating Income Expenses": 299000000.0,
        "Earnings From Equity Interest": -603000000.0,
        "Gain On Sale Of Security": -329000000.0,
        "Net Non Operating Interest Income Expense": 784000000.0,
        "Interest Expense Non Operating": 741000000.0,
        "Interest Income Non Operating": 1525000000.0,
        "Operating Income": 3400000000.0,
        "Operating Expense": 11076000000.0,
        "Research And Development": 6292000000.0,
        "Selling General And Administration": 4784000000.0,
        "General And Administrative Expense": NaN,
        "Other Gand A": NaN,
        "Salaries And Wages": NaN,
        "Gross Profit": 14476000000.0,
        "Cost Of Revenue": 15171000000.0,
        "Total Revenue": 29647000000.0,
        "Operating Revenue": 18268000000.0
    },
    "2022-03-31": {
        "Diluted EPS": -0.45,
        "Total Revenue": NaN,
        "Gross Profit": NaN,
        "Operating Income": 410,
        "EBIT": 410,
        "Net Income": -140
    },
    "2021-12-31": {
        "Diluted EPS": 0.88,
        "Total Revenue": NaN,
        "Gross Profit": NaN,
        "Operating Income": 331,
        "EBIT": 331,
        "Net Income": 350
    },
    "2021-09-30": {
        "Diluted EPS": -7.48,
        "Total Revenue": NaN,
        "Gross Profit": NaN,
        "Operating Income": 358,
        "EBIT": 358,
        "Net Income": NaN
    },
    "2021-06-30": {
        "Diluted EPS": -0.26,
        "Total Revenue": NaN,
        "Gross Profit": NaN,
        "Operating Income": 536,
        "EBIT": 536,
        "Net Income": -90
    },
    "2021-03-31": {
        "Diluted EPS": 11.26,
        "Total Revenue": NaN,
        "Gross Profit": NaN,
        "Operating Income": 426,
        "EBIT": 426,
        "Net Income": NaN
    },
    "2020-12-31": {
        "Diluted EPS": 2.64,
        "Total Revenue": NaN,
        "Gross Profit": NaN,
        "Operating Income": 837,
        "EBIT": 837,
        "Net Income": 916
    },
    "2020-09-30": {
        "Diluted EPS": 5.86,
        "Total Revenue": NaN,
        "Gross Profit": NaN,
        "Operating Income": 907,
        "EBIT": 907,
        "Net Income": NaN
    },
    "2020-06-30": {
        "Diluted EPS": 1.46,
        "Total Revenue": NaN,
        "Gross Profit": NaN,
        "Operating Income": 516,
        "EBIT": 516,
        "Net Income": 507
    },
    "2020-03-31": {
        "Diluted EPS": 0.0,
        "Total Revenue": NaN,
        "Gross Profit": NaN,
        "Operating Income": -62,
        "EBIT": -62,
        "Net Income": 6
    },
    "2019-12-31": {
        "Diluted EPS": 2.56,
        "Total Revenue": NaN,
        "Gross Profit": NaN,
        "Operating Income": 682,
        "EBIT": 682,
        "Net Income": 886
    },
    "2019-09-30": {
        "Diluted EPS": -2.57,
        "Total Revenue": NaN,
        "Gross Profit": NaN,
        "Operating Income": 329,
        "EBIT": 329,
        "Net Income": -892
    },
    "2019-06-30": {
        "Diluted EPS": 0.96,
        "Total Revenue": NaN,
        "Gross Profit": NaN,
        "Operating Income": 34,
        "EBIT": 34,
        "Net Income": 351
    },
    "2019-03-31": {
        "Diluted EPS": -0.15,
        "Total Revenue": NaN,
        "Gross Profit": NaN,
        "Operating Income": -139,
        "EBIT": -139,
        "Net Income": -49
    },
    "2018-12-31": {
        "Diluted EPS": 0.38,
        "Total Revenue": NaN,
        "Gross Profit": NaN,
        "Operating Income": 39,
        "EBIT": 39,
        "Net Income": 130
    },
    "2018-09-30": {
        "Diluted EPS": 5.18,
        "Total Revenue": NaN,
        "Gross Profit": NaN,
        "Operating Income": 651,
        "EBIT": 651,
        "Net Income": NaN
    },
    "2018-06-30": {
        "Diluted EPS": 2.85,
        "Total Revenue": NaN,
        "Gross Profit": NaN,
        "Operating Income": 851,
        "EBIT": 851,
        "Net Income": NaN
    },
    "2018-03-31": {
        "Diluted EPS": 2.94,
        "Total Revenue": NaN,
        "Gross Profit": NaN,
        "Operating Income": 719,
        "EBIT": 719,
        "Net Income": NaN
    },
    "2017-12-31": {
        "Diluted EPS": 2.33,
        "Total Revenue": NaN,
        "Gross Profit": NaN,
        "Operating Income": 801,
        "EBIT": 801,
        "Net Income": 719
    },
    "2017-09-30": {
        "Diluted EPS": 3.41,
        "Total Revenue": NaN,
        "Gross Profit": NaN,
        "Operating Income": 705,
        "EBIT": 705,
        "Net Income": NaN
    },
    "2017-06-30": {
        "Diluted EPS": 1.65,
        "Total Revenue": NaN,
        "Gross Profit": NaN,
        "Operating Income": 614,
        "EBIT": 614,
        "Net Income": 644
    },
    "2017-03-31": {
        "Diluted EPS": 0.67,
        "Total Revenue": NaN,
        "Gross Profit": NaN,
        "Operating Income": 291,
        "EBIT": 291,
        "Net Income": 258
    },
    "2016-12-31": {
        "Diluted EPS": 1.49,
        "Total Revenue": NaN,
        "Gross Profit": NaN,
        "Operating Income": 252,
        "EBIT": 252,
        "Net Income": 537
    },
    "2016-09-30": {
        "Diluted EPS": 1.28,
        "Total Revenue": NaN,
        "Gross Profit": NaN,
        "Operating Income": 418,
        "EBIT": 418,
        "Net Income": 465
    },
    "2016-06-30": {
        "Diluted EPS": 1.01,
        "Total Revenue": NaN,
        "Gross Profit": NaN,
        "Operating Income": 439,
        "EBIT": 439,
        "Net Income": 370
    },
    "2016-03-31": {
        "Diluted EPS": 0.82,
        "Total Revenue": NaN,
        "Gross Profit": NaN,
        "Operating Income": 338,
        "EBIT": 338,
        "Net Income": 304
    },
    "2015-09-30": {
        "Diluted EPS": 1.27,
        "Total Revenue": NaN,
        "Gross Profit": NaN,
        "Operating Income": 402,
        "EBIT": 402,
        "Net Income": 454
    },
    "2015-06-30": {
        "Diluted EPS": 1.67,
        "Total Revenue": NaN,
        "Gross Profit": NaN,
        "Operating Income": 570,
        "EBIT": 570,
        "Net Income": 601
    },
    "2015-03-31": {
        "Diluted EPS": 1.1,
        "Total Revenue": NaN,
        "Gross Profit": NaN,
        "Operating Income": 351,
        "Net Income": 399
    },
    "2012-12-31": {
        "Diluted EPS": 1.33,
        "Total Revenue": NaN,
        "Gross Profit": 722,
        "Operating Income": 477,
        "EBIT": 557,
        "Net Income": 465
    },
    "2012-09-30": {
        "Diluted EPS": 1.37,
        "Total Revenue": 995,
        "Gross Profit": 725,
        "Operating Income": 525,
        "EBIT": 688,
        "Net Income": 479
    },
    "2012-06-30": {
        "Diluted EPS": 1.24,
        "Total Revenue": 859,
        "Gross Profit": 620,
        "Operating Income": 440,
        "EBIT": 440,
        "Net Income": 436
    },
    "2012-03-31": {
        "Diluted EPS": 0.85,
        "Total Revenue": 677,
        "Gross Profit": 479,
        "Operating Income": 332,
        "EBIT": 332,
        "Net Income": 299
    },
    "2011-12-31": {
        "Diluted EPS": 0.93,
        "Total Revenue": 711,
        "Gross Profit": 517,
        "Operating Income": 370,
        "EBIT": 370,
        "Net Income": 326
    },
    "2011-09-30": {
        "Diluted EPS": 0.84,
        "Total Revenue": 655,
        "Gross Profit": 482,
        "Operating Income": 351,
        "EBIT": 351,
        "Net Income": 295
    },
    "2011-06-30": {
        "Diluted EPS": 0.72,
        "Total Revenue": 528,
        "Gross Profit": 393,
        "Operating Income": 289,
        "EBIT": 289,
        "Net Income": 253
    },
    "2011-03-31": {
        "Diluted EPS": 0.47,
        "Total Revenue": 342,
        "Gross Profit": 240,
        "Operating Income": 153,
        "EBIT": 153,
        "Net Income": 164
    },
    "2010-12-31": {
        "Diluted EPS": 0.5,
        "Total Revenue": 372,
        "Gross Profit": 278,
        "Operating Income": 196,
        "EBIT": 196,
        "Net Income": 176
    },
    "2010-09-30": {
        "Diluted EPS": 0.45,
        "Total Revenue": 337,
        "Gross Profit": 252,
        "Operating Income": 178,
        "EBIT": 178,
        "Net Income": 156
    },
    "2010-06-30": {
        "Diluted EPS": 0.35,
        "Total Revenue": 282,
        "Gross Profit": 206,
        "Operating Income": 144,
        "EBIT": 144,
        "Net Income": 124
    },
    "2010-03-31": {
        "Diluted EPS": 0.2,
        "Total Revenue": 190,
        "Gross Profit": 127,
        "Operating Income": 77,
        "EBIT": 77,
        "Net Income": 70
    },
    "2009-12-31": {
        "Diluted EPS": 0.18,
        "Total Revenue": 185,
        "Gross Profit": 119,
        "Operating Income": 68,
        "EBIT": 68,
        "Net Income": 63
    },
    "2009-09-30": {
        "Diluted EPS": 0.21,
        "Total Revenue": 187,
        "Gross Profit": 122,
        "Operating Income": 76,
        "EBIT": 76,
        "Net Income": 72
    },
    "2009-06-30": {
        "Diluted EPS": 0.16,
        "Total Revenue": 161,
        "Gross Profit": 102,
        "Operating Income": 62,
        "EBIT": 62,
        "Net Income": 56
    },
    "2009-03-31": {
        "Diluted EPS": 0.08,
        "Total Revenue": 119,
        "Gross Profit": 71,
        "Operating Income": 29,
        "EBIT": 29,
        "Net Income": 27
    },
    "2023-06-30": {
        "Tax Effect Of Unusual Items": NaN,
        "Tax Rate For Calcs": NaN,
        "Normalized EBITDA": NaN,
        "Total Unusual Items": NaN,
        "Total Unusual Items Excluding Goodwill": NaN,
        "Net Income From Continuing Operation Net Minority Interest": NaN,
        "Reconciled Cost Of Revenue": NaN,
        "EBITDA": NaN,
        "EBIT": NaN,
        "Net Interest Income": NaN,
        "Interest Expense": NaN,
        "Interest Income": NaN,
        "Normalized Income": NaN,
        "Net Income From Continuing And Discontinued Operation": NaN,
        "Total Expenses": NaN,
        "Total Operating Income As Reported": NaN,
        "Diluted Average Shares": NaN,
        "Basic Average Shares": NaN,
        "Diluted EPS": NaN,
        "Basic EPS": NaN,
        "Diluted NI Availto Com Stockholders": NaN,
        "Net Income Common Stockholders": NaN,
        "Net Income": NaN,
        "Minority Interests": NaN,
        "Net Income Including Noncontrolling Interests": NaN,
        "Net Income Continuous Operations": NaN,
        "Tax Provision": NaN,
        "Pretax Income": NaN,
        "Other Income Expense": NaN,
        "Other Non Operating Income Expenses": NaN,
        "Earnings From Equity Interest": NaN,
        "Gain On Sale Of Security": NaN,
        "Net Non Operating Interest Income Expense": NaN,
        "Interest Expense Non Operating": NaN,
        "Interest Income Non Operating": NaN,
        "Operating Income": NaN,
        "Operating Expense": NaN,
        "Research And Development": NaN,
        "Selling General And Administration": NaN,
        "General And Administrative Expense": 6492000000.0,
        "Other Gand A": 5852000000.0,
        "Salaries And Wages": 640000000.0,
        "Gross Profit": NaN,
        "Cost Of Revenue": NaN,
        "Total Revenue": NaN,
        "Operating Revenue": NaN
    },
    "2023-09-30": {
        "Tax Effect Of Unusual Items": NaN,
        "Tax Rate For Calcs": NaN,
        "Normalized EBITDA": NaN,
        "Total Unusual Items": NaN,
        "Total Unusual Items Excluding Goodwill": NaN,
        "Net Income From Continuing Operation Net Minority Interest": NaN,
        "Reconciled Cost Of Revenue": NaN,
        "EBITDA": NaN,
        "EBIT": NaN,
        "Net Interest Income": NaN,
        "Interest Expense": NaN,
        "Interest Income": NaN,
        "Normalized Income": NaN,
        "Net Income From Continuing And Discontinued Operation": NaN,
        "Total Expenses": NaN,
        "Total Operating Income As Reported": NaN,
        "Diluted Average Shares": 355750000.0,
        "Basic Average Shares": 351750000.0,
        "Diluted EPS": 18.24,
        "Basic EPS": 18.48,
        "Diluted NI Availto Com Stockholders": NaN,
        "Net Income Common Stockholders": NaN,
        "Net Income": NaN,
        "Minority Interests": NaN,
        "Net Income Including Noncontrolling Interests": NaN,
        "Net Income Continuous Operations": NaN,
        "Tax Provision": NaN,
        "Pretax Income": NaN,
        "Other Income Expense": NaN,
        "Other Non Operating Income Expenses": NaN,
        "Earnings From Equity Interest": NaN,
        "Gain On Sale Of Security": NaN,
        "Net Non Operating Interest Income Expense": NaN,
        "Interest Expense Non Operating": NaN,
        "Interest Income Non Operating": NaN,
        "Operating Income": NaN,
        "Operating Expense": NaN,
        "Research And Development": NaN,
        "Selling General And Administration": NaN,
        "Gross Profit": NaN,
        "Cost Of Revenue": NaN,
        "Total Revenue": NaN,
        "Operating Revenue": NaN
    },
    "2023-12-31": {
        "Tax Effect Of Unusual Items": -112250000.0,
        "Tax Rate For Calcs": 0.25,
        "Normalized EBITDA": 4088000000.0,
        "Total Unusual Items": -449000000.0,
        "Total Unusual Items Excluding Goodwill": -449000000.0,
        "Net Income From Continuing Operation Net Minority Interest": 2599000000.0,
        "Reconciled Cost Of Revenue": 17418000000.0,
        "EBITDA": 3639000000.0,
        "EBIT": 3639000000.0,
        "Net Interest Income": 1290000000.0,
        "Interest Expense": 774000000.0,
        "Interest Income": 2064000000.0,
        "Normalized Income": NaN,
        "Net Income From Continuing And Discontinued Operation": 2599000000.0,
        "Total Expenses": 29559000000.0,
        "Total Operating Income As Reported": 5392000000.0,
        "Diluted Average Shares": 353750000.0,
        "Basic Average Shares": 351500000.0,
        "Diluted EPS": 6.8,
        "Basic EPS": 6.88,
        "Diluted NI Availto Com Stockholders": 1838000000.0,
        "Net Income Common Stockholders": 1882000000.0,
        "Net Income": 2599000000.0,
        "Minority Interests": -362000000.0,
        "Net Income Including Noncontrolling Interests": 2961000000.0,
        "Net Income Continuous Operations": 2961000000.0,
        "Tax Provision": NaN,
        "Pretax Income": 2865000000.0,
        "Other Income Expense": -3817000000.0,
        "Other Non Operating Income Expenses": -398000000.0,
        "Earnings From Equity Interest": NaN,
        "Gain On Sale Of Security": -449000000.0,
        "Net Non Operating Interest Income Expense": 1290000000.0,
        "Interest Expense Non Operating": 774000000.0,
        "Interest Income Non Operating": 2064000000.0,
        "Operating Income": NaN,
        "Operating Expense": 12141000000.0,
        "Research And Development": 6287000000.0,
        "Selling General And Administration": 5854000000.0,
        "Gross Profit": 17533000000.0,
        "Cost Of Revenue": 17418000000.0,
        "Total Revenue": 34951000000.0,
        "Operating Revenue": 20804000000.0
    },
    "2024-03-31": {
        "Tax Effect Of Unusual Items": 52612630.014859,
        "Tax Rate For Calcs": 0.131204,
        "Normalized EBITDA": 7095000000.0,
        "Total Unusual Items": 401000000.0,
        "Total Unusual Items Excluding Goodwill": 401000000.0,
        "Net Income From Continuing Operation Net Minority Interest": 5448000000.0,
        "Reconciled Cost Of Revenue": 15291000000.0,
        "EBITDA": 7496000000.0,
        "EBIT": 7496000000.0,
        "Net Interest Income": 1325000000.0,
        "Interest Expense": 766000000.0,
        "Interest Income": 2091000000.0,
        "Normalized Income": 5099612630.014859,
        "Net Income From Continuing And Discontinued Operation": 5448000000.0,
        "Total Expenses": 26029000000.0,
        "Total Operating Income As Reported": 5484000000.0,
        "Diluted Average Shares": 352000000.0,
        "Basic Average Shares": 350500000.0,
        "Diluted EPS": 14.88,
        "Basic EPS": 14.96,
        "Diluted NI Availto Com Stockholders": 5448000000.0,
        "Net Income Common Stockholders": 5448000000.0,
        "Net Income": 5448000000.0,
        "Minority Interests": -399000000.0,
        "Net Income Including Noncontrolling Interests": 5847000000.0,
        "Net Income Continuous Operations": 5847000000.0,
        "Tax Provision": 883000000.0,
        "Pretax Income": 6730000000.0,
        "Other Income Expense": -79000000.0,
        "Other Non Operating Income Expenses": -275000000.0,
        "Earnings From Equity Interest": -205000000.0,
        "Gain On Sale Of Security": 401000000.0,
        "Net Non Operating Interest Income Expense": 1325000000.0,
        "Interest Expense Non Operating": 766000000.0,
        "Interest Income Non Operating": 2091000000.0,
        "Operating Income": 5484000000.0,
        "Operating Expense": 10738000000.0,
        "Research And Development": 5363000000.0,
        "Selling General And Administration": 5375000000.0,
        "Gross Profit": 16222000000.0,
        "Cost Of Revenue": 15291000000.0,
        "Total Revenue": 31513000000.0,
        "Operating Revenue": 18490000000.0
    },
    "2024-06-30": {
        "Tax Effect Of Unusual Items": 15663886.820551,
        "Tax Rate For Calcs": 0.168429,
        "Normalized EBITDA": 7364000000.0,
        "Total Unusual Items": 93000000.0,
        "Total Unusual Items Excluding Goodwill": 93000000.0,
        "Net Income From Continuing Operation Net Minority Interest": 5488000000.0,
        "Reconciled Cost Of Revenue": 16398000000.0,
        "EBITDA": 7457000000.0,
        "EBIT": 7457000000.0,
        "Net Interest Income": 1251000000.0,
        "Interest Expense": 742000000.0,
        "Interest Income": 1993000000.0,
        "Normalized Income": 5410663886.820551,
        "Net Income From Continuing And Discontinued Operation": 5488000000.0,
        "Total Expenses": 27987000000.0,
        "Total Operating Income As Reported": 5944000000.0,
        "Diluted Average Shares": 350500000.0,
        "Basic Average Shares": 349500000.0,
        "Diluted EPS": 15.04,
        "Basic EPS": 15.12,
        "Diluted NI Availto Com Stockholders": 5488000000.0,
        "Net Income Common Stockholders": 5488000000.0,
        "Net Income": 5488000000.0,
        "Minority Interests": -96000000.0,
        "Net Income Including Noncontrolling Interests": 5584000000.0,
        "Net Income Continuous Operations": 5584000000.0,
        "Tax Provision": 1131000000.0,
        "Pretax Income": 6715000000.0,
        "Other Income Expense": -480000000.0,
        "Other Non Operating Income Expenses": -454000000.0,
        "Earnings From Equity Interest": -119000000.0,
        "Gain On Sale Of Security": 93000000.0,
        "Net Non Operating Interest Income Expense": 1251000000.0,
        "Interest Expense Non Operating": 742000000.0,
        "Interest Income Non Operating": 1993000000.0,
        "Operating Income": 5944000000.0,
        "Operating Expense": 11589000000.0,
        "Research And Development": 5889000000.0,
        "Selling General And Administration": 5700000000.0,
        "Gross Profit": 17533000000.0,
        "Cost Of Revenue": 16398000000.0,
        "Total Revenue": 33931000000.0,
        "Operating Revenue": 20625000000.0
    },
    "2024-09-30": {
        "Tax Effect Of Unusual Items": -103737674.418605,
        "Tax Rate For Calcs": 0.094651,
        "Normalized EBITDA": 10369000000.0,
        "Total Unusual Items": -1096000000.0,
        "Total Unusual Items Excluding Goodwill": -1096000000.0,
        "Net Income From Continuing Operation Net Minority Interest": 7632000000.0,
        "Reconciled Cost Of Revenue": 16399000000.0,
        "EBITDA": 9273000000.0,
        "EBIT": 9273000000.0,
        "Net Interest Income": 1204000000.0,
        "Interest Expense": 673000000.0,
        "Interest Income": 1877000000.0,
        "Normalized Income": 8624262325.581394,
        "Net Income From Continuing And Discontinued Operation": 7632000000.0,
        "Total Expenses": 27632000000.0,
        "Total Operating Income As Reported": 5925000000.0,
        "Diluted Average Shares": 348625000.0,
        "Basic Average Shares": 348125000.0,
        "Diluted EPS": 21.6,
        "Basic EPS": 21.92,
        "Diluted NI Availto Com Stockholders": 7632000000.0,
        "Net Income Common Stockholders": 7632000000.0,
        "Net Income": 7632000000.0,
        "Minority Interests": -154000000.0,
        "Net Income Including Noncontrolling Interests": 7786000000.0,
        "Net Income Continuous Operations": 7786000000.0,
        "Tax Provision": 814000000.0,
        "Pretax Income": 8600000000.0,
        "Other Income Expense": 1471000000.0,
        "Other Non Operating Income Expenses": 2535000000.0,
        "Special Income Charges": 0.0,
        "Impairment Of Capital Assets": 0.0,
        "Earnings From Equity Interest": 32000000.0,
        "Gain On Sale Of Security": -1096000000.0,
        "Net Non Operating Interest Income Expense": 1204000000.0,
        "Interest Expense Non Operating": 673000000.0,
        "Interest Income Non Operating": 1877000000.0,
        "Operating Income": 5925000000.0,
        "Operating Expense": 11233000000.0,
        "Research And Development": 5366000000.0,
        "Selling General And Administration": 5867000000.0,
        "Gross Profit": 17158000000.0,
        "Cost Of Revenue": 16399000000.0,
        "Total Revenue": 33557000000.0,
        "Operating Revenue": 20108000000.0
    },
    "2024-12-31": {
        "Tax Effect Of Unusual Items": 413057929.147028,
        "Tax Rate For Calcs": 0.246161,
        "Normalized EBITDA": 5542000000.0,
        "Total Unusual Items": 1678000000.0,
        "Total Unusual Items Excluding Goodwill": 1678000000.0,
        "Net Income From Continuing Operation Net Minority Interest": 5192000000.0,
        "Reconciled Cost Of Revenue": 18014000000.0,
        "EBITDA": 7220000000.0,
        "EBIT": 7220000000.0,
        "Net Interest Income": 1358000000.0,
        "Interest Expense": 643000000.0,
        "Interest Income": 2001000000.0,
        "Normalized Income": 3927057929.147028,
        "Net Income From Continuing And Discontinued Operation": 5192000000.0,
        "Total Expenses": 30207000000.0,
        "Total Operating Income As Reported": 3917000000.0,
        "Diluted Average Shares": 347875000.0,
        "Basic Average Shares": 346875000.0,
        "Diluted EPS": 14.24,
        "Basic EPS": 14.4,
        "Diluted NI Availto Com Stockholders": 4499000000.0,
        "Net Income Common Stockholders": 4604000000.0,
        "Net Income": 5192000000.0,
        "Minority Interests": 234000000.0,
        "Net Income Including Noncontrolling Interests": 4958000000.0,
        "Net Income Continuous Operations": 4958000000.0,
        "Tax Provision": 1619000000.0,
        "Pretax Income": 6577000000.0,
        "Other Income Expense": 1302000000.0,
        "Other Non Operating Income Expenses": 23000000.0,
        "Special Income Charges": NaN,
        "Impairment Of Capital Assets": NaN,
        "Earnings From Equity Interest": -399000000.0,
        "Gain On Sale Of Security": 1678000000.0,
        "Net Non Operating Interest Income Expense": 1358000000.0,
        "Interest Expense Non Operating": 643000000.0,
        "Interest Income Non Operating": 2001000000.0,
        "Operating Income": 3917000000.0,
        "Operating Expense": 12193000000.0,
        "Research And Development": 5515000000.0,
        "Selling General And Administration": 6678000000.0,
        "Gross Profit": 16110000000.0,
        "Cost Of Revenue": 18014000000.0,
        "Total Revenue": 34124000000.0,
        "Operating Revenue": 19340000000.0
    },
    "2025-03-31": {
        "Tax Effect Of Unusual Items": -27478599.22179,
        "Tax Rate For Calcs": 0.13085,
        "Normalized EBITDA": 10006000000.0,
        "Total Unusual Items": -210000000.0,
        "Total Unusual Items Excluding Goodwill": -210000000.0,
        "Net Income From Continuing Operation Net Minority Interest": 7717000000.0,
        "Reconciled Cost Of Revenue": 17487000000.0,
        "EBITDA": 9796000000.0,
        "EBIT": 9796000000.0,
        "Net Interest Income": 1863000000.0,
        "Interest Expense": 801000000.0,
        "Interest Income": 2664000000.0,
        "Normalized Income": 7899521400.77821,
        "Net Income From Continuing And Discontinued Operation": 7717000000.0,
        "Total Expenses": 27944000000.0,
        "Total Operating Income As Reported": 4508000000.0,
        "Diluted Average Shares": 345250000.0,
        "Basic Average Shares": 343875000.0,
        "Diluted EPS": 21.6,
        "Basic EPS": 21.84,
        "Diluted NI Availto Com Stockholders": 7717000000.0,
        "Net Income Common Stockholders": 7717000000.0,
        "Net Income": 7717000000.0,
        "Minority Interests": -101000000.0,
        "Net Income Including Noncontrolling Interests": 7818000000.0,
        "Net Income Continuous Operations": 7818000000.0,
        "Tax Provision": 1177000000.0,
        "Pretax Income": 8995000000.0,
        "Other Income Expense": 2624000000.0,
        "Other Non Operating Income Expenses": 2260000000.0,
        "Special Income Charges": NaN,
        "Impairment Of Capital Assets": NaN,
        "Earnings From Equity Interest": 574000000.0,
        "Gain On Sale Of Security": -210000000.0,
        "Net Non Operating Interest Income Expense": 1863000000.0,
        "Interest Expense Non Operating": 801000000.0,
        "Interest Income Non Operating": 2664000000.0,
        "Operating Income": 4508000000.0,
        "Operating Expense": 10457000000.0,
        "Research And Development": 4544000000.0,
        "Selling General And Administration": 5913000000.0,
        "Gross Profit": 14965000000.0,
        "Cost Of Revenue": 17487000000.0,
        "Total Revenue": 32452000000.0,
        "Operating Revenue": 17306000000.0
    },
    "2025-06-30": {
        "Tax Effect Of Unusual Items": -67211425.061425,
        "Tax Rate For Calcs": 0.108231,
        "Normalized EBITDA": 9462000000.0,
        "Total Unusual Items": -621000000.0,
        "Total Unusual Items Excluding Goodwill": -621000000.0,
        "Net Income From Continuing Operation Net Minority Interest": 7322000000.0,
        "Reconciled Cost Of Revenue": 18357000000.0,
        "EBITDA": 8841000000.0,
        "EBIT": 8841000000.0,
        "Net Interest Income": 1256000000.0,
        "Interest Expense": 701000000.0,
        "Interest Income": 1957000000.0,
        "Normalized Income": 7875788574.938575,
        "Net Income From Continuing And Discontinued Operation": 7322000000.0,
        "Total Expenses": 29436000000.0,
        "Total Operating Income As Reported": 3277000000.0,
        "Diluted Average Shares": 341250000.0,
        "Basic Average Shares": 340000000.0,
        "Diluted EPS": 20.32,
        "Basic EPS": 20.88,
        "Diluted NI Availto Com Stockholders": 7322000000.0,
        "Net Income Common Stockholders": 7322000000.0,
        "Net Income": 7322000000.0,
        "Minority Interests": 63000000.0,
        "Net Income Including Noncontrolling Interests": 7259000000.0,
        "Net Income Continuous Operations": 7259000000.0,
        "Tax Provision": 881000000.0,
        "Pretax Income": 8140000000.0,
        "Other Income Expense": 3607000000.0,
        "Other Non Operating Income Expenses": 3534000000.0,
        "Special Income Charges": NaN,
        "Impairment Of Capital Assets": NaN,
        "Earnings From Equity Interest": 694000000.0,
        "Gain On Sale Of Security": -621000000.0,
        "Net Non Operating Interest Income Expense": 1256000000.0,
        "Interest Expense Non Operating": 701000000.0,
        "Interest Income Non Operating": 1957000000.0,
        "Operating Income": 3277000000.0,
        "Operating Expense": 11079000000.0,
        "Research And Development": 5119000000.0,
        "Selling General And Administration": 5960000000.0,
        "Gross Profit": 14356000000.0,
        "Cost Of Revenue": 18357000000.0,
        "Total Revenue": 32713000000.0,
        "Operating Revenue": 17485000000.0
    },
    "2025-09-30": {
        "Tax Effect Of Unusual Items": -2301096690.756942,
        "Tax Rate For Calcs": 0.139064,
        "Normalized EBITDA": 4033000000.0,
        "Total Unusual Items": -16547000000.0,
        "Total Unusual Items Excluding Goodwill": -16547000000.0,
        "Net Income From Continuing Operation Net Minority Interest": -11232000000.0,
        "Reconciled Cost Of Revenue": 18315000000.0,
        "EBITDA": -12514000000.0,
        "EBIT": -12514000000.0,
        "Net Interest Income": 1299000000.0,
        "Interest Expense": 631000000.0,
        "Interest Income": 1930000000.0,
        "Normalized Income": 3013903309.243058,
        "Net Income From Continuing And Discontinued Operation": -11232000000.0,
        "Total Expenses": 30075000000.0,
        "Total Operating Income As Reported": -15091000000.0,
        "Diluted Average Shares": 339125000.0,
        "Basic Average Shares": 339125000.0,
        "Diluted EPS": -33.84,
        "Basic EPS": -33.84,
        "Diluted NI Availto Com Stockholders": -11232000000.0,
        "Net Income Common Stockholders": -11232000000.0,
        "Net Income": -11232000000.0,
        "Minority Interests": 85000000.0,
        "Net Income Including Noncontrolling Interests": -11317000000.0,
        "Net Income Continuous Operations": -11317000000.0,
        "Tax Provision": -1828000000.0,
        "Pretax Income": -13145000000.0,
        "Other Income Expense": -15543000000.0,
        "Other Non Operating Income Expenses": 269000000.0,
        "Special Income Charges": -16190000000.0,
        "Impairment Of Capital Assets": 16190000000.0,
        "Earnings From Equity Interest": 735000000.0,
        "Gain On Sale Of Security": -357000000.0,
        "Net Non Operating Interest Income Expense": 1299000000.0,
        "Interest Expense Non Operating": 631000000.0,
        "Interest Income Non Operating": 1930000000.0,
        "Operating Income": 1099000000.0,
        "Operating Expense": 11760000000.0,
        "Research And Development": 5179000000.0,
        "Selling General And Administration": 6581000000.0,
        "Gross Profit": 12859000000.0,
        "Cost Of Revenue": 18315000000.0,
        "Total Revenue": 31174000000.0,
        "Operating Revenue": 16566000000.0
    }
}