{
    "2023-03-31": {
        "Tax Effect Of Unusual Items": NaN,
        "Tax Rate For Calcs": NaN,
        "Normalized EBITDA": NaN,
        "Total Unusual Items": NaN,
        "Total Unusual Items Excluding Goodwill": NaN,
        "Net Income From Continuing Operation Net Minority Interest": NaN,
        "Reconciled Depreciation": NaN,
        "Reconciled Cost Of Revenue": NaN,
        "EBITDA": NaN,
        "EBIT": NaN,
        "Net Interest Income": NaN,
        "Interest Expense": NaN,
        "Interest Income": NaN,
        "Normalized Income": NaN,
        "Net Income From Continuing And Discontinued Operation": NaN,
        "Total Expenses": NaN,
        "Rent Expense Supplemental": NaN,
        "Total Operating Income As Reported": NaN,
        "Diluted Average Shares": NaN,
        "Basic Average Shares": NaN,
        "Diluted EPS": NaN,
        "Basic EPS": NaN,
        "Diluted NI Availto Com Stockholders": NaN,
        "Net Income Common Stockholders": NaN,
        "Net Income": NaN,
        "Minority Interests": NaN,
        "Net Income Including Noncontrolling Interests": NaN,
        "Net Income Continuous Operations": NaN,
        "Tax Provision": NaN,
        "Pretax Income": NaN,
        "Other Income Expense": NaN,
        "Other Non Operating Income Expenses": NaN,
        "Special Income Charges": NaN,
        "Gain On Sale Of Ppe": NaN,
        "Other Special Charges": NaN,
        "Write Off": NaN,
        "Impairment Of Capital Assets": 0.0,
        "Earnings From Equity Interest": NaN,
        "Gain On Sale Of Security": NaN,
        "Net Non Operating Interest Income Expense": NaN,
        "Total Other Finance Cost": NaN,
        "Interest Expense Non Operating": NaN,
        "Interest Income Non Operating": NaN,
        "Operating Income": NaN,
        "Operating Expense": NaN,
        "Other Operating Expenses": -2328000.0,
        "Depreciation Amortization Depletion Income Statement": NaN,
        "Depreciation And Amortization In Income Statement": NaN,
        "Selling General And Administration": NaN,
        "General And Administrative Expense": NaN,
        "Other Gand A": NaN,
        "Rent And Landing Fees": NaN,
        "Salaries And Wages": NaN,
        "Gross Profit": NaN,
        "Cost Of Revenue": NaN,
        "Total Revenue": NaN,
        "Operating Revenue": NaN
    },
    "2022-12-31": {
        "Tax Effect Of Unusual Items": NaN,
        "Tax Rate For Calcs": NaN,
        "Normalized EBITDA": NaN,
        "Total Unusual Items": NaN,
        "Total Unusual Items Excluding Goodwill": NaN,
        "Net Income From Continuing Operation Net Minority Interest": NaN,
        "Reconciled Depreciation": NaN,
        "Reconciled Cost Of Revenue": NaN,
        "EBITDA": NaN,
        "EBIT": NaN,
        "Net Interest Income": NaN,
        "Interest Expense": NaN,
        "Interest Income": NaN,
        "Normalized Income": NaN,
        "Net Income From Continuing And Discontinued Operation": NaN,
        "Total Expenses": NaN,
        "Rent Expense Supplemental": NaN,
        "Total Operating Income As Reported": NaN,
        "Diluted Average Shares": NaN,
        "Basic Average Shares": NaN,
        "Diluted EPS": NaN,
        "Basic EPS": NaN,
        "Diluted NI Availto Com Stockholders": NaN,
        "Net Income Common Stockholders": NaN,
        "Net Income": NaN,
        "Minority Interests": NaN,
        "Net Income Including Noncontrolling Interests": NaN,
        "Net Income Continuous Operations": NaN,
        "Tax Provision": NaN,
        "Pretax Income": NaN,
        "Other Income Expense": NaN,
        "Other Non Operating Income Expenses": NaN,
        "Special Income Charges": NaN,
        "Gain On Sale Of Ppe": NaN,
        "Write Off": NaN,
        "Impairment Of Capital Assets": 12256000.0,
        "Earnings From Equity Interest": NaN,
        "Gain On Sale Of Security": NaN,
        "Net Non Operating Interest Income Expense": NaN,
        "Total Other Finance Cost": NaN,
        "Interest Expense Non Operating": NaN,
        "Interest Income Non Operating": NaN,
        "Operating Income": NaN,
        "Operating Expense": NaN,
        "Other Operating Expenses": -4923000.0,
        "Depreciation Amortization Depletion Income Statement": NaN,
        "Depreciation And Amortization In Income Statement": NaN,
        "Selling General And Administration": NaN,
        "General And Administrative Expense": NaN,
        "Other Gand A": NaN,
        "Rent And Landing Fees": NaN,
        "Salaries And Wages": NaN,
        "Gross Profit": NaN,
        "Cost Of Revenue": NaN,
        "Total Revenue": NaN,
        "Operating Revenue": NaN
    },
    "2022-09-30": {
        "Tax Effect Of Unusual Items": NaN,
        "Tax Rate For Calcs": NaN,
        "Normalized EBITDA": NaN,
        "Total Unusual Items": NaN,
        "Total Unusual Items Excluding Goodwill": NaN,
        "Net Income From Continuing Operation Net Minority Interest": NaN,
        "Reconciled Depreciation": NaN,
        "Reconciled Cost Of Revenue": NaN,
        "EBITDA": NaN,
        "EBIT": NaN,
        "Net Interest Income": NaN,
        "Interest Expense": NaN,
        "Interest Income": NaN,
        "Normalized Income": NaN,
        "Net Income From Continuing And Discontinued Operation": NaN,
        "Total Expenses": NaN,
        "Rent Expense Supplemental": NaN,
        "Total Operating Income As Reported": NaN,
        "Diluted Average Shares": NaN,
        "Basic Average Shares": NaN,
        "Diluted EPS": NaN,
        "Basic EPS": NaN,
        "Diluted NI Availto Com Stockholders": NaN,
        "Net Income Common Stockholders": NaN,
        "Net Income": NaN,
        "Minority Interests": NaN,
        "Net Income Including Noncontrolling Interests": NaN,
        "Net Income Continuous Operations": NaN,
        "Tax Provision": NaN,
        "Pretax Income": NaN,
        "Other Income Expense": NaN,
        "Other Non Operating Income Expenses": NaN,
        "Special Income Charges": NaN,
        "Gain On Sale Of Ppe": NaN,
        "Write Off": 5688000.0,
        "Impairment Of Capital Assets": 5688000.0,
        "Earnings From Equity Interest": NaN,
        "Gain On Sale Of Security": NaN,
        "Net Non Operating Interest Income Expense": NaN,
        "Total Other Finance Cost": NaN,
        "Interest Expense Non Operating": NaN,
        "Interest Income Non Operating": NaN,
        "Operating Income": NaN,
        "Operating Expense": NaN,
        "Other Operating Expenses": NaN,
        "Depreciation Amortization Depletion Income Statement": NaN,
        "Depreciation And Amortization In Income Statement": NaN,
        "Selling General And Administration": NaN,
        "General And Administrative Expense": NaN,
        "Other Gand A": NaN,
        "Rent And Landing Fees": NaN,
        "Salaries And Wages": 3403000.0,
        "Gross Profit": NaN,
        "Cost Of Revenue": NaN,
        "Total Revenue": NaN,
        "Operating Revenue": NaN
    },
    "2022-06-30": {
        "Tax Effect Of Unusual Items": -266000.0,
        "Tax Rate For Calcs": 0.4,
        "Normalized EBITDA": 51882000.0,
        "Total Unusual Items": -665000.0,
        "Total Unusual Items Excluding Goodwill": -665000.0,
        "Net Income From Continuing Operation Net Minority Interest": -84418000.0,
        "Reconciled Depreciation": 86623000.0,
        "Reconciled Cost Of Revenue": 551052000.0,
        "EBITDA": 51217000.0,
        "EBIT": -35406000.0,
        "Net Interest Income": -48429000.0,
        "Interest Expense": 47687000.0,
        "Interest Income": 778000.0,
        "Normalized Income": -84019000.0,
        "Net Income From Continuing And Discontinued Operation": -84418000.0,
        "Total Expenses": 712554000.0,
        "Rent Expense Supplemental": 41538000.0,
        "Total Operating Income As Reported": -34048000.0,
        "Diluted Average Shares": 186761000.0,
        "Basic Average Shares": 186761000.0,
        "Diluted EPS": -0.45,
        "Basic EPS": -0.45,
        "Diluted NI Availto Com Stockholders": -84418000.0,
        "Net Income Common Stockholders": -84418000.0,
        "Net Income": -84418000.0,
        "Minority Interests": -135000.0,
        "Net Income Including Noncontrolling Interests": -84283000.0,
        "Net Income Continuous Operations": -84283000.0,
        "Tax Provision": 1190000.0,
        "Pretax Income": -83093000.0,
        "Other Income Expense": -3215000.0,
        "Other Non Operating Income Expenses": -111000.0,
        "Special Income Charges": -1638000.0,
        "Gain On Sale Of Ppe": 961000.0,
        "Other Special Charges": NaN,
        "Write Off": 2599000.0,
        "Impairment Of Capital Assets": NaN,
        "Earnings From Equity Interest": -2439000.0,
        "Gain On Sale Of Security": 973000.0,
        "Net Non Operating Interest Income Expense": -48429000.0,
        "Total Other Finance Cost": 1520000.0,
        "Interest Expense Non Operating": 47687000.0,
        "Interest Income Non Operating": 778000.0,
        "Operating Income": -31449000.0,
        "Operating Expense": 161502000.0,
        "Other Operating Expenses": -8411000.0,
        "Depreciation Amortization Depletion Income Statement": 86623000.0,
        "Depreciation And Amortization In Income Statement": 86623000.0,
        "Selling General And Administration": 83290000.0,
        "General And Administrative Expense": 83290000.0,
        "Other Gand A": 41752000.0,
        "Rent And Landing Fees": 41538000.0,
        "Salaries And Wages": NaN,
        "Gross Profit": 130053000.0,
        "Cost Of Revenue": 551052000.0,
        "Total Revenue": 681105000.0,
        "Operating Revenue": 643717000.0
    },
    "2022-03-31": {
        "Diluted EPS": -0.54,
        "Total Revenue": 678,
        "Gross Profit": 165,
        "Operating Income": -54,
        "EBIT": 33,
        "Net Income": -100
    },
    "2021-12-31": {
        "Diluted EPS": -0.39,
        "Total Revenue": 644,
        "Gross Profit": 156,
        "Operating Income": -54,
        "EBIT": 33,
        "Net Income": -82
    },
    "2021-09-30": {
        "Diluted EPS": 0.89,
        "Total Revenue": 642,
        "Gross Profit": 161,
        "Operating Income": -49,
        "EBIT": 37,
        "Net Income": 174
    },
    "2021-06-30": {
        "Diluted EPS": -0.45,
        "Total Revenue": 723,
        "Gross Profit": 172,
        "Operating Income": -52,
        "EBIT": 32,
        "Net Income": -84
    },
    "2021-03-31": {
        "Diluted EPS": -0.59,
        "Total Revenue": 749,
        "Gross Profit": 193,
        "Operating Income": -62,
        "EBIT": 24,
        "Net Income": -108
    },
    "2020-12-31": {
        "Diluted EPS": -0.23,
        "Total Revenue": 852,
        "Gross Profit": 275,
        "Operating Income": 3,
        "EBIT": 91,
        "Net Income": -44
    },
    "2020-09-30": {
        "Diluted EPS": -0.68,
        "Total Revenue": 808,
        "Gross Profit": 237,
        "Operating Income": -55,
        "EBIT": 34,
        "Net Income": -125
    },
    "2020-06-30": {
        "Diluted EPS": -0.65,
        "Total Revenue": 866,
        "Gross Profit": 260,
        "Operating Income": -60,
        "EBIT": 34,
        "Net Income": -118
    },
    "2020-03-31": {
        "Diluted EPS": 2.0,
        "Total Revenue": NaN,
        "Gross Profit": 426,
        "Operating Income": 15,
        "EBIT": 107,
        "Net Income": 370
    },
    "2019-12-31": {
        "Diluted EPS": -0.49,
        "Total Revenue": 987,
        "Gross Profit": 388,
        "Operating Income": -43,
        "EBIT": 52,
        "Net Income": -91
    },
    "2019-09-30": {
        "Diluted EPS": -0.42,
        "Total Revenue": NaN,
        "Gross Profit": 393,
        "Operating Income": -20,
        "EBIT": 74,
        "Net Income": -78
    },
    "2019-06-30": {
        "Diluted EPS": -0.3,
        "Total Revenue": NaN,
        "Gross Profit": 429,
        "Operating Income": 2,
        "EBIT": 97,
        "Net Income": -55
    },
    "2019-03-31": {
        "Diluted EPS": -0.23,
        "Total Revenue": NaN,
        "Gross Profit": 456,
        "Operating Income": 17,
        "EBIT": 114,
        "Net Income": -43
    },
    "2018-12-31": {
        "Diluted EPS": 0.71,
        "Total Revenue": NaN,
        "Gross Profit": 482,
        "Operating Income": -46,
        "EBIT": -393,
        "Net Income": 132
    },
    "2018-09-30": {
        "Diluted EPS": -0.2,
        "Total Revenue": NaN,
        "Gross Profit": 513,
        "Operating Income": 4,
        "EBIT": 119,
        "Net Income": -37
    },
    "2018-06-30": {
        "Diluted EPS": -0.88,
        "Total Revenue": NaN,
        "Gross Profit": 528,
        "Operating Income": -138,
        "EBIT": -4,
        "Net Income": -165
    },
    "2018-03-31": {
        "Diluted EPS": -2.45,
        "Total Revenue": NaN,
        "Gross Profit": 555,
        "Operating Income": -414,
        "EBIT": 133,
        "Net Income": -457
    },
    "2017-12-31": {
        "Diluted EPS": 0.08,
        "Total Revenue": NaN,
        "Gross Profit": 531,
        "Operating Income": 3,
        "EBIT": 145,
        "Net Income": 15
    },
    "2017-09-30": {
        "Diluted EPS": -2.22,
        "Total Revenue": NaN,
        "Gross Profit": 527,
        "Operating Income": -351,
        "EBIT": 136,
        "Net Income": -414
    },
    "2017-06-30": {
        "Diluted EPS": -0.25,
        "Total Revenue": NaN,
        "Gross Profit": 544,
        "Operating Income": 30,
        "EBIT": 152,
        "Net Income": -46
    },
    "2017-03-31": {
        "Diluted EPS": -0.68,
        "Total Revenue": NaN,
        "Gross Profit": 542,
        "Operating Income": 48,
        "EBIT": 195,
        "Net Income": -126
    },
    "2016-12-31": {
        "Diluted EPS": -1.45,
        "Total Revenue": NaN,
        "Gross Profit": 523,
        "Operating Income": -178,
        "EBIT": 178,
        "Net Income": -268
    },
    "2016-09-30": {
        "Diluted EPS": -0.28,
        "Total Revenue": NaN,
        "Gross Profit": 542,
        "Operating Income": 48,
        "EBIT": 203,
        "Net Income": -52
    },
    "2016-06-30": {
        "Diluted EPS": -0.19,
        "Total Revenue": NaN,
        "Gross Profit": 566,
        "Operating Income": 58,
        "EBIT": 190,
        "Net Income": -35
    },
    "2016-03-31": {
        "Diluted EPS": -0.26,
        "Total Revenue": NaN,
        "Gross Profit": 547,
        "Operating Income": 41,
        "EBIT": 167,
        "Net Income": -49
    },
    "2015-12-31": {
        "Diluted EPS": -0.94,
        "Total Revenue": NaN,
        "Gross Profit": 538,
        "Operating Income": -9,
        "EBIT": 174,
        "Net Income": -174
    },
    "2015-09-30": {
        "Diluted EPS": -0.37,
        "Total Revenue": NaN,
        "Gross Profit": 539,
        "Operating Income": 4,
        "EBIT": 162,
        "Net Income": -68
    },
    "2015-06-30": {
        "Diluted EPS": -0.46,
        "Total Revenue": NaN,
        "Gross Profit": 543,
        "Operating Income": -43,
        "EBIT": 178,
        "Net Income": -85
    },
    "2015-03-31": {
        "Diluted EPS": -0.71,
        "Total Revenue": NaN,
        "Gross Profit": 551,
        "Operating Income": -117,
        "EBIT": 100,
        "Net Income": -130
    },
    "2014-12-31": {
        "Diluted EPS": -0.73,
        "Total Revenue": NaN,
        "Gross Profit": 544,
        "Operating Income": -75,
        "EBIT": 138,
        "Net Income": -107
    },
    "2014-09-30": {
        "Diluted EPS": -0.23,
        "Total Revenue": NaN,
        "Gross Profit": 447,
        "Operating Income": -73,
        "EBIT": 97,
        "Net Income": -37
    },
    "2014-06-30": {
        "Diluted EPS": -0.03,
        "Total Revenue": 748,
        "Gross Profit": 313,
        "Operating Income": 31,
        "EBIT": 97,
        "Net Income": -3
    },
    "2014-03-31": {
        "Diluted EPS": -0.02,
        "Total Revenue": 747,
        "Gross Profit": 317,
        "Operating Income": 32,
        "EBIT": 98,
        "Net Income": -2
    },
    "2013-12-31": {
        "Diluted EPS": -0.01,
        "Total Revenue": 734,
        "Gross Profit": 312,
        "Operating Income": 30,
        "EBIT": 93,
        "Net Income": -1
    },
    "2013-09-30": {
        "Diluted EPS": -0.01,
        "Total Revenue": 729,
        "Gross Profit": 308,
        "Operating Income": 34,
        "EBIT": 99,
        "Net Income": -1
    },
    "2013-06-30": {
        "Diluted EPS": -0.04,
        "Total Revenue": 716,
        "Gross Profit": 300,
        "Operating Income": 28,
        "EBIT": 92,
        "Net Income": -5
    },
    "2013-03-31": {
        "Diluted EPS": 0.03,
        "Total Revenue": 712,
        "Gross Profit": 299,
        "Operating Income": 39,
        "EBIT": 100,
        "Net Income": 4
    },
    "2012-12-31": {
        "Diluted EPS": -0.19,
        "Total Revenue": 699,
        "Gross Profit": 282,
        "Operating Income": 12,
        "EBIT": 71,
        "Net Income": -25
    },
    "2012-09-30": {
        "Diluted EPS": -0.1,
        "Total Revenue": 696,
        "Gross Profit": 285,
        "Operating Income": 24,
        "EBIT": 84,
        "Net Income": -12
    },
    "2012-06-30": {
        "Diluted EPS": -0.16,
        "Total Revenue": 690,
        "Gross Profit": 287,
        "Operating Income": 19,
        "EBIT": 79,
        "Net Income": -19
    },
    "2012-03-31": {
        "Diluted EPS": -0.09,
        "Total Revenue": 683,
        "Gross Profit": 284,
        "Operating Income": 27,
        "EBIT": 87,
        "Net Income": -11
    },
    "2011-12-31": {
        "Diluted EPS": -0.13,
        "Total Revenue": 671,
        "Gross Profit": 281,
        "Operating Income": 18,
        "EBIT": 79,
        "Net Income": -16
    },
    "2011-09-30": {
        "Diluted EPS": -0.06,
        "Total Revenue": 616,
        "Gross Profit": 234,
        "Operating Income": 30,
        "EBIT": 90,
        "Net Income": -7
    },
    "2011-06-30": {
        "Diluted EPS": -0.28,
        "Total Revenue": 583,
        "Gross Profit": 217,
        "Operating Income": 29,
        "EBIT": 94,
        "Net Income": -34
    },
    "2011-03-31": {
        "Diluted EPS": -0.1,
        "Total Revenue": 587,
        "Gross Profit": 216,
        "Operating Income": 12,
        "EBIT": 80,
        "Net Income": -12
    },
    "2010-12-31": {
        "Diluted EPS": -0.07,
        "Total Revenue": 595,
        "Gross Profit": 234,
        "Operating Income": 18,
        "EBIT": 83,
        "Net Income": -8
    },
    "2010-09-30": {
        "Diluted EPS": -0.14,
        "Total Revenue": 576,
        "Gross Profit": 207,
        "Operating Income": 9,
        "EBIT": 78,
        "Net Income": -17
    },
    "2010-06-30": {
        "Diluted EPS": -0.08,
        "Total Revenue": 566,
        "Gross Profit": 212,
        "Operating Income": 24,
        "EBIT": 92,
        "Net Income": -10
    },
    "2010-03-31": {
        "Diluted EPS": -0.12,
        "Total Revenue": 544,
        "Gross Profit": 189,
        "Operating Income": 16,
        "EBIT": 85,
        "Net Income": -14
    },
    "2009-12-31": {
        "Diluted EPS": -0.19,
        "Total Revenue": 596,
        "Gross Profit": 257,
        "Operating Income": -4,
        "EBIT": 61,
        "Net Income": -21
    },
    "2009-09-30": {
        "Diluted EPS": -0.18,
        "Total Revenue": 506,
        "Gross Profit": 177,
        "Operating Income": 7,
        "EBIT": 69,
        "Net Income": -21
    },
    "2009-06-30": {
        "Diluted EPS": -0.1,
        "Total Revenue": 501,
        "Gross Profit": 184,
        "Operating Income": 17,
        "EBIT": 81,
        "Net Income": -11
    },
    "2009-03-31": {
        "Diluted EPS": -0.13,
        "Total Revenue": 498,
        "Gross Profit": 180,
        "Operating Income": 10,
        "EBIT": 74,
        "Net Income": -14
    },
    "2023-06-30": {
        "Tax Effect Of Unusual Items": NaN,
        "Tax Rate For Calcs": NaN,
        "Normalized EBITDA": NaN,
        "Total Unusual Items": NaN,
        "Total Unusual Items Excluding Goodwill": NaN,
        "Net Income From Continuing Operation Net Minority Interest": NaN,
        "Reconciled Depreciation": NaN,
        "Reconciled Cost Of Revenue": NaN,
        "EBITDA": NaN,
        "EBIT": NaN,
        "Net Interest Income": NaN,
        "Interest Expense": NaN,
        "Interest Income": NaN,
        "Normalized Income": NaN,
        "Net Income From Continuing And Discontinued Operation": NaN,
        "Total Expenses": NaN,
        "Rent Expense Supplemental": NaN,
        "Total Operating Income As Reported": NaN,
        "Diluted Average Shares": NaN,
        "Basic Average Shares": NaN,
        "Diluted EPS": NaN,
        "Basic EPS": NaN,
        "Diluted NI Availto Com Stockholders": NaN,
        "Net Income Common Stockholders": NaN,
        "Net Income": NaN,
        "Minority Interests": NaN,
        "Net Income Including Noncontrolling Interests": NaN,
        "Net Income Continuous Operations": NaN,
        "Tax Provision": NaN,
        "Pretax Income": NaN,
        "Other Income Expense": NaN,
        "Other Non Operating Income Expenses": NaN,
        "Special Income Charges": NaN,
        "Gain On Sale Of Ppe": NaN,
        "Other Special Charges": NaN,
        "Write Off": 520000.0,
        "Impairment Of Capital Assets": NaN,
        "Earnings From Equity Interest": NaN,
        "Gain On Sale Of Security": NaN,
        "Net Non Operating Interest Income Expense": NaN,
        "Total Other Finance Cost": NaN,
        "Interest Expense Non Operating": NaN,
        "Interest Income Non Operating": NaN,
        "Operating Income": NaN,
        "Operating Expense": NaN,
        "Other Operating Expenses": -4122000.0,
        "Depreciation Amortization Depletion Income Statement": NaN,
        "Depreciation And Amortization In Income Statement": NaN,
        "Selling General And Administration": NaN,
        "General And Administrative Expense": NaN,
        "Other Gand A": NaN,
        "Rent And Landing Fees": NaN,
        "Salaries And Wages": 2969000.0,
        "Gross Profit": NaN,
        "Cost Of Revenue": NaN,
        "Total Revenue": NaN,
        "Operating Revenue": NaN
    },
    "2023-09-30": {
        "Tax Effect Of Unusual Items": NaN,
        "Tax Rate For Calcs": NaN,
        "Normalized EBITDA": NaN,
        "Total Unusual Items": NaN,
        "Total Unusual Items Excluding Goodwill": NaN,
        "Net Income From Continuing Operation Net Minority Interest": NaN,
        "Reconciled Depreciation": NaN,
        "Reconciled Cost Of Revenue": NaN,
        "EBITDA": NaN,
        "EBIT": NaN,
        "Net Interest Income": NaN,
        "Interest Expense": NaN,
        "Interest Income": NaN,
        "Normalized Income": NaN,
        "Net Income From Continuing And Discontinued Operation": NaN,
        "Total Expenses": NaN,
        "Rent Expense Supplemental": NaN,
        "Total Operating Income As Reported": NaN,
        "Diluted Average Shares": NaN,
        "Basic Average Shares": NaN,
        "Diluted EPS": NaN,
        "Basic EPS": NaN,
        "Diluted NI Availto Com Stockholders": NaN,
        "Net Income Common Stockholders": NaN,
        "Net Income": NaN,
        "Minority Interests": NaN,
        "Net Income Including Noncontrolling Interests": NaN,
        "Net Income Continuous Operations": NaN,
        "Tax Provision": NaN,
        "Pretax Income": NaN,
        "Other Income Expense": NaN,
        "Other Non Operating Income Expenses": NaN,
        "Special Income Charges": NaN,
        "Gain On Sale Of Ppe": NaN,
        "Other Special Charges": NaN,
        "Write Off": NaN,
        "Impairment Of Capital Assets": NaN,
        "Earnings From Equity Interest": NaN,
        "Gain On Sale Of Security": NaN,
        "Net Non Operating Interest Income Expense": NaN,
        "Total Other Finance Cost": NaN,
        "Interest Expense Non Operating": NaN,
        "Interest Income Non Operating": NaN,
        "Operating Income": NaN,
        "Operating Expense": NaN,
        "Other Operating Expenses": -2623000.0,
        "Depreciation Amortization Depletion Income Statement": NaN,
        "Depreciation And Amortization In Income Statement": NaN,
        "Selling General And Administration": NaN,
        "General And Administrative Expense": NaN,
        "Other Gand A": NaN,
        "Rent And Landing Fees": NaN,
        "Salaries And Wages": 2893000.0,
        "Gross Profit": NaN,
        "Cost Of Revenue": NaN,
        "Total Revenue": NaN,
        "Operating Revenue": NaN
    },
    "2023-12-31": {
        "Tax Effect Of Unusual Items": NaN,
        "Tax Rate For Calcs": NaN,
        "Normalized EBITDA": NaN,
        "Total Unusual Items": NaN,
        "Total Unusual Items Excluding Goodwill": NaN,
        "Net Income From Continuing Operation Net Minority Interest": NaN,
        "Reconciled Depreciation": NaN,
        "Reconciled Cost Of Revenue": NaN,
        "EBITDA": NaN,
        "EBIT": NaN,
        "Net Interest Income": NaN,
        "Interest Expense": NaN,
        "Interest Income": NaN,
        "Normalized Income": NaN,
        "Net Income From Continuing And Discontinued Operation": NaN,
        "Total Expenses": NaN,
        "Rent Expense Supplemental": NaN,
        "Total Operating Income As Reported": NaN,
        "Diluted Average Shares": NaN,
        "Basic Average Shares": NaN,
        "Diluted EPS": NaN,
        "Basic EPS": NaN,
        "Diluted NI Availto Com Stockholders": NaN,
        "Net Income Common Stockholders": NaN,
        "Net Income": NaN,
        "Minority Interests": NaN,
        "Net Income Including Noncontrolling Interests": NaN,
        "Net Income Continuous Operations": NaN,
        "Tax Provision": NaN,
        "Pretax Income": NaN,
        "Other Income Expense": NaN,
        "Other Non Operating Income Expenses": NaN,
        "Special Income Charges": NaN,
        "Gain On Sale Of Ppe": NaN,
        "Other Special Charges": NaN,
        "Write Off": NaN,
        "Impairment Of Capital Assets": NaN,
        "Earnings From Equity Interest": -840000.0,
        "Gain On Sale Of Security": NaN,
        "Net Non Operating Interest Income Expense": NaN,
        "Total Other Finance Cost": NaN,
        "Interest Expense Non Operating": NaN,
        "Interest Income Non Operating": NaN,
        "Operating Income": NaN,
        "Operating Expense": NaN,
        "Other Operating Expenses": 0.0,
        "Depreciation Amortization Depletion Income Statement": NaN,
        "Depreciation And Amortization In Income Statement": NaN,
        "Selling General And Administration": NaN,
        "General And Administrative Expense": NaN,
        "Other Gand A": NaN,
        "Rent And Landing Fees": NaN,
        "Salaries And Wages": 3019000.0,
        "Gross Profit": NaN,
        "Cost Of Revenue": NaN,
        "Total Revenue": NaN,
        "Operating Revenue": NaN
    },
    "2024-03-31": {
        "Tax Effect Of Unusual Items": NaN,
        "Tax Rate For Calcs": NaN,
        "Normalized EBITDA": NaN,
        "Total Unusual Items": NaN,
        "Total Unusual Items Excluding Goodwill": NaN,
        "Net Income From Continuing Operation Net Minority Interest": NaN,
        "Reconciled Depreciation": NaN,
        "Reconciled Cost Of Revenue": NaN,
        "EBITDA": NaN,
        "EBIT": NaN,
        "Net Interest Income": NaN,
        "Interest Expense": NaN,
        "Interest Income": NaN,
        "Normalized Income": NaN,
        "Net Income From Continuing And Discontinued Operation": NaN,
        "Total Expenses": NaN,
        "Rent Expense Supplemental": NaN,
        "Total Operating Income As Reported": NaN,
        "Diluted Average Shares": NaN,
        "Basic Average Shares": NaN,
        "Diluted EPS": NaN,
        "Basic EPS": NaN,
        "Diluted NI Availto Com Stockholders": NaN,
        "Net Income Common Stockholders": NaN,
        "Net Income": NaN,
        "Minority Interests": NaN,
        "Net Income Including Noncontrolling Interests": NaN,
        "Net Income Continuous Operations": NaN,
        "Tax Provision": NaN,
        "Pretax Income": NaN,
        "Other Income Expense": NaN,
        "Other Non Operating Income Expenses": NaN,
        "Special Income Charges": NaN,
        "Gain On Sale Of Ppe": NaN,
        "Other Special Charges": NaN,
        "Write Off": NaN,
        "Impairment Of Capital Assets": 1708000.0,
        "Earnings From Equity Interest": 0.0,
        "Gain On Sale Of Security": NaN,
        "Net Non Operating Interest Income Expense": NaN,
        "Total Other Finance Cost": NaN,
        "Interest Expense Non Operating": NaN,
        "Interest Income Non Operating": NaN,
        "Operating Income": NaN,
        "Operating Expense": NaN,
        "Depreciation Amortization Depletion Income Statement": NaN,
        "Depreciation And Amortization In Income Statement": NaN,
        "Selling General And Administration": NaN,
        "General And Administrative Expense": NaN,
        "Other Gand A": NaN,
        "Rent And Landing Fees": NaN,
        "Gross Profit": NaN,
        "Cost Of Revenue": NaN,
        "Total Revenue": NaN,
        "Operating Revenue": NaN
    },
    "2024-06-30": {
        "Tax Effect Of Unusual Items": -30660.0,
        "Tax Rate For Calcs": 0.21,
        "Normalized EBITDA": 112103000.0,
        "Total Unusual Items": -146000.0,
        "Total Unusual Items Excluding Goodwill": -146000.0,
        "Net Income From Continuing Operation Net Minority Interest": -37727000.0,
        "Reconciled Depreciation": 90362000.0,
        "Reconciled Cost Of Revenue": 570389000.0,
        "EBITDA": 111957000.0,
        "EBIT": 21595000.0,
        "Net Interest Income": -56508000.0,
        "Interest Expense": 58888000.0,
        "Interest Income": 4714000.0,
        "Normalized Income": -37611660.0,
        "Net Income From Continuing And Discontinued Operation": -37727000.0,
        "Total Expenses": 758379000.0,
        "Rent Expense Supplemental": 50964000.0,
        "Total Operating Income As Reported": 19162000.0,
        "Diluted Average Shares": 226789000.0,
        "Basic Average Shares": 226789000.0,
        "Diluted EPS": -0.17,
        "Basic EPS": -0.17,
        "Diluted NI Availto Com Stockholders": -37727000.0,
        "Net Income Common Stockholders": -37727000.0,
        "Net Income": -37727000.0,
        "Minority Interests": 15000.0,
        "Net Income Including Noncontrolling Interests": -37742000.0,
        "Net Income Continuous Operations": -37742000.0,
        "Tax Provision": 449000.0,
        "Pretax Income": -37293000.0,
        "Other Income Expense": 53000.0,
        "Other Non Operating Income Expenses": 199000.0,
        "Special Income Charges": 199000.0,
        "Gain On Sale Of Ppe": 199000.0,
        "Other Special Charges": NaN,
        "Write Off": 0.0,
        "Impairment Of Capital Assets": NaN,
        "Earnings From Equity Interest": 0.0,
        "Gain On Sale Of Security": -345000.0,
        "Net Non Operating Interest Income Expense": -56508000.0,
        "Total Other Finance Cost": 2334000.0,
        "Interest Expense Non Operating": 58888000.0,
        "Interest Income Non Operating": 4714000.0,
        "Operating Income": 19162000.0,
        "Operating Expense": 185656000.0,
        "Depreciation Amortization Depletion Income Statement": 88028000.0,
        "Depreciation And Amortization In Income Statement": 88028000.0,
        "Selling General And Administration": 97628000.0,
        "General And Administrative Expense": 97628000.0,
        "Other Gand A": 46664000.0,
        "Rent And Landing Fees": 50964000.0,
        "Gross Profit": 204818000.0,
        "Cost Of Revenue": 572723000.0,
        "Total Revenue": 777541000.0,
        "Operating Revenue": 742325000.0
    },
    "2024-09-30": {
        "Tax Effect Of Unusual Items": -1664670.0,
        "Tax Rate For Calcs": 0.21,
        "Normalized EBITDA": 109504000.0,
        "Total Unusual Items": -7927000.0,
        "Total Unusual Items Excluding Goodwill": -7927000.0,
        "Net Income From Continuing Operation Net Minority Interest": -50720000.0,
        "Reconciled Depreciation": 92401000.0,
        "Reconciled Cost Of Revenue": 583707000.0,
        "EBITDA": 101577000.0,
        "EBIT": 9176000.0,
        "Net Interest Income": -56907000.0,
        "Interest Expense": 59233000.0,
        "Interest Income": 4663000.0,
        "Normalized Income": -44457670.0,
        "Net Income From Continuing And Discontinued Operation": -50720000.0,
        "Total Expenses": 772974000.0,
        "Rent Expense Supplemental": 51937000.0,
        "Total Operating Income As Reported": 10259000.0,
        "Diluted Average Shares": 228124000.0,
        "Basic Average Shares": 228124000.0,
        "Diluted EPS": -0.22,
        "Basic EPS": -0.22,
        "Diluted NI Availto Com Stockholders": -50720000.0,
        "Net Income Common Stockholders": -50720000.0,
        "Net Income": -50720000.0,
        "Minority Interests": 14000.0,
        "Net Income Including Noncontrolling Interests": -50734000.0,
        "Net Income Continuous Operations": -50734000.0,
        "Tax Provision": 677000.0,
        "Pretax Income": -50057000.0,
        "Other Income Expense": -4343000.0,
        "Other Non Operating Income Expenses": 3584000.0,
        "Special Income Charges": -3181000.0,
        "Gain On Sale Of Ppe": 20000.0,
        "Other Special Charges": 2267000.0,
        "Write Off": 934000.0,
        "Impairment Of Capital Assets": NaN,
        "Earnings From Equity Interest": 0.0,
        "Gain On Sale Of Security": -4746000.0,
        "Net Non Operating Interest Income Expense": -56907000.0,
        "Total Other Finance Cost": 2337000.0,
        "Interest Expense Non Operating": 59233000.0,
        "Interest Income Non Operating": 4663000.0,
        "Operating Income": 11193000.0,
        "Operating Expense": 186930000.0,
        "Depreciation Amortization Depletion Income Statement": 90064000.0,
        "Depreciation And Amortization In Income Statement": 90064000.0,
        "Selling General And Administration": 96866000.0,
        "General And Administrative Expense": 96866000.0,
        "Other Gand A": 44929000.0,
        "Rent And Landing Fees": 51937000.0,
        "Gross Profit": 198123000.0,
        "Cost Of Revenue": 586044000.0,
        "Total Revenue": 784167000.0,
        "Operating Revenue": 746405000.0
    },
    "2024-12-31": {
        "Tax Effect Of Unusual Items": -4623150.0,
        "Tax Rate For Calcs": 0.21,
        "Normalized EBITDA": 104650000.0,
        "Total Unusual Items": -22015000.0,
        "Total Unusual Items Excluding Goodwill": -22015000.0,
        "Net Income From Continuing Operation Net Minority Interest": -83922000.0,
        "Reconciled Depreciation": 96364000.0,
        "Reconciled Cost Of Revenue": 586093000.0,
        "EBITDA": 82635000.0,
        "EBIT": -13729000.0,
        "Net Interest Income": -64436000.0,
        "Interest Expense": 66648000.0,
        "Interest Income": 5007000.0,
        "Normalized Income": -66530150.0,
        "Net Income From Continuing And Discontinued Operation": -83922000.0,
        "Total Expenses": 777172000.0,
        "Rent Expense Supplemental": 46190000.0,
        "Total Operating Income As Reported": -2139000.0,
        "Diluted Average Shares": 229272000.0,
        "Basic Average Shares": 229272000.0,
        "Diluted EPS": -0.37,
        "Basic EPS": -0.37,
        "Diluted NI Availto Com Stockholders": -83922000.0,
        "Net Income Common Stockholders": -83922000.0,
        "Net Income": -83922000.0,
        "Minority Interests": 15000.0,
        "Net Income Including Noncontrolling Interests": -83937000.0,
        "Net Income Continuous Operations": -83937000.0,
        "Tax Provision": 3560000.0,
        "Pretax Income": -80377000.0,
        "Other Income Expense": -19760000.0,
        "Other Non Operating Income Expenses": 2255000.0,
        "Special Income Charges": -24453000.0,
        "Gain On Sale Of Ppe": 0.0,
        "Other Special Charges": 18495000.0,
        "Write Off": -2642000.0,
        "Impairment Of Capital Assets": NaN,
        "Earnings From Equity Interest": 0.0,
        "Gain On Sale Of Security": 2438000.0,
        "Net Non Operating Interest Income Expense": -64436000.0,
        "Total Other Finance Cost": 2795000.0,
        "Interest Expense Non Operating": 66648000.0,
        "Interest Income Non Operating": 5007000.0,
        "Operating Income": 3776000.0,
        "Operating Expense": 188284000.0,
        "Depreciation Amortization Depletion Income Statement": 93569000.0,
        "Depreciation And Amortization In Income Statement": 93569000.0,
        "Selling General And Administration": 94715000.0,
        "General And Administrative Expense": 94715000.0,
        "Other Gand A": 48525000.0,
        "Rent And Landing Fees": 46190000.0,
        "Gross Profit": 192060000.0,
        "Cost Of Revenue": 588888000.0,
        "Total Revenue": 780948000.0,
        "Operating Revenue": 746982000.0
    },
    "2025-03-31": {
        "Tax Effect Of Unusual Items": -392707.731197,
        "Tax Rate For Calcs": 0.010294,
        "Normalized EBITDA": 127345000.0,
        "Total Unusual Items": -38149000.0,
        "Total Unusual Items Excluding Goodwill": -38149000.0,
        "Net Income From Continuing Operation Net Minority Interest": -64979000.0,
        "Reconciled Depreciation": 94606000.0,
        "Reconciled Cost Of Revenue": 587147000.0,
        "EBITDA": 89196000.0,
        "EBIT": -5410000.0,
        "Net Interest Income": -60241000.0,
        "Interest Expense": 60259000.0,
        "Interest Income": 3648000.0,
        "Normalized Income": -27222707.731197,
        "Net Income From Continuing And Discontinued Operation": -64979000.0,
        "Total Expenses": 782501000.0,
        "Rent Expense Supplemental": 52874000.0,
        "Total Operating Income As Reported": 29576000.0,
        "Diluted Average Shares": 230678000.0,
        "Basic Average Shares": 230678000.0,
        "Diluted EPS": -0.28,
        "Basic EPS": -0.28,
        "Diluted NI Availto Com Stockholders": -64979000.0,
        "Net Income Common Stockholders": -64979000.0,
        "Net Income": -64979000.0,
        "Minority Interests": 14000.0,
        "Net Income Including Noncontrolling Interests": -64993000.0,
        "Net Income Continuous Operations": -64993000.0,
        "Tax Provision": -676000.0,
        "Pretax Income": -65669000.0,
        "Other Income Expense": -36791000.0,
        "Other Non Operating Income Expenses": 1358000.0,
        "Special Income Charges": -37007000.0,
        "Gain On Sale Of Ppe": 0.0,
        "Other Special Charges": 35220000.0,
        "Write Off": 1787000.0,
        "Impairment Of Capital Assets": NaN,
        "Earnings From Equity Interest": NaN,
        "Gain On Sale Of Security": -1142000.0,
        "Net Non Operating Interest Income Expense": -60241000.0,
        "Total Other Finance Cost": 3630000.0,
        "Interest Expense Non Operating": 60259000.0,
        "Interest Income Non Operating": 3648000.0,
        "Operating Income": 31363000.0,
        "Operating Expense": 191724000.0,
        "Depreciation Amortization Depletion Income Statement": 90976000.0,
        "Depreciation And Amortization In Income Statement": 90976000.0,
        "Selling General And Administration": 100748000.0,
        "General And Administrative Expense": 100748000.0,
        "Other Gand A": 47874000.0,
        "Rent And Landing Fees": 52874000.0,
        "Gross Profit": 223087000.0,
        "Cost Of Revenue": 590777000.0,
        "Total Revenue": 813864000.0,
        "Operating Revenue": 780074000.0
    },
    "2025-06-30": {
        "Tax Effect Of Unusual Items": -3879.473563,
        "Tax Rate For Calcs": 0.006257,
        "Normalized EBITDA": 113273000.0,
        "Total Unusual Items": -620000.0,
        "Total Unusual Items Excluding Goodwill": -620000.0,
        "Net Income From Continuing Operation Net Minority Interest": -43024000.0,
        "Reconciled Depreciation": 96565000.0,
        "Reconciled Cost Of Revenue": 593312000.0,
        "EBITDA": 112653000.0,
        "EBIT": 16088000.0,
        "Net Interest Income": -60191000.0,
        "Interest Expense": 59398000.0,
        "Interest Income": 2919000.0,
        "Normalized Income": -42407879.473563,
        "Net Income From Continuing And Discontinued Operation": -43024000.0,
        "Total Expenses": 797503000.0,
        "Rent Expense Supplemental": 52653000.0,
        "Total Operating Income As Reported": 14907000.0,
        "Diluted Average Shares": 234737000.0,
        "Basic Average Shares": 234737000.0,
        "Diluted EPS": -0.18,
        "Basic EPS": -0.18,
        "Diluted NI Availto Com Stockholders": -43024000.0,
        "Net Income Common Stockholders": -43024000.0,
        "Net Income": -43024000.0,
        "Minority Interests": 15000.0,
        "Net Income Including Noncontrolling Interests": -43039000.0,
        "Net Income Continuous Operations": -43039000.0,
        "Tax Provision": -271000.0,
        "Pretax Income": -43310000.0,
        "Other Income Expense": 1440000.0,
        "Other Non Operating Income Expenses": 2060000.0,
        "Special Income Charges": -649000.0,
        "Gain On Sale Of Ppe": 43000.0,
        "Other Special Charges": 115000.0,
        "Write Off": 577000.0,
        "Impairment Of Capital Assets": NaN,
        "Earnings From Equity Interest": NaN,
        "Gain On Sale Of Security": 29000.0,
        "Net Non Operating Interest Income Expense": -60191000.0,
        "Total Other Finance Cost": 3712000.0,
        "Interest Expense Non Operating": 59398000.0,
        "Interest Income Non Operating": 2919000.0,
        "Operating Income": 15441000.0,
        "Operating Expense": 200479000.0,
        "Depreciation Amortization Depletion Income Statement": 92853000.0,
        "Depreciation And Amortization In Income Statement": 92853000.0,
        "Selling General And Administration": 107626000.0,
        "General And Administrative Expense": 107626000.0,
        "Other Gand A": 54973000.0,
        "Rent And Landing Fees": 52653000.0,
        "Gross Profit": 215920000.0,
        "Cost Of Revenue": 597024000.0,
        "Total Revenue": 812944000.0,
        "Operating Revenue": 778237000.0
    }
}