{
    "2023-03-31": {
        "Tax Effect Of Unusual Items": NaN,
        "Tax Rate For Calcs": NaN,
        "Normalized EBITDA": NaN,
        "Total Unusual Items": NaN,
        "Total Unusual Items Excluding Goodwill": NaN,
        "Net Income From Continuing Operation Net Minority Interest": NaN,
        "Reconciled Depreciation": NaN,
        "Reconciled Cost Of Revenue": NaN,
        "EBITDA": NaN,
        "EBIT": NaN,
        "Net Interest Income": NaN,
        "Interest Expense": NaN,
        "Normalized Income": NaN,
        "Net Income From Continuing And Discontinued Operation": NaN,
        "Total Expenses": NaN,
        "Total Operating Income As Reported": NaN,
        "Diluted Average Shares": 298429215.0,
        "Basic Average Shares": 298429215.0,
        "Diluted EPS": -0.11,
        "Basic EPS": -0.11,
        "Diluted NI Availto Com Stockholders": NaN,
        "Net Income Common Stockholders": NaN,
        "Net Income": NaN,
        "Net Income Including Noncontrolling Interests": NaN,
        "Net Income Discontinuous Operations": -1530000.0,
        "Net Income Continuous Operations": NaN,
        "Tax Provision": NaN,
        "Pretax Income": NaN,
        "Other Income Expense": NaN,
        "Special Income Charges": NaN,
        "Write Off": NaN,
        "Impairment Of Capital Assets": NaN,
        "Restructuring And Mergern Acquisition": NaN,
        "Earnings From Equity Interest": NaN,
        "Gain On Sale Of Security": NaN,
        "Net Non Operating Interest Income Expense": NaN,
        "Interest Expense Non Operating": NaN,
        "Operating Income": NaN,
        "Operating Expense": NaN,
        "Other Taxes": 0.0,
        "Research And Development": NaN,
        "Selling General And Administration": NaN,
        "Selling And Marketing Expense": NaN,
        "General And Administrative Expense": NaN,
        "Other Gand A": NaN,
        "Salaries And Wages": NaN,
        "Gross Profit": NaN,
        "Cost Of Revenue": NaN,
        "Total Revenue": NaN,
        "Operating Revenue": NaN
    },
    "2022-12-31": {
        "Tax Effect Of Unusual Items": NaN,
        "Tax Rate For Calcs": NaN,
        "Normalized EBITDA": NaN,
        "Total Unusual Items": NaN,
        "Total Unusual Items Excluding Goodwill": NaN,
        "Net Income From Continuing Operation Net Minority Interest": NaN,
        "Reconciled Depreciation": NaN,
        "Reconciled Cost Of Revenue": NaN,
        "EBITDA": NaN,
        "EBIT": NaN,
        "Net Interest Income": NaN,
        "Interest Expense": NaN,
        "Normalized Income": NaN,
        "Net Income From Continuing And Discontinued Operation": NaN,
        "Total Expenses": NaN,
        "Total Operating Income As Reported": NaN,
        "Diluted Average Shares": NaN,
        "Basic Average Shares": NaN,
        "Diluted EPS": NaN,
        "Basic EPS": NaN,
        "Diluted NI Availto Com Stockholders": NaN,
        "Net Income Common Stockholders": NaN,
        "Net Income": NaN,
        "Net Income Including Noncontrolling Interests": NaN,
        "Net Income Discontinuous Operations": 0.0,
        "Net Income Continuous Operations": NaN,
        "Tax Provision": NaN,
        "Pretax Income": NaN,
        "Other Income Expense": NaN,
        "Special Income Charges": NaN,
        "Write Off": NaN,
        "Impairment Of Capital Assets": 13024000.0,
        "Restructuring And Mergern Acquisition": NaN,
        "Earnings From Equity Interest": NaN,
        "Gain On Sale Of Security": NaN,
        "Net Non Operating Interest Income Expense": NaN,
        "Interest Expense Non Operating": NaN,
        "Operating Income": NaN,
        "Operating Expense": NaN,
        "Other Taxes": NaN,
        "Research And Development": NaN,
        "Selling General And Administration": NaN,
        "Selling And Marketing Expense": NaN,
        "General And Administrative Expense": NaN,
        "Other Gand A": NaN,
        "Salaries And Wages": NaN,
        "Gross Profit": NaN,
        "Cost Of Revenue": NaN,
        "Total Revenue": NaN,
        "Operating Revenue": NaN
    },
    "2022-09-30": {
        "Tax Effect Of Unusual Items": NaN,
        "Tax Rate For Calcs": NaN,
        "Normalized EBITDA": NaN,
        "Total Unusual Items": NaN,
        "Total Unusual Items Excluding Goodwill": NaN,
        "Net Income From Continuing Operation Net Minority Interest": NaN,
        "Reconciled Depreciation": NaN,
        "Reconciled Cost Of Revenue": NaN,
        "EBITDA": NaN,
        "EBIT": NaN,
        "Net Interest Income": NaN,
        "Interest Expense": NaN,
        "Normalized Income": NaN,
        "Net Income From Continuing And Discontinued Operation": NaN,
        "Total Expenses": NaN,
        "Total Operating Income As Reported": NaN,
        "Diluted Average Shares": NaN,
        "Basic Average Shares": NaN,
        "Diluted EPS": NaN,
        "Basic EPS": NaN,
        "Diluted NI Availto Com Stockholders": NaN,
        "Net Income Common Stockholders": NaN,
        "Net Income": NaN,
        "Net Income Including Noncontrolling Interests": NaN,
        "Net Income Discontinuous Operations": 0.0,
        "Net Income Continuous Operations": NaN,
        "Tax Provision": NaN,
        "Pretax Income": NaN,
        "Other Income Expense": NaN,
        "Other Non Operating Income Expenses": -45000.0,
        "Special Income Charges": NaN,
        "Write Off": NaN,
        "Impairment Of Capital Assets": 0.0,
        "Restructuring And Mergern Acquisition": NaN,
        "Earnings From Equity Interest": NaN,
        "Gain On Sale Of Security": NaN,
        "Net Non Operating Interest Income Expense": NaN,
        "Interest Expense Non Operating": NaN,
        "Operating Income": NaN,
        "Operating Expense": NaN,
        "Other Taxes": NaN,
        "Research And Development": NaN,
        "Selling General And Administration": NaN,
        "Selling And Marketing Expense": NaN,
        "General And Administrative Expense": NaN,
        "Other Gand A": NaN,
        "Salaries And Wages": NaN,
        "Gross Profit": NaN,
        "Cost Of Revenue": NaN,
        "Total Revenue": NaN,
        "Operating Revenue": NaN
    },
    "2022-06-30": {
        "Tax Effect Of Unusual Items": -5389600.0,
        "Tax Rate For Calcs": 0.4,
        "Normalized EBITDA": -38480000.0,
        "Total Unusual Items": -13474000.0,
        "Total Unusual Items Excluding Goodwill": -13474000.0,
        "Net Income From Continuing Operation Net Minority Interest": -55791000.0,
        "Reconciled Depreciation": 3441000.0,
        "Reconciled Cost Of Revenue": 23135000.0,
        "EBITDA": -51954000.0,
        "EBIT": -55395000.0,
        "Net Interest Income": -308000.0,
        "Interest Expense": 308000.0,
        "Normalized Income": -47706600.0,
        "Net Income From Continuing And Discontinued Operation": -55791000.0,
        "Total Expenses": 61189000.0,
        "Total Operating Income As Reported": -40664000.0,
        "Diluted Average Shares": 298155452.0,
        "Basic Average Shares": 298155452.0,
        "Diluted EPS": -0.19,
        "Basic EPS": -0.19,
        "Diluted NI Availto Com Stockholders": -55791000.0,
        "Net Income Common Stockholders": -55791000.0,
        "Net Income": -55791000.0,
        "Net Income Including Noncontrolling Interests": -55791000.0,
        "Net Income Discontinuous Operations": 0.0,
        "Net Income Continuous Operations": -55791000.0,
        "Tax Provision": 88000.0,
        "Pretax Income": -55703000.0,
        "Other Income Expense": -15138000.0,
        "Other Non Operating Income Expenses": -56000.0,
        "Special Income Charges": -439000.0,
        "Write Off": 0.0,
        "Impairment Of Capital Assets": NaN,
        "Restructuring And Mergern Acquisition": 439000.0,
        "Earnings From Equity Interest": -1608000.0,
        "Gain On Sale Of Security": -13035000.0,
        "Net Non Operating Interest Income Expense": -308000.0,
        "Interest Expense Non Operating": 308000.0,
        "Operating Income": -40257000.0,
        "Operating Expense": 38054000.0,
        "Other Taxes": 0.0,
        "Research And Development": 26633000.0,
        "Selling General And Administration": 11421000.0,
        "Selling And Marketing Expense": 3160000.0,
        "General And Administrative Expense": 8261000.0,
        "Other Gand A": 8229000.0,
        "Salaries And Wages": 32000.0,
        "Gross Profit": -2203000.0,
        "Cost Of Revenue": 23135000.0,
        "Total Revenue": 20932000.0,
        "Operating Revenue": 20932000.0
    },
    "2022-03-31": {
        "Diluted EPS": -0.14,
        "Total Revenue": 21,
        "Gross Profit": 0,
        "Operating Income": -31,
        "EBIT": -27,
        "Net Income": -40
    },
    "2021-12-31": {
        "Diluted EPS": -0.16,
        "Total Revenue": 37,
        "Gross Profit": 5,
        "Operating Income": -28,
        "EBIT": -24,
        "Net Income": -44
    },
    "2021-09-30": {
        "Diluted EPS": -0.1,
        "Total Revenue": 25,
        "Gross Profit": 3,
        "Operating Income": -25,
        "EBIT": -22,
        "Net Income": -31
    },
    "2021-06-30": {
        "Diluted EPS": -0.07,
        "Total Revenue": 25,
        "Gross Profit": 4,
        "Operating Income": -21,
        "EBIT": -18,
        "Net Income": -22
    },
    "2021-03-31": {
        "Diluted EPS": -0.06,
        "Total Revenue": 18,
        "Gross Profit": 3,
        "Operating Income": -15,
        "EBIT": -13,
        "Net Income": -18
    },
    "2020-12-31": {
        "Diluted EPS": -0.06,
        "Total Revenue": 29,
        "Gross Profit": 6,
        "Operating Income": -14,
        "EBIT": -12,
        "Net Income": -15
    },
    "2020-09-30": {
        "Diluted EPS": -0.05,
        "Total Revenue": 26,
        "Gross Profit": 5,
        "Operating Income": -8,
        "EBIT": -5,
        "Net Income": -12
    },
    "2020-06-30": {
        "Diluted EPS": -0.04,
        "Total Revenue": 26,
        "Gross Profit": 6,
        "Operating Income": -8,
        "EBIT": -6,
        "Net Income": -11
    },
    "2020-03-31": {
        "Diluted EPS": -0.06,
        "Total Revenue": 24,
        "Gross Profit": 5,
        "Operating Income": -10,
        "EBIT": -8,
        "Net Income": -14
    },
    "2019-12-31": {
        "Diluted EPS": -0.05,
        "Total Revenue": 41,
        "Gross Profit": 8,
        "Operating Income": -6,
        "EBIT": -4,
        "Net Income": -10
    },
    "2019-09-30": {
        "Diluted EPS": -0.04,
        "Total Revenue": 25,
        "Gross Profit": 6,
        "Operating Income": -6,
        "EBIT": -5,
        "Net Income": -10
    },
    "2019-06-30": {
        "Diluted EPS": -0.03,
        "Total Revenue": 24,
        "Gross Profit": 6,
        "Operating Income": -5,
        "EBIT": -3,
        "Net Income": -7
    },
    "2019-03-31": {
        "Diluted EPS": -0.05,
        "Total Revenue": 16,
        "Gross Profit": 2,
        "Operating Income": -9,
        "EBIT": -7,
        "Net Income": -12
    },
    "2018-12-31": {
        "Diluted EPS": -0.07,
        "Total Revenue": 28,
        "Gross Profit": 7,
        "Operating Income": -6,
        "EBIT": -5,
        "Net Income": -11
    },
    "2018-09-30": {
        "Diluted EPS": -0.03,
        "Total Revenue": 22,
        "Gross Profit": 6,
        "Operating Income": -5,
        "EBIT": -4,
        "Net Income": -6
    },
    "2018-06-30": {
        "Diluted EPS": -0.02,
        "Total Revenue": 26,
        "Gross Profit": 9,
        "Operating Income": -3,
        "EBIT": -2,
        "Net Income": -4
    },
    "2018-03-31": {
        "Diluted EPS": -0.03,
        "Total Revenue": 20,
        "Gross Profit": 7,
        "Operating Income": -6,
        "EBIT": -5,
        "Net Income": -6
    },
    "2017-12-31": {
        "Diluted EPS": -0.01,
        "Total Revenue": 40,
        "Gross Profit": 13,
        "Operating Income": -1,
        "EBIT": 1,
        "Net Income": -3
    },
    "2017-09-30": {
        "Diluted EPS": -0.01,
        "Total Revenue": 32,
        "Gross Profit": 10,
        "Operating Income": -1,
        "EBIT": 0,
        "Net Income": -1
    },
    "2017-06-30": {
        "Diluted EPS": -0.01,
        "Total Revenue": 27,
        "Gross Profit": 9,
        "Operating Income": -1,
        "EBIT": 0,
        "Net Income": -1
    },
    "2017-03-31": {
        "Diluted EPS": -0.02,
        "Total Revenue": 23,
        "Gross Profit": 10,
        "Operating Income": -2,
        "EBIT": -1,
        "Net Income": -3
    },
    "2016-12-31": {
        "Diluted EPS": 0.0,
        "Total Revenue": 31,
        "Gross Profit": 9,
        "Operating Income": 0,
        "EBIT": 1,
        "Net Income": -1
    },
    "2016-09-30": {
        "Diluted EPS": -0.03,
        "Total Revenue": 21,
        "Gross Profit": 6,
        "Operating Income": -4,
        "EBIT": -3,
        "Net Income": -4
    },
    "2016-06-30": {
        "Diluted EPS": -0.04,
        "Total Revenue": 18,
        "Gross Profit": 5,
        "Operating Income": -5,
        "EBIT": -4,
        "Net Income": -6
    },
    "2016-03-31": {
        "Diluted EPS": -0.06,
        "Total Revenue": 16,
        "Gross Profit": 3,
        "Operating Income": -10,
        "EBIT": -8,
        "Net Income": -10
    },
    "2015-12-31": {
        "Diluted EPS": 0.0,
        "Total Revenue": 20,
        "Gross Profit": 4,
        "Operating Income": -5,
        "EBIT": -4,
        "Net Income": -1
    },
    "2015-09-30": {
        "Diluted EPS": -0.03,
        "Total Revenue": 16,
        "Gross Profit": 4,
        "Operating Income": -5,
        "EBIT": -4,
        "Net Income": -4
    },
    "2015-06-30": {
        "Diluted EPS": -0.06,
        "Total Revenue": 11,
        "Gross Profit": 1,
        "Operating Income": -8,
        "EBIT": -7,
        "Net Income": -7
    },
    "2015-03-31": {
        "Diluted EPS": 0.05,
        "Total Revenue": 9,
        "Gross Profit": 1,
        "Operating Income": -7,
        "EBIT": -6,
        "Net Income": 7
    },
    "2014-12-31": {
        "Diluted EPS": -0.14,
        "Total Revenue": 16,
        "Gross Profit": -3,
        "Operating Income": -18,
        "EBIT": -16,
        "Net Income": -17
    },
    "2014-09-30": {
        "Diluted EPS": -0.02,
        "Total Revenue": 21,
        "Gross Profit": 5,
        "Operating Income": -2,
        "EBIT": -1,
        "Net Income": -2
    },
    "2014-06-30": {
        "Diluted EPS": -0.03,
        "Total Revenue": 18,
        "Gross Profit": 5,
        "Operating Income": -4,
        "EBIT": -2,
        "Net Income": -4
    },
    "2014-03-31": {
        "Diluted EPS": -0.03,
        "Total Revenue": 14,
        "Gross Profit": 4,
        "Operating Income": -4,
        "EBIT": -3,
        "Net Income": -4
    },
    "2013-12-31": {
        "Diluted EPS": -0.01,
        "Total Revenue": 17,
        "Gross Profit": 6,
        "Operating Income": -3,
        "EBIT": -1,
        "Net Income": -2
    },
    "2013-09-30": {
        "Diluted EPS": -0.05,
        "Total Revenue": 17,
        "Gross Profit": 5,
        "Operating Income": -4,
        "EBIT": -2,
        "Net Income": -5
    },
    "2013-06-30": {
        "Diluted EPS": -0.05,
        "Total Revenue": 15,
        "Gross Profit": 3,
        "Operating Income": -6,
        "EBIT": -4,
        "Net Income": -6
    },
    "2013-03-31": {
        "Diluted EPS": -0.09,
        "Total Revenue": 12,
        "Gross Profit": 3,
        "Operating Income": -7,
        "EBIT": -6,
        "Net Income": -8
    },
    "2012-12-31": {
        "Diluted EPS": -0.2,
        "Total Revenue": 16,
        "Gross Profit": 4,
        "Operating Income": -6,
        "EBIT": -5,
        "Net Income": -18
    },
    "2012-09-30": {
        "Diluted EPS": -0.1,
        "Total Revenue": 10,
        "Gross Profit": 1,
        "Operating Income": -9,
        "EBIT": -7,
        "Net Income": -9
    },
    "2012-06-30": {
        "Diluted EPS": -0.08,
        "Total Revenue": 7,
        "Gross Profit": 0,
        "Operating Income": -7,
        "EBIT": -6,
        "Net Income": -7
    },
    "2012-03-31": {
        "Diluted EPS": -0.1,
        "Total Revenue": 10,
        "Gross Profit": 2,
        "Operating Income": -9,
        "EBIT": -7,
        "Net Income": -8
    },
    "2011-12-31": {
        "Diluted EPS": -0.1,
        "Total Revenue": 1,
        "Gross Profit": -2,
        "Operating Income": -9,
        "EBIT": -8,
        "Net Income": -7
    },
    "2011-09-30": {
        "Diluted EPS": -0.08,
        "Total Revenue": 21,
        "Gross Profit": 4,
        "Operating Income": -8,
        "EBIT": -6,
        "Net Income": -7
    },
    "2011-06-30": {
        "Diluted EPS": -0.1,
        "Total Revenue": 19,
        "Gross Profit": 3,
        "Operating Income": -9,
        "EBIT": -8,
        "Net Income": -9
    },
    "2011-03-31": {
        "Diluted EPS": -0.12,
        "Total Revenue": 15,
        "Gross Profit": 2,
        "Operating Income": -11,
        "EBIT": -10,
        "Net Income": -11
    },
    "2010-12-31": {
        "Diluted EPS": -0.09,
        "Total Revenue": 21,
        "Gross Profit": 5,
        "Operating Income": -10,
        "EBIT": -5,
        "Net Income": -9
    },
    "2010-09-30": {
        "Diluted EPS": -0.07,
        "Total Revenue": 17,
        "Gross Profit": 2,
        "Operating Income": -10,
        "EBIT": -9,
        "Net Income": -6
    },
    "2010-06-30": {
        "Diluted EPS": -0.13,
        "Total Revenue": 16,
        "Gross Profit": 1,
        "Operating Income": -12,
        "EBIT": -10,
        "Net Income": -11
    },
    "2010-03-31": {
        "Diluted EPS": -0.08,
        "Total Revenue": 12,
        "Gross Profit": 2,
        "Operating Income": -11,
        "EBIT": -9,
        "Net Income": -7
    },
    "2009-12-31": {
        "Diluted EPS": 0.31,
        "Total Revenue": 17,
        "Gross Profit": 2,
        "Operating Income": -12,
        "EBIT": -8,
        "Net Income": 26
    },
    "2009-09-30": {
        "Diluted EPS": -0.14,
        "Total Revenue": 9,
        "Gross Profit": 1,
        "Operating Income": -13,
        "EBIT": -11,
        "Net Income": -11
    },
    "2009-06-30": {
        "Diluted EPS": 0.02,
        "Total Revenue": 13,
        "Gross Profit": 2,
        "Operating Income": -12,
        "EBIT": -10,
        "Net Income": 2
    },
    "2009-03-31": {
        "Diluted EPS": -0.23,
        "Total Revenue": 8,
        "Gross Profit": 0,
        "Operating Income": -15,
        "EBIT": -13,
        "Net Income": -19
    },
    "2023-06-30": {
        "Tax Effect Of Unusual Items": NaN,
        "Tax Rate For Calcs": NaN,
        "Normalized EBITDA": NaN,
        "Total Unusual Items": NaN,
        "Total Unusual Items Excluding Goodwill": NaN,
        "Net Income From Continuing Operation Net Minority Interest": NaN,
        "Reconciled Depreciation": NaN,
        "Reconciled Cost Of Revenue": NaN,
        "EBITDA": NaN,
        "EBIT": NaN,
        "Net Interest Income": NaN,
        "Interest Expense": NaN,
        "Normalized Income": NaN,
        "Net Income From Continuing And Discontinued Operation": NaN,
        "Total Expenses": NaN,
        "Total Operating Income As Reported": NaN,
        "Diluted Average Shares": 298678945.0,
        "Basic Average Shares": 298678945.0,
        "Diluted EPS": -0.09,
        "Basic EPS": -0.09,
        "Diluted NI Availto Com Stockholders": NaN,
        "Net Income Common Stockholders": NaN,
        "Net Income": NaN,
        "Net Income Including Noncontrolling Interests": NaN,
        "Net Income Discontinuous Operations": NaN,
        "Net Income Continuous Operations": NaN,
        "Tax Provision": NaN,
        "Pretax Income": NaN,
        "Other Income Expense": NaN,
        "Special Income Charges": NaN,
        "Write Off": NaN,
        "Impairment Of Capital Assets": NaN,
        "Restructuring And Mergern Acquisition": NaN,
        "Earnings From Equity Interest": NaN,
        "Gain On Sale Of Security": NaN,
        "Net Non Operating Interest Income Expense": NaN,
        "Total Other Finance Cost": 60000.0,
        "Interest Expense Non Operating": NaN,
        "Operating Income": NaN,
        "Operating Expense": NaN,
        "Other Taxes": NaN,
        "Research And Development": NaN,
        "Selling General And Administration": NaN,
        "Selling And Marketing Expense": NaN,
        "General And Administrative Expense": NaN,
        "Other Gand A": NaN,
        "Salaries And Wages": 60000.0,
        "Gross Profit": NaN,
        "Cost Of Revenue": NaN,
        "Total Revenue": NaN,
        "Operating Revenue": NaN
    },
    "2023-09-30": {
        "Tax Effect Of Unusual Items": NaN,
        "Tax Rate For Calcs": NaN,
        "Normalized EBITDA": NaN,
        "Total Unusual Items": NaN,
        "Total Unusual Items Excluding Goodwill": NaN,
        "Net Income From Continuing Operation Net Minority Interest": NaN,
        "Reconciled Depreciation": NaN,
        "Reconciled Cost Of Revenue": NaN,
        "EBITDA": NaN,
        "EBIT": NaN,
        "Net Interest Income": NaN,
        "Interest Expense": NaN,
        "Normalized Income": NaN,
        "Net Income From Continuing And Discontinued Operation": NaN,
        "Total Expenses": NaN,
        "Total Operating Income As Reported": NaN,
        "Diluted Average Shares": 298702372.0,
        "Basic Average Shares": 298702372.0,
        "Diluted EPS": -0.12,
        "Basic EPS": -0.12,
        "Diluted NI Availto Com Stockholders": NaN,
        "Net Income Common Stockholders": NaN,
        "Net Income": NaN,
        "Net Income Including Noncontrolling Interests": NaN,
        "Net Income Discontinuous Operations": NaN,
        "Net Income Continuous Operations": NaN,
        "Tax Provision": NaN,
        "Pretax Income": NaN,
        "Other Income Expense": NaN,
        "Special Income Charges": NaN,
        "Gain On Sale Of Ppe": NaN,
        "Write Off": NaN,
        "Impairment Of Capital Assets": NaN,
        "Restructuring And Mergern Acquisition": NaN,
        "Earnings From Equity Interest": NaN,
        "Gain On Sale Of Security": NaN,
        "Net Non Operating Interest Income Expense": NaN,
        "Total Other Finance Cost": 12000.0,
        "Interest Expense Non Operating": NaN,
        "Operating Income": NaN,
        "Operating Expense": NaN,
        "Other Taxes": NaN,
        "Research And Development": NaN,
        "Selling General And Administration": NaN,
        "Selling And Marketing Expense": NaN,
        "General And Administrative Expense": NaN,
        "Other Gand A": NaN,
        "Salaries And Wages": 12000.0,
        "Gross Profit": NaN,
        "Cost Of Revenue": NaN,
        "Total Revenue": NaN,
        "Operating Revenue": NaN
    },
    "2023-12-31": {
        "Tax Effect Of Unusual Items": NaN,
        "Tax Rate For Calcs": NaN,
        "Normalized EBITDA": NaN,
        "Total Unusual Items": NaN,
        "Total Unusual Items Excluding Goodwill": NaN,
        "Net Income From Continuing Operation Net Minority Interest": NaN,
        "Reconciled Depreciation": NaN,
        "Reconciled Cost Of Revenue": NaN,
        "EBITDA": NaN,
        "EBIT": NaN,
        "Net Interest Income": NaN,
        "Interest Expense": NaN,
        "Normalized Income": NaN,
        "Net Income From Continuing And Discontinued Operation": NaN,
        "Total Expenses": NaN,
        "Total Operating Income As Reported": NaN,
        "Diluted Average Shares": NaN,
        "Basic Average Shares": NaN,
        "Diluted EPS": NaN,
        "Basic EPS": NaN,
        "Diluted NI Availto Com Stockholders": NaN,
        "Net Income Common Stockholders": NaN,
        "Net Income": NaN,
        "Net Income Including Noncontrolling Interests": NaN,
        "Net Income Discontinuous Operations": NaN,
        "Net Income Continuous Operations": NaN,
        "Tax Provision": NaN,
        "Pretax Income": NaN,
        "Other Income Expense": NaN,
        "Special Income Charges": NaN,
        "Gain On Sale Of Ppe": NaN,
        "Write Off": NaN,
        "Impairment Of Capital Assets": NaN,
        "Restructuring And Mergern Acquisition": NaN,
        "Earnings From Equity Interest": NaN,
        "Gain On Sale Of Security": NaN,
        "Net Non Operating Interest Income Expense": NaN,
        "Total Other Finance Cost": NaN,
        "Interest Expense Non Operating": NaN,
        "Operating Income": NaN,
        "Operating Expense": NaN,
        "Other Taxes": NaN,
        "Research And Development": NaN,
        "Selling General And Administration": NaN,
        "Selling And Marketing Expense": NaN,
        "General And Administrative Expense": NaN,
        "Other Gand A": NaN,
        "Salaries And Wages": 15000.0,
        "Gross Profit": NaN,
        "Cost Of Revenue": NaN,
        "Total Revenue": NaN,
        "Operating Revenue": NaN
    },
    "2024-03-31": {
        "Tax Effect Of Unusual Items": NaN,
        "Tax Rate For Calcs": NaN,
        "Normalized EBITDA": NaN,
        "Total Unusual Items": NaN,
        "Total Unusual Items Excluding Goodwill": NaN,
        "Net Income From Continuing Operation Net Minority Interest": NaN,
        "Reconciled Depreciation": NaN,
        "Reconciled Cost Of Revenue": NaN,
        "EBITDA": NaN,
        "EBIT": NaN,
        "Net Interest Income": NaN,
        "Interest Expense": NaN,
        "Normalized Income": NaN,
        "Net Income From Continuing And Discontinued Operation": NaN,
        "Total Expenses": NaN,
        "Total Operating Income As Reported": NaN,
        "Diluted Average Shares": NaN,
        "Basic Average Shares": NaN,
        "Diluted EPS": NaN,
        "Basic EPS": NaN,
        "Diluted NI Availto Com Stockholders": NaN,
        "Net Income Common Stockholders": NaN,
        "Net Income": NaN,
        "Net Income Including Noncontrolling Interests": NaN,
        "Net Income Discontinuous Operations": NaN,
        "Net Income Continuous Operations": NaN,
        "Tax Provision": NaN,
        "Pretax Income": NaN,
        "Other Income Expense": NaN,
        "Special Income Charges": NaN,
        "Gain On Sale Of Ppe": NaN,
        "Write Off": NaN,
        "Impairment Of Capital Assets": NaN,
        "Restructuring And Mergern Acquisition": NaN,
        "Earnings From Equity Interest": NaN,
        "Gain On Sale Of Security": NaN,
        "Net Non Operating Interest Income Expense": NaN,
        "Total Other Finance Cost": NaN,
        "Interest Expense Non Operating": NaN,
        "Operating Income": NaN,
        "Operating Expense": NaN,
        "Other Taxes": 0.0,
        "Research And Development": NaN,
        "Selling General And Administration": NaN,
        "Selling And Marketing Expense": NaN,
        "General And Administrative Expense": NaN,
        "Other Gand A": NaN,
        "Salaries And Wages": 1000.0,
        "Gross Profit": NaN,
        "Cost Of Revenue": NaN,
        "Total Revenue": NaN,
        "Operating Revenue": NaN
    },
    "2024-06-30": {
        "Tax Effect Of Unusual Items": NaN,
        "Tax Rate For Calcs": NaN,
        "Normalized EBITDA": NaN,
        "Total Unusual Items": NaN,
        "Total Unusual Items Excluding Goodwill": NaN,
        "Net Income From Continuing Operation Net Minority Interest": NaN,
        "Reconciled Depreciation": NaN,
        "Reconciled Cost Of Revenue": NaN,
        "EBITDA": NaN,
        "EBIT": NaN,
        "Net Interest Income": NaN,
        "Interest Expense": NaN,
        "Normalized Income": NaN,
        "Net Income From Continuing And Discontinued Operation": NaN,
        "Total Expenses": NaN,
        "Total Operating Income As Reported": NaN,
        "Diluted Average Shares": 299392029.0,
        "Basic Average Shares": 299392029.0,
        "Diluted EPS": -0.11,
        "Basic EPS": -0.11,
        "Diluted NI Availto Com Stockholders": NaN,
        "Net Income Common Stockholders": NaN,
        "Net Income": NaN,
        "Net Income Including Noncontrolling Interests": NaN,
        "Net Income Discontinuous Operations": NaN,
        "Net Income Continuous Operations": NaN,
        "Tax Provision": NaN,
        "Pretax Income": NaN,
        "Other Income Expense": NaN,
        "Special Income Charges": NaN,
        "Gain On Sale Of Ppe": 0.0,
        "Write Off": NaN,
        "Impairment Of Capital Assets": NaN,
        "Restructuring And Mergern Acquisition": NaN,
        "Earnings From Equity Interest": NaN,
        "Gain On Sale Of Security": NaN,
        "Net Non Operating Interest Income Expense": NaN,
        "Total Other Finance Cost": NaN,
        "Interest Expense Non Operating": NaN,
        "Operating Income": NaN,
        "Operating Expense": NaN,
        "Other Taxes": 0.0,
        "Research And Development": NaN,
        "Selling General And Administration": NaN,
        "Selling And Marketing Expense": NaN,
        "General And Administrative Expense": NaN,
        "Other Gand A": NaN,
        "Salaries And Wages": 8000.0,
        "Gross Profit": NaN,
        "Cost Of Revenue": NaN,
        "Total Revenue": NaN,
        "Operating Revenue": NaN
    },
    "2024-09-30": {
        "Tax Effect Of Unusual Items": 0.0,
        "Tax Rate For Calcs": 0.0,
        "Normalized EBITDA": -36651000.0,
        "Total Unusual Items": -163759000.0,
        "Total Unusual Items Excluding Goodwill": -163759000.0,
        "Net Income From Continuing Operation Net Minority Interest": -204531000.0,
        "Reconciled Depreciation": 3535000.0,
        "Reconciled Cost Of Revenue": 22972000.0,
        "EBITDA": -200410000.0,
        "EBIT": -203945000.0,
        "Net Interest Income": -588000.0,
        "Interest Expense": 586000.0,
        "Normalized Income": -40772000.0,
        "Net Income From Continuing And Discontinued Operation": -205018000.0,
        "Total Expenses": 53829000.0,
        "Total Operating Income As Reported": -63083000.0,
        "Diluted Average Shares": 299411559.0,
        "Basic Average Shares": 299411559.0,
        "Diluted EPS": -0.68,
        "Basic EPS": -0.68,
        "Diluted NI Availto Com Stockholders": -205018000.0,
        "Net Income Common Stockholders": -205018000.0,
        "Net Income": -205018000.0,
        "Net Income Including Noncontrolling Interests": -205018000.0,
        "Net Income Discontinuous Operations": -487000.0,
        "Net Income Continuous Operations": -204531000.0,
        "Tax Provision": 0.0,
        "Pretax Income": -204531000.0,
        "Other Income Expense": -164870000.0,
        "Special Income Charges": -171049000.0,
        "Gain On Sale Of Ppe": 0.0,
        "Write Off": 7863000.0,
        "Impairment Of Capital Assets": 147039000.0,
        "Restructuring And Mergern Acquisition": 16147000.0,
        "Earnings From Equity Interest": -1111000.0,
        "Gain On Sale Of Security": 7290000.0,
        "Net Non Operating Interest Income Expense": -588000.0,
        "Total Other Finance Cost": 2000.0,
        "Interest Expense Non Operating": 586000.0,
        "Operating Income": -39073000.0,
        "Operating Expense": 30857000.0,
        "Other Taxes": 0.0,
        "Research And Development": 23742000.0,
        "Selling General And Administration": 7115000.0,
        "Selling And Marketing Expense": 2834000.0,
        "General And Administrative Expense": 4281000.0,
        "Other Gand A": 4281000.0,
        "Salaries And Wages": NaN,
        "Gross Profit": -8216000.0,
        "Cost Of Revenue": 22972000.0,
        "Total Revenue": 14756000.0,
        "Operating Revenue": 14756000.0
    },
    "2024-12-31": {
        "Tax Effect Of Unusual Items": -1635150.0,
        "Tax Rate For Calcs": 0.15,
        "Normalized EBITDA": -33914000.0,
        "Total Unusual Items": -10901000.0,
        "Total Unusual Items Excluding Goodwill": -10901000.0,
        "Net Income From Continuing Operation Net Minority Interest": -46471000.0,
        "Reconciled Depreciation": 1099000.0,
        "Reconciled Cost Of Revenue": 27747000.0,
        "EBITDA": -44815000.0,
        "EBIT": -45914000.0,
        "Net Interest Income": -548000.0,
        "Interest Expense": 539000.0,
        "Normalized Income": -37205150.0,
        "Net Income From Continuing And Discontinued Operation": -46471000.0,
        "Total Expenses": 56996000.0,
        "Total Operating Income As Reported": -36390000.0,
        "Diluted Average Shares": NaN,
        "Basic Average Shares": NaN,
        "Diluted EPS": NaN,
        "Basic EPS": NaN,
        "Diluted NI Availto Com Stockholders": -46471000.0,
        "Net Income Common Stockholders": -46471000.0,
        "Net Income": -46471000.0,
        "Net Income Including Noncontrolling Interests": -46471000.0,
        "Net Income Discontinuous Operations": 0.0,
        "Net Income Continuous Operations": -46471000.0,
        "Tax Provision": 18000.0,
        "Pretax Income": -46453000.0,
        "Other Income Expense": -13429000.0,
        "Special Income Charges": -8830000.0,
        "Gain On Sale Of Ppe": NaN,
        "Write Off": 3206000.0,
        "Impairment Of Capital Assets": 4916000.0,
        "Restructuring And Mergern Acquisition": 708000.0,
        "Earnings From Equity Interest": -2528000.0,
        "Gain On Sale Of Security": -2071000.0,
        "Net Non Operating Interest Income Expense": -548000.0,
        "Total Other Finance Cost": 9000.0,
        "Interest Expense Non Operating": 539000.0,
        "Operating Income": -32476000.0,
        "Operating Expense": 29249000.0,
        "Other Taxes": 0.0,
        "Research And Development": 19909000.0,
        "Selling General And Administration": 9340000.0,
        "Selling And Marketing Expense": 3066000.0,
        "General And Administrative Expense": 6274000.0,
        "Other Gand A": 6274000.0,
        "Salaries And Wages": NaN,
        "Gross Profit": -3227000.0,
        "Cost Of Revenue": 27747000.0,
        "Total Revenue": 24520000.0,
        "Operating Revenue": 24520000.0
    },
    "2025-03-31": {
        "Tax Effect Of Unusual Items": 0.0,
        "Tax Rate For Calcs": 0.0,
        "Normalized EBITDA": -28486000.0,
        "Total Unusual Items": 8951000.0,
        "Total Unusual Items Excluding Goodwill": 8951000.0,
        "Net Income From Continuing Operation Net Minority Interest": -21036000.0,
        "Reconciled Depreciation": 985000.0,
        "Reconciled Cost Of Revenue": 18997000.0,
        "EBITDA": -19535000.0,
        "EBIT": -20520000.0,
        "Net Interest Income": -516000.0,
        "Interest Expense": 516000.0,
        "Normalized Income": -29987000.0,
        "Net Income From Continuing And Discontinued Operation": -21036000.0,
        "Total Expenses": 44042000.0,
        "Total Operating Income As Reported": -29060000.0,
        "Diluted Average Shares": 299518254.0,
        "Basic Average Shares": 299518254.0,
        "Diluted EPS": -0.07,
        "Basic EPS": -0.07,
        "Diluted NI Availto Com Stockholders": -21036000.0,
        "Net Income Common Stockholders": -21036000.0,
        "Net Income": -21036000.0,
        "Net Income Including Noncontrolling Interests": -21036000.0,
        "Net Income Discontinuous Operations": 0.0,
        "Net Income Continuous Operations": -21036000.0,
        "Tax Provision": 0.0,
        "Pretax Income": -21036000.0,
        "Other Income Expense": 8133000.0,
        "Special Income Charges": -2380000.0,
        "Gain On Sale Of Ppe": 70000.0,
        "Write Off": -1000.0,
        "Impairment Of Capital Assets": 2223000.0,
        "Restructuring And Mergern Acquisition": 228000.0,
        "Earnings From Equity Interest": -818000.0,
        "Gain On Sale Of Security": 11331000.0,
        "Net Non Operating Interest Income Expense": -516000.0,
        "Total Other Finance Cost": NaN,
        "Interest Expense Non Operating": 516000.0,
        "Operating Income": -28653000.0,
        "Operating Expense": 25045000.0,
        "Other Taxes": -180000.0,
        "Research And Development": 18105000.0,
        "Selling General And Administration": 7120000.0,
        "Selling And Marketing Expense": 2455000.0,
        "General And Administrative Expense": 4665000.0,
        "Other Gand A": 4665000.0,
        "Salaries And Wages": NaN,
        "Gross Profit": -3608000.0,
        "Cost Of Revenue": 18997000.0,
        "Total Revenue": 15389000.0,
        "Operating Revenue": 15389000.0
    },
    "2025-06-30": {
        "Tax Effect Of Unusual Items": 531600.0,
        "Tax Rate For Calcs": 0.15,
        "Normalized EBITDA": -26338000.0,
        "Total Unusual Items": 3544000.0,
        "Total Unusual Items Excluding Goodwill": 3544000.0,
        "Net Income From Continuing Operation Net Minority Interest": -24280000.0,
        "Reconciled Depreciation": 964000.0,
        "Reconciled Cost Of Revenue": 19337000.0,
        "EBITDA": -22794000.0,
        "EBIT": -23758000.0,
        "Net Interest Income": -498000.0,
        "Interest Expense": 498000.0,
        "Normalized Income": -27292400.0,
        "Net Income From Continuing And Discontinued Operation": -24280000.0,
        "Total Expenses": 44700000.0,
        "Total Operating Income As Reported": -33200000.0,
        "Diluted Average Shares": 299844902.0,
        "Basic Average Shares": 299844902.0,
        "Diluted EPS": -0.08,
        "Basic EPS": -0.08,
        "Diluted NI Availto Com Stockholders": -24280000.0,
        "Net Income Common Stockholders": -24280000.0,
        "Net Income": -24280000.0,
        "Net Income Including Noncontrolling Interests": -24280000.0,
        "Net Income Discontinuous Operations": 0.0,
        "Net Income Continuous Operations": -24280000.0,
        "Tax Provision": 24000.0,
        "Pretax Income": -24256000.0,
        "Other Income Expense": 3100000.0,
        "Special Income Charges": -7278000.0,
        "Gain On Sale Of Ppe": 3000.0,
        "Write Off": 491000.0,
        "Impairment Of Capital Assets": 939000.0,
        "Restructuring And Mergern Acquisition": 5851000.0,
        "Earnings From Equity Interest": -444000.0,
        "Gain On Sale Of Security": 10822000.0,
        "Net Non Operating Interest Income Expense": -498000.0,
        "Total Other Finance Cost": NaN,
        "Interest Expense Non Operating": 498000.0,
        "Operating Income": -26858000.0,
        "Operating Expense": 25363000.0,
        "Other Taxes": NaN,
        "Research And Development": 18176000.0,
        "Selling General And Administration": 7187000.0,
        "Selling And Marketing Expense": 2399000.0,
        "General And Administrative Expense": 4788000.0,
        "Other Gand A": 4788000.0,
        "Salaries And Wages": NaN,
        "Gross Profit": -1495000.0,
        "Cost Of Revenue": 19337000.0,
        "Total Revenue": 17842000.0,
        "Operating Revenue": 17842000.0
    },
    "2025-09-30": {
        "Tax Effect Of Unusual Items": 0.0,
        "Tax Rate For Calcs": 0.0,
        "Normalized EBITDA": -13145000.0,
        "Total Unusual Items": -13437000.0,
        "Total Unusual Items Excluding Goodwill": -13437000.0,
        "Net Income From Continuing Operation Net Minority Interest": -28070000.0,
        "Reconciled Depreciation": 1035000.0,
        "Reconciled Cost Of Revenue": 27539000.0,
        "EBITDA": -26582000.0,
        "EBIT": -27617000.0,
        "Net Interest Income": -461000.0,
        "Interest Expense": 453000.0,
        "Normalized Income": -14633000.0,
        "Net Income From Continuing And Discontinued Operation": -28070000.0,
        "Total Expenses": 44778000.0,
        "Total Operating Income As Reported": -29936000.0,
        "Diluted Average Shares": 300512149.0,
        "Basic Average Shares": 300512149.0,
        "Diluted EPS": -0.09,
        "Basic EPS": -0.09,
        "Diluted NI Availto Com Stockholders": -28070000.0,
        "Net Income Common Stockholders": -28070000.0,
        "Net Income": -28070000.0,
        "Net Income Including Noncontrolling Interests": -28070000.0,
        "Net Income Discontinuous Operations": 0.0,
        "Net Income Continuous Operations": -28070000.0,
        "Tax Provision": 0.0,
        "Pretax Income": -28070000.0,
        "Other Income Expense": -15332000.0,
        "Special Income Charges": -17659000.0,
        "Gain On Sale Of Ppe": 0.0,
        "Write Off": 41000.0,
        "Impairment Of Capital Assets": 0.0,
        "Restructuring And Mergern Acquisition": 17618000.0,
        "Earnings From Equity Interest": -1895000.0,
        "Gain On Sale Of Security": 4222000.0,
        "Net Non Operating Interest Income Expense": -461000.0,
        "Total Other Finance Cost": 8000.0,
        "Interest Expense Non Operating": 453000.0,
        "Operating Income": -12277000.0,
        "Operating Expense": 17239000.0,
        "Other Taxes": NaN,
        "Research And Development": 11522000.0,
        "Selling General And Administration": 5717000.0,
        "Selling And Marketing Expense": 1559000.0,
        "General And Administrative Expense": 4158000.0,
        "Other Gand A": 4158000.0,
        "Salaries And Wages": NaN,
        "Gross Profit": 4962000.0,
        "Cost Of Revenue": 27539000.0,
        "Total Revenue": 32501000.0,
        "Operating Revenue": 32501000.0
    }
}