{
    "2023-03-31": {
        "Tax Effect Of Unusual Items": -51450.0,
        "Tax Rate For Calcs": 0.21,
        "Normalized EBITDA": 19577000.0,
        "Total Unusual Items": -245000.0,
        "Total Unusual Items Excluding Goodwill": -245000.0,
        "Net Income From Continuing Operation Net Minority Interest": -14701000.0,
        "Reconciled Depreciation": 27272000.0,
        "Reconciled Cost Of Revenue": 96614000.0,
        "EBITDA": 19332000.0,
        "EBIT": -7940000.0,
        "Net Interest Income": -9426000.0,
        "Interest Expense": 10662000.0,
        "Interest Income": 1236000.0,
        "Normalized Income": -14507450.0,
        "Net Income From Continuing And Discontinued Operation": -14701000.0,
        "Total Expenses": 271700000.0,
        "Total Operating Income As Reported": -9947000.0,
        "Diluted Average Shares": 52132999.0,
        "Basic Average Shares": 52132999.0,
        "Diluted EPS": -0.28,
        "Basic EPS": -0.28,
        "Diluted NI Availto Com Stockholders": -14701000.0,
        "Net Income Common Stockholders": -14701000.0,
        "Net Income": -14701000.0,
        "Net Income Including Noncontrolling Interests": -14701000.0,
        "Net Income Continuous Operations": -14701000.0,
        "Tax Provision": -3901000.0,
        "Pretax Income": -18602000.0,
        "Other Income Expense": 771000.0,
        "Other Non Operating Income Expenses": 1016000.0,
        "Special Income Charges": NaN,
        "Restructuring And Mergern Acquisition": NaN,
        "Gain On Sale Of Security": -245000.0,
        "Net Non Operating Interest Income Expense": -9426000.0,
        "Interest Expense Non Operating": 10662000.0,
        "Interest Income Non Operating": 1236000.0,
        "Operating Income": -9947000.0,
        "Operating Expense": 148588000.0,
        "Depreciation Amortization Depletion Income Statement": 774000.0,
        "Depreciation And Amortization In Income Statement": 774000.0,
        "Amortization": 774000.0,
        "Amortization Of Intangibles Income Statement": 774000.0,
        "Research And Development": 40591000.0,
        "Selling General And Administration": 107223000.0,
        "Selling And Marketing Expense": 54385000.0,
        "General And Administrative Expense": 52838000.0,
        "Other Gand A": 52838000.0,
        "Gross Profit": 138641000.0,
        "Cost Of Revenue": 123112000.0,
        "Total Revenue": 261753000.0,
        "Operating Revenue": 261753000.0
    },
    "2022-12-31": {
        "Tax Effect Of Unusual Items": NaN,
        "Tax Rate For Calcs": NaN,
        "Normalized EBITDA": NaN,
        "Total Unusual Items": NaN,
        "Total Unusual Items Excluding Goodwill": NaN,
        "Net Income From Continuing Operation Net Minority Interest": NaN,
        "Reconciled Depreciation": NaN,
        "Reconciled Cost Of Revenue": NaN,
        "EBITDA": NaN,
        "EBIT": NaN,
        "Net Interest Income": NaN,
        "Interest Expense": NaN,
        "Interest Income": NaN,
        "Normalized Income": NaN,
        "Net Income From Continuing And Discontinued Operation": NaN,
        "Total Expenses": NaN,
        "Total Operating Income As Reported": NaN,
        "Diluted Average Shares": NaN,
        "Basic Average Shares": NaN,
        "Diluted EPS": NaN,
        "Basic EPS": NaN,
        "Diluted NI Availto Com Stockholders": NaN,
        "Net Income Common Stockholders": NaN,
        "Net Income": NaN,
        "Net Income Including Noncontrolling Interests": NaN,
        "Net Income Continuous Operations": NaN,
        "Tax Provision": NaN,
        "Pretax Income": NaN,
        "Other Income Expense": NaN,
        "Other Non Operating Income Expenses": NaN,
        "Special Income Charges": 0.0,
        "Restructuring And Mergern Acquisition": 0.0,
        "Gain On Sale Of Security": NaN,
        "Net Non Operating Interest Income Expense": NaN,
        "Interest Expense Non Operating": NaN,
        "Interest Income Non Operating": NaN,
        "Operating Income": NaN,
        "Operating Expense": NaN,
        "Depreciation Amortization Depletion Income Statement": NaN,
        "Depreciation And Amortization In Income Statement": NaN,
        "Amortization": NaN,
        "Amortization Of Intangibles Income Statement": NaN,
        "Research And Development": NaN,
        "Selling General And Administration": NaN,
        "Selling And Marketing Expense": NaN,
        "General And Administrative Expense": NaN,
        "Other Gand A": NaN,
        "Gross Profit": NaN,
        "Cost Of Revenue": NaN,
        "Total Revenue": NaN,
        "Operating Revenue": NaN
    },
    "2022-09-30": {
        "Tax Effect Of Unusual Items": NaN,
        "Tax Rate For Calcs": NaN,
        "Normalized EBITDA": NaN,
        "Total Unusual Items": NaN,
        "Total Unusual Items Excluding Goodwill": NaN,
        "Net Income From Continuing Operation Net Minority Interest": NaN,
        "Reconciled Depreciation": NaN,
        "Reconciled Cost Of Revenue": NaN,
        "EBITDA": NaN,
        "EBIT": NaN,
        "Net Interest Income": NaN,
        "Interest Expense": NaN,
        "Interest Income": NaN,
        "Normalized Income": NaN,
        "Net Income From Continuing And Discontinued Operation": NaN,
        "Total Expenses": NaN,
        "Total Operating Income As Reported": NaN,
        "Diluted Average Shares": NaN,
        "Basic Average Shares": NaN,
        "Diluted EPS": NaN,
        "Basic EPS": NaN,
        "Diluted NI Availto Com Stockholders": NaN,
        "Net Income Common Stockholders": NaN,
        "Net Income": NaN,
        "Net Income Including Noncontrolling Interests": NaN,
        "Net Income Continuous Operations": NaN,
        "Tax Provision": NaN,
        "Pretax Income": NaN,
        "Other Income Expense": NaN,
        "Other Non Operating Income Expenses": NaN,
        "Special Income Charges": 0.0,
        "Restructuring And Mergern Acquisition": 0.0,
        "Gain On Sale Of Security": NaN,
        "Net Non Operating Interest Income Expense": NaN,
        "Interest Expense Non Operating": NaN,
        "Interest Income Non Operating": NaN,
        "Operating Income": NaN,
        "Operating Expense": NaN,
        "Depreciation Amortization Depletion Income Statement": NaN,
        "Depreciation And Amortization In Income Statement": NaN,
        "Amortization": NaN,
        "Amortization Of Intangibles Income Statement": NaN,
        "Research And Development": NaN,
        "Selling General And Administration": NaN,
        "Selling And Marketing Expense": NaN,
        "General And Administrative Expense": NaN,
        "Other Gand A": NaN,
        "Gross Profit": NaN,
        "Cost Of Revenue": NaN,
        "Total Revenue": NaN,
        "Operating Revenue": NaN
    },
    "2022-06-30": {
        "Tax Effect Of Unusual Items": 0.0,
        "Tax Rate For Calcs": 0.4,
        "Normalized EBITDA": 28925000.0,
        "Total Unusual Items": 0.0,
        "Total Unusual Items Excluding Goodwill": 0.0,
        "Net Income From Continuing Operation Net Minority Interest": -3422000.0,
        "Reconciled Depreciation": 25738000.0,
        "Reconciled Cost Of Revenue": 100674000.0,
        "EBITDA": 28925000.0,
        "EBIT": 3187000.0,
        "Net Interest Income": -8976000.0,
        "Interest Expense": 8976000.0,
        "Interest Income": 114000.0,
        "Normalized Income": -3422000.0,
        "Net Income From Continuing And Discontinued Operation": -3422000.0,
        "Total Expenses": 264873000.0,
        "Total Operating Income As Reported": 54000.0,
        "Diluted Average Shares": 51660739.0,
        "Basic Average Shares": 51660739.0,
        "Diluted EPS": -0.07,
        "Basic EPS": -0.07,
        "Diluted NI Availto Com Stockholders": -3422000.0,
        "Net Income Common Stockholders": -3422000.0,
        "Net Income": -3422000.0,
        "Net Income Including Noncontrolling Interests": -3422000.0,
        "Net Income Continuous Operations": -3422000.0,
        "Tax Provision": -2367000.0,
        "Pretax Income": -5789000.0,
        "Other Income Expense": 3133000.0,
        "Other Non Operating Income Expenses": 3133000.0,
        "Special Income Charges": 0.0,
        "Restructuring And Mergern Acquisition": 0.0,
        "Gain On Sale Of Security": 2271000.0,
        "Net Non Operating Interest Income Expense": -8976000.0,
        "Interest Expense Non Operating": 8976000.0,
        "Interest Income Non Operating": 114000.0,
        "Operating Income": 54000.0,
        "Operating Expense": 139266000.0,
        "Depreciation Amortization Depletion Income Statement": 805000.0,
        "Depreciation And Amortization In Income Statement": 805000.0,
        "Amortization": 805000.0,
        "Amortization Of Intangibles Income Statement": 805000.0,
        "Research And Development": 38333000.0,
        "Selling General And Administration": 100128000.0,
        "Selling And Marketing Expense": 52737000.0,
        "General And Administrative Expense": 47391000.0,
        "Other Gand A": 47391000.0,
        "Gross Profit": 139320000.0,
        "Cost Of Revenue": 125607000.0,
        "Total Revenue": 264927000.0,
        "Operating Revenue": 264927000.0
    },
    "2023-06-30": {
        "Tax Effect Of Unusual Items": -112350.0,
        "Tax Rate For Calcs": 0.21,
        "Normalized EBITDA": 29957000.0,
        "Total Unusual Items": -535000.0,
        "Total Unusual Items Excluding Goodwill": -535000.0,
        "Net Income From Continuing Operation Net Minority Interest": 2105000.0,
        "Reconciled Depreciation": 26350000.0,
        "Reconciled Cost Of Revenue": 95913000.0,
        "EBITDA": 29422000.0,
        "EBIT": 3072000.0,
        "Net Interest Income": -8859000.0,
        "Interest Expense": 11167000.0,
        "Interest Income": 2308000.0,
        "Normalized Income": 2527650.0,
        "Net Income From Continuing And Discontinued Operation": 2105000.0,
        "Total Expenses": 270748000.0,
        "Total Operating Income As Reported": 294000.0,
        "Diluted Average Shares": 53643124.0,
        "Basic Average Shares": 52642411.0,
        "Diluted EPS": 0.04,
        "Basic EPS": 0.04,
        "Diluted NI Availto Com Stockholders": 2105000.0,
        "Net Income Common Stockholders": 2105000.0,
        "Net Income": 2105000.0,
        "Net Income Including Noncontrolling Interests": 2105000.0,
        "Net Income Continuous Operations": 2105000.0,
        "Tax Provision": -10200000.0,
        "Pretax Income": -8095000.0,
        "Other Income Expense": 470000.0,
        "Other Non Operating Income Expenses": 1005000.0,
        "Gain On Sale Of Security": -535000.0,
        "Net Non Operating Interest Income Expense": -8859000.0,
        "Interest Expense Non Operating": 11167000.0,
        "Interest Income Non Operating": 2308000.0,
        "Operating Income": 294000.0,
        "Operating Expense": 149273000.0,
        "Depreciation Amortization Depletion Income Statement": 788000.0,
        "Depreciation And Amortization In Income Statement": 788000.0,
        "Amortization": 788000.0,
        "Amortization Of Intangibles Income Statement": 788000.0,
        "Research And Development": 36146000.0,
        "Selling General And Administration": 112339000.0,
        "Selling And Marketing Expense": 53191000.0,
        "General And Administrative Expense": 59148000.0,
        "Other Gand A": 59148000.0,
        "Gross Profit": 149567000.0,
        "Cost Of Revenue": 121475000.0,
        "Total Revenue": 271042000.0,
        "Operating Revenue": 271042000.0
    },
    "2022-03-31": {
        "Diluted EPS": -0.2,
        "Total Revenue": 257,
        "Gross Profit": 134,
        "Operating Income": -6,
        "EBIT": 20,
        "Net Income": -10
    },
    "2021-12-31": {
        "Diluted EPS": -0.15,
        "Total Revenue": 248,
        "Gross Profit": 124,
        "Operating Income": -7,
        "EBIT": 16,
        "Net Income": -7
    },
    "2021-09-30": {
        "Diluted EPS": 0.13,
        "Total Revenue": 231,
        "Gross Profit": 124,
        "Operating Income": 12,
        "EBIT": 32,
        "Net Income": 6
    },
    "2021-06-30": {
        "Diluted EPS": 0.14,
        "Total Revenue": 229,
        "Gross Profit": 121,
        "Operating Income": 13,
        "EBIT": 34,
        "Net Income": 7
    },
    "2021-03-31": {
        "Diluted EPS": -0.0,
        "Total Revenue": 219,
        "Gross Profit": 116,
        "Operating Income": 7,
        "EBIT": 28,
        "Net Income": 0
    },
    "2020-12-31": {
        "Diluted EPS": -0.28,
        "Total Revenue": 243,
        "Gross Profit": 123,
        "Operating Income": -1,
        "EBIT": 23,
        "Net Income": -14
    },
    "2020-09-30": {
        "Diluted EPS": 0.1,
        "Total Revenue": 215,
        "Gross Profit": 116,
        "Operating Income": 10,
        "EBIT": 33,
        "Net Income": 5
    },
    "2020-06-30": {
        "Diluted EPS": 0.24,
        "Total Revenue": 232,
        "Gross Profit": 127,
        "Operating Income": 20,
        "EBIT": 44,
        "Net Income": 12
    },
    "2020-03-31": {
        "Diluted EPS": 0.1,
        "Total Revenue": 224,
        "Gross Profit": 119,
        "Operating Income": 8,
        "EBIT": 30,
        "Net Income": 5
    },
    "2019-12-31": {
        "Diluted EPS": 0.03,
        "Total Revenue": 238,
        "Gross Profit": 121,
        "Operating Income": 4,
        "EBIT": 25,
        "Net Income": 1
    },
    "2019-09-30": {
        "Diluted EPS": 0.09,
        "Total Revenue": 221,
        "Gross Profit": 119,
        "Operating Income": 8,
        "EBIT": 29,
        "Net Income": 5
    },
    "2019-06-30": {
        "Diluted EPS": 0.15,
        "Total Revenue": 226,
        "Gross Profit": 125,
        "Operating Income": 13,
        "EBIT": 35,
        "Net Income": 7
    },
    "2019-03-31": {
        "Diluted EPS": -0.02,
        "Total Revenue": 216,
        "Gross Profit": 117,
        "Operating Income": 2,
        "EBIT": 24,
        "Net Income": -1
    },
    "2018-12-31": {
        "Diluted EPS": 0.19,
        "Total Revenue": 221,
        "Gross Profit": 118,
        "Operating Income": 15,
        "EBIT": 34,
        "Net Income": 9
    },
    "2018-09-30": {
        "Diluted EPS": 0.23,
        "Total Revenue": 210,
        "Gross Profit": 114,
        "Operating Income": 16,
        "EBIT": 36,
        "Net Income": 11
    },
    "2018-06-30": {
        "Diluted EPS": 0.14,
        "Total Revenue": 214,
        "Gross Profit": 119,
        "Operating Income": 11,
        "EBIT": 32,
        "Net Income": 7
    },
    "2018-03-31": {
        "Diluted EPS": 0.37,
        "Total Revenue": 204,
        "Gross Profit": 116,
        "Operating Income": 18,
        "EBIT": 38,
        "Net Income": 18
    },
    "2017-12-31": {
        "Diluted EPS": 0.76,
        "Total Revenue": 217,
        "Gross Profit": 115,
        "Operating Income": 20,
        "EBIT": 39,
        "Net Income": 37
    },
    "2017-09-30": {
        "Diluted EPS": 0.27,
        "Total Revenue": 194,
        "Gross Profit": 107,
        "Operating Income": 18,
        "EBIT": 37,
        "Net Income": 13
    },
    "2017-06-30": {
        "Diluted EPS": 0.23,
        "Total Revenue": 192,
        "Gross Profit": 105,
        "Operating Income": 17,
        "EBIT": 35,
        "Net Income": 11
    },
    "2017-03-31": {
        "Diluted EPS": 0.28,
        "Total Revenue": 185,
        "Gross Profit": 100,
        "Operating Income": 13,
        "EBIT": 32,
        "Net Income": 13
    },
    "2016-12-31": {
        "Diluted EPS": 0.45,
        "Total Revenue": 199,
        "Gross Profit": 107,
        "Operating Income": 30,
        "EBIT": 48,
        "Net Income": 21
    },
    "2016-09-30": {
        "Diluted EPS": 0.19,
        "Total Revenue": 183,
        "Gross Profit": 100,
        "Operating Income": 14,
        "EBIT": 31,
        "Net Income": 9
    },
    "2016-06-30": {
        "Diluted EPS": 0.19,
        "Total Revenue": 180,
        "Gross Profit": 97,
        "Operating Income": 14,
        "EBIT": 32,
        "Net Income": 9
    },
    "2016-03-31": {
        "Diluted EPS": 0.13,
        "Total Revenue": 169,
        "Gross Profit": 89,
        "Operating Income": 11,
        "EBIT": 28,
        "Net Income": 6
    },
    "2015-12-31": {
        "Diluted EPS": 0.14,
        "Total Revenue": 176,
        "Gross Profit": 91,
        "Operating Income": 10,
        "EBIT": 25,
        "Net Income": 6
    },
    "2015-09-30": {
        "Diluted EPS": 0.17,
        "Total Revenue": 159,
        "Gross Profit": 85,
        "Operating Income": 14,
        "EBIT": 28,
        "Net Income": 8
    },
    "2015-06-30": {
        "Diluted EPS": 0.15,
        "Total Revenue": 156,
        "Gross Profit": 83,
        "Operating Income": 14,
        "EBIT": 28,
        "Net Income": 7
    },
    "2015-03-31": {
        "Diluted EPS": 0.09,
        "Total Revenue": 147,
        "Gross Profit": 75,
        "Operating Income": 8,
        "EBIT": 22,
        "Net Income": 4
    },
    "2014-12-31": {
        "Diluted EPS": 0.11,
        "Total Revenue": 153,
        "Gross Profit": 76,
        "Operating Income": 8,
        "EBIT": 21,
        "Net Income": 5
    },
    "2014-09-30": {
        "Diluted EPS": 0.23,
        "Total Revenue": 145,
        "Gross Profit": 76,
        "Operating Income": 14,
        "EBIT": 25,
        "Net Income": 10
    },
    "2014-06-30": {
        "Diluted EPS": 0.2,
        "Total Revenue": 139,
        "Gross Profit": 75,
        "Operating Income": 16,
        "EBIT": 27,
        "Net Income": 9
    },
    "2014-03-31": {
        "Diluted EPS": 0.08,
        "Total Revenue": 128,
        "Gross Profit": 64,
        "Operating Income": 9,
        "EBIT": 20,
        "Net Income": 4
    },
    "2013-12-31": {
        "Diluted EPS": 0.25,
        "Total Revenue": 135,
        "Gross Profit": 69,
        "Operating Income": 15,
        "EBIT": 26,
        "Net Income": 12
    },
    "2013-09-30": {
        "Diluted EPS": 0.21,
        "Total Revenue": 128,
        "Gross Profit": 72,
        "Operating Income": 18,
        "EBIT": 29,
        "Net Income": 9
    },
    "2013-06-30": {
        "Diluted EPS": 0.15,
        "Total Revenue": 125,
        "Gross Profit": 69,
        "Operating Income": 14,
        "EBIT": 25,
        "Net Income": 7
    },
    "2013-03-31": {
        "Diluted EPS": 0.06,
        "Total Revenue": 116,
        "Gross Profit": 62,
        "Operating Income": 5,
        "EBIT": 15,
        "Net Income": 3
    },
    "2012-12-31": {
        "Diluted EPS": 0.08,
        "Total Revenue": 120,
        "Gross Profit": 64,
        "Operating Income": 10,
        "EBIT": 21,
        "Net Income": 3
    },
    "2012-09-30": {
        "Diluted EPS": 0.06,
        "Total Revenue": 122,
        "Gross Profit": 67,
        "Operating Income": 6,
        "EBIT": 15,
        "Net Income": 3
    },
    "2012-06-30": {
        "Diluted EPS": -0.05,
        "Total Revenue": 110,
        "Gross Profit": 60,
        "Operating Income": -2,
        "EBIT": 6,
        "Net Income": -2
    },
    "2012-03-31": {
        "Diluted EPS": 0.06,
        "Total Revenue": 95,
        "Gross Profit": 54,
        "Operating Income": 5,
        "EBIT": 10,
        "Net Income": 3
    },
    "2011-12-31": {
        "Diluted EPS": 0.14,
        "Total Revenue": 95,
        "Gross Profit": 53,
        "Operating Income": 11,
        "EBIT": 15,
        "Net Income": 6
    },
    "2011-09-30": {
        "Diluted EPS": 0.23,
        "Total Revenue": 95,
        "Gross Profit": 56,
        "Operating Income": 16,
        "EBIT": 20,
        "Net Income": 10
    },
    "2011-06-30": {
        "Diluted EPS": 0.21,
        "Total Revenue": 94,
        "Gross Profit": 54,
        "Operating Income": 14,
        "EBIT": 19,
        "Net Income": 9
    },
    "2011-03-31": {
        "Diluted EPS": 0.17,
        "Total Revenue": 87,
        "Gross Profit": 50,
        "Operating Income": 10,
        "EBIT": 14,
        "Net Income": 7
    },
    "2010-12-31": {
        "Diluted EPS": 0.19,
        "Total Revenue": 86,
        "Gross Profit": 50,
        "Operating Income": 12,
        "EBIT": 16,
        "Net Income": 8
    },
    "2010-09-30": {
        "Diluted EPS": 0.2,
        "Total Revenue": 83,
        "Gross Profit": 50,
        "Operating Income": 13,
        "EBIT": 17,
        "Net Income": 9
    },
    "2010-06-30": {
        "Diluted EPS": 0.15,
        "Total Revenue": 81,
        "Gross Profit": 49,
        "Operating Income": 11,
        "EBIT": 15,
        "Net Income": 7
    },
    "2010-03-31": {
        "Diluted EPS": 0.13,
        "Total Revenue": 76,
        "Gross Profit": 46,
        "Operating Income": 10,
        "EBIT": 13,
        "Net Income": 6
    },
    "2009-12-31": {
        "Diluted EPS": 0.17,
        "Total Revenue": 79,
        "Gross Profit": 49,
        "Operating Income": 13,
        "EBIT": 17,
        "Net Income": 7
    },
    "2009-09-30": {
        "Diluted EPS": 0.22,
        "Total Revenue": 79,
        "Gross Profit": 49,
        "Operating Income": 14,
        "EBIT": 18,
        "Net Income": 10
    },
    "2009-06-30": {
        "Diluted EPS": 0.15,
        "Total Revenue": 76,
        "Gross Profit": 46,
        "Operating Income": 11,
        "EBIT": 15,
        "Net Income": 7
    },
    "2009-03-31": {
        "Diluted EPS": 0.09,
        "Total Revenue": 75,
        "Gross Profit": 44,
        "Operating Income": 8,
        "EBIT": 12,
        "Net Income": 4
    },
    "2023-09-30": {
        "Tax Effect Of Unusual Items": NaN,
        "Tax Rate For Calcs": NaN,
        "Normalized EBITDA": NaN,
        "Total Unusual Items": NaN,
        "Total Unusual Items Excluding Goodwill": NaN,
        "Net Income From Continuing Operation Net Minority Interest": NaN,
        "Reconciled Depreciation": NaN,
        "Reconciled Cost Of Revenue": NaN,
        "EBITDA": NaN,
        "EBIT": NaN,
        "Net Interest Income": NaN,
        "Interest Expense": NaN,
        "Interest Income": NaN,
        "Normalized Income": NaN,
        "Net Income From Continuing And Discontinued Operation": NaN,
        "Total Expenses": NaN,
        "Total Operating Income As Reported": NaN,
        "Diluted Average Shares": 54089897.0,
        "Basic Average Shares": 52704974.0,
        "Diluted EPS": 0.17,
        "Basic EPS": 0.17,
        "Diluted NI Availto Com Stockholders": NaN,
        "Net Income Common Stockholders": NaN,
        "Net Income": NaN,
        "Net Income Including Noncontrolling Interests": NaN,
        "Net Income Continuous Operations": NaN,
        "Tax Provision": NaN,
        "Pretax Income": NaN,
        "Other Income Expense": NaN,
        "Other Non Operating Income Expenses": NaN,
        "Gain On Sale Of Security": NaN,
        "Net Non Operating Interest Income Expense": NaN,
        "Interest Expense Non Operating": NaN,
        "Interest Income Non Operating": NaN,
        "Operating Income": NaN,
        "Operating Expense": NaN,
        "Depreciation Amortization Depletion Income Statement": NaN,
        "Depreciation And Amortization In Income Statement": NaN,
        "Amortization": NaN,
        "Amortization Of Intangibles Income Statement": NaN,
        "Research And Development": NaN,
        "Selling General And Administration": NaN,
        "Selling And Marketing Expense": NaN,
        "General And Administrative Expense": NaN,
        "Other Gand A": NaN,
        "Gross Profit": NaN,
        "Cost Of Revenue": NaN,
        "Total Revenue": NaN,
        "Operating Revenue": NaN
    },
    "2023-12-31": {
        "Tax Effect Of Unusual Items": NaN,
        "Tax Rate For Calcs": NaN,
        "Normalized EBITDA": NaN,
        "Total Unusual Items": NaN,
        "Total Unusual Items Excluding Goodwill": NaN,
        "Net Income From Continuing Operation Net Minority Interest": NaN,
        "Reconciled Depreciation": NaN,
        "Reconciled Cost Of Revenue": NaN,
        "EBITDA": NaN,
        "EBIT": NaN,
        "Net Interest Income": NaN,
        "Interest Expense": NaN,
        "Interest Income": NaN,
        "Normalized Income": NaN,
        "Net Income From Continuing And Discontinued Operation": NaN,
        "Total Expenses": NaN,
        "Total Operating Income As Reported": NaN,
        "Diluted Average Shares": 54439689.0,
        "Basic Average Shares": 52697294.0,
        "Diluted EPS": 0.1,
        "Basic EPS": 0.1,
        "Diluted NI Availto Com Stockholders": NaN,
        "Net Income Common Stockholders": NaN,
        "Net Income": NaN,
        "Net Income Including Noncontrolling Interests": NaN,
        "Net Income Continuous Operations": NaN,
        "Tax Provision": NaN,
        "Pretax Income": NaN,
        "Other Income Expense": NaN,
        "Other Non Operating Income Expenses": NaN,
        "Gain On Sale Of Security": NaN,
        "Net Non Operating Interest Income Expense": NaN,
        "Interest Expense Non Operating": NaN,
        "Interest Income Non Operating": NaN,
        "Operating Income": NaN,
        "Operating Expense": NaN,
        "Depreciation Amortization Depletion Income Statement": NaN,
        "Depreciation And Amortization In Income Statement": NaN,
        "Amortization": NaN,
        "Amortization Of Intangibles Income Statement": NaN,
        "Research And Development": NaN,
        "Selling General And Administration": NaN,
        "Selling And Marketing Expense": NaN,
        "General And Administrative Expense": NaN,
        "Other Gand A": NaN,
        "Gross Profit": NaN,
        "Cost Of Revenue": NaN,
        "Total Revenue": NaN,
        "Operating Revenue": NaN
    },
    "2024-03-31": {
        "Tax Effect Of Unusual Items": 59430.0,
        "Tax Rate For Calcs": 0.21,
        "Normalized EBITDA": 43878000.0,
        "Total Unusual Items": 283000.0,
        "Total Unusual Items Excluding Goodwill": 283000.0,
        "Net Income From Continuing Operation Net Minority Interest": 5246000.0,
        "Reconciled Depreciation": 30095000.0,
        "Reconciled Cost Of Revenue": 97015000.0,
        "EBITDA": 44161000.0,
        "EBIT": 14066000.0,
        "Net Interest Income": -8228000.0,
        "Interest Expense": 10276000.0,
        "Interest Income": 2048000.0,
        "Normalized Income": 5022430.0,
        "Net Income From Continuing And Discontinued Operation": 5246000.0,
        "Total Expenses": 268531000.0,
        "Total Operating Income As Reported": 10719000.0,
        "Diluted Average Shares": 53414495.0,
        "Basic Average Shares": 52052370.0,
        "Diluted EPS": 0.1,
        "Basic EPS": 0.1,
        "Diluted NI Availto Com Stockholders": 5246000.0,
        "Net Income Common Stockholders": 5246000.0,
        "Net Income": 5246000.0,
        "Net Income Including Noncontrolling Interests": 5246000.0,
        "Net Income Continuous Operations": 5246000.0,
        "Tax Provision": -1456000.0,
        "Pretax Income": 3790000.0,
        "Other Income Expense": 1299000.0,
        "Other Non Operating Income Expenses": 1016000.0,
        "Gain On Sale Of Security": 283000.0,
        "Net Non Operating Interest Income Expense": -8228000.0,
        "Interest Expense Non Operating": 10276000.0,
        "Interest Income Non Operating": 2048000.0,
        "Operating Income": 10719000.0,
        "Operating Expense": 142325000.0,
        "Depreciation Amortization Depletion Income Statement": 904000.0,
        "Depreciation And Amortization In Income Statement": 904000.0,
        "Amortization": 904000.0,
        "Amortization Of Intangibles Income Statement": 904000.0,
        "Research And Development": 42802000.0,
        "Selling General And Administration": 98619000.0,
        "Selling And Marketing Expense": 50865000.0,
        "General And Administrative Expense": 47754000.0,
        "Other Gand A": 47754000.0,
        "Gross Profit": 153044000.0,
        "Cost Of Revenue": 126206000.0,
        "Total Revenue": 279250000.0,
        "Operating Revenue": 279250000.0
    },
    "2024-06-30": {
        "Tax Effect Of Unusual Items": -101080.0,
        "Tax Rate For Calcs": 0.266,
        "Normalized EBITDA": 76240000.0,
        "Total Unusual Items": -380000.0,
        "Total Unusual Items Excluding Goodwill": -380000.0,
        "Net Income From Continuing Operation Net Minority Interest": 21804000.0,
        "Reconciled Depreciation": 30458000.0,
        "Reconciled Cost Of Revenue": 95144000.0,
        "EBITDA": 75860000.0,
        "EBIT": 45402000.0,
        "Net Interest Income": -12900000.0,
        "Interest Expense": 15715000.0,
        "Interest Income": 2815000.0,
        "Normalized Income": 22082920.0,
        "Net Income From Continuing And Discontinued Operation": 21804000.0,
        "Total Expenses": 245194000.0,
        "Total Operating Income As Reported": 42092000.0,
        "Diluted Average Shares": 51677418.0,
        "Basic Average Shares": 50747337.0,
        "Diluted EPS": 0.42,
        "Basic EPS": 0.43,
        "Diluted NI Availto Com Stockholders": 21804000.0,
        "Net Income Common Stockholders": 21804000.0,
        "Net Income": 21804000.0,
        "Net Income Including Noncontrolling Interests": 21804000.0,
        "Net Income Continuous Operations": 21804000.0,
        "Tax Provision": 7883000.0,
        "Pretax Income": 29687000.0,
        "Other Income Expense": 495000.0,
        "Other Non Operating Income Expenses": 875000.0,
        "Gain On Sale Of Security": -380000.0,
        "Net Non Operating Interest Income Expense": -12900000.0,
        "Interest Expense Non Operating": 15715000.0,
        "Interest Income Non Operating": 2815000.0,
        "Operating Income": 42092000.0,
        "Operating Expense": 120494000.0,
        "Depreciation Amortization Depletion Income Statement": 902000.0,
        "Depreciation And Amortization In Income Statement": 902000.0,
        "Amortization": 902000.0,
        "Amortization Of Intangibles Income Statement": 902000.0,
        "Research And Development": 39068000.0,
        "Selling General And Administration": 80524000.0,
        "Selling And Marketing Expense": 47081000.0,
        "General And Administrative Expense": 33443000.0,
        "Other Gand A": 33443000.0,
        "Gross Profit": 162586000.0,
        "Cost Of Revenue": 124700000.0,
        "Total Revenue": 287286000.0,
        "Operating Revenue": 287286000.0
    },
    "2024-09-30": {
        "Tax Effect Of Unusual Items": -322175.0,
        "Tax Rate For Calcs": 0.245,
        "Normalized EBITDA": 79202000.0,
        "Total Unusual Items": -1315000.0,
        "Total Unusual Items Excluding Goodwill": -1315000.0,
        "Net Income From Continuing Operation Net Minority Interest": 20542000.0,
        "Reconciled Depreciation": 31065000.0,
        "Reconciled Cost Of Revenue": 97370000.0,
        "EBITDA": 77887000.0,
        "EBIT": 46822000.0,
        "Net Interest Income": -11022000.0,
        "Interest Expense": 14140000.0,
        "Interest Income": 3118000.0,
        "Normalized Income": 21534825.0,
        "Net Income From Continuing And Discontinued Operation": 20542000.0,
        "Total Expenses": 242902000.0,
        "Total Operating Income As Reported": 43825000.0,
        "Diluted Average Shares": 51632569.0,
        "Basic Average Shares": 50409292.0,
        "Diluted EPS": 0.4,
        "Basic EPS": 0.41,
        "Diluted NI Availto Com Stockholders": 20542000.0,
        "Net Income Common Stockholders": 20542000.0,
        "Net Income": 20542000.0,
        "Net Income Including Noncontrolling Interests": 20542000.0,
        "Net Income Continuous Operations": 20542000.0,
        "Tax Provision": 12140000.0,
        "Pretax Income": 32682000.0,
        "Other Income Expense": -121000.0,
        "Other Non Operating Income Expenses": 1194000.0,
        "Gain On Sale Of Security": -1315000.0,
        "Net Non Operating Interest Income Expense": -11022000.0,
        "Interest Expense Non Operating": 14140000.0,
        "Interest Income Non Operating": 3118000.0,
        "Operating Income": 43825000.0,
        "Operating Expense": 115385000.0,
        "Depreciation Amortization Depletion Income Statement": 918000.0,
        "Depreciation And Amortization In Income Statement": 918000.0,
        "Amortization": 918000.0,
        "Amortization Of Intangibles Income Statement": 918000.0,
        "Research And Development": 39368000.0,
        "Selling General And Administration": 75099000.0,
        "Selling And Marketing Expense": 49454000.0,
        "General And Administrative Expense": 25645000.0,
        "Other Gand A": 25645000.0,
        "Gross Profit": 159210000.0,
        "Cost Of Revenue": 127517000.0,
        "Total Revenue": 286727000.0,
        "Operating Revenue": 286727000.0
    },
    "2024-12-31": {
        "Tax Effect Of Unusual Items": -50184033.212442,
        "Tax Rate For Calcs": 0.124384,
        "Normalized EBITDA": 71261000.0,
        "Total Unusual Items": -403461000.0,
        "Total Unusual Items Excluding Goodwill": -403461000.0,
        "Net Income From Continuing Operation Net Minority Interest": -330764000.0,
        "Reconciled Depreciation": 30047000.0,
        "Reconciled Cost Of Revenue": 108639000.0,
        "EBITDA": -332200000.0,
        "EBIT": -362247000.0,
        "Net Interest Income": -13638000.0,
        "Interest Expense": 15503000.0,
        "Interest Income": 1865000.0,
        "Normalized Income": 22512966.787558,
        "Net Income From Continuing And Discontinued Operation": -330764000.0,
        "Total Expenses": 264014000.0,
        "Total Operating Income As Reported": -367142000.0,
        "Diluted Average Shares": 49051396.0,
        "Basic Average Shares": 49051396.0,
        "Diluted EPS": -6.74,
        "Basic EPS": -6.74,
        "Diluted NI Availto Com Stockholders": -330764000.0,
        "Net Income Common Stockholders": -330764000.0,
        "Net Income": -330764000.0,
        "Net Income Including Noncontrolling Interests": -330764000.0,
        "Net Income Continuous Operations": -330764000.0,
        "Tax Provision": -46986000.0,
        "Pretax Income": -377750000.0,
        "Other Income Expense": -402330000.0,
        "Other Non Operating Income Expenses": 1131000.0,
        "Gain On Sale Of Security": 1899000.0,
        "Net Non Operating Interest Income Expense": -13638000.0,
        "Interest Expense Non Operating": 15503000.0,
        "Interest Income Non Operating": 1865000.0,
        "Operating Income": 38218000.0,
        "Operating Expense": 126145000.0,
        "Depreciation Amortization Depletion Income Statement": 817000.0,
        "Depreciation And Amortization In Income Statement": 817000.0,
        "Amortization": 817000.0,
        "Amortization Of Intangibles Income Statement": 817000.0,
        "Research And Development": 39348000.0,
        "Selling General And Administration": 85980000.0,
        "Selling And Marketing Expense": 50099000.0,
        "General And Administrative Expense": 35881000.0,
        "Other Gand A": 35881000.0,
        "Gross Profit": 164363000.0,
        "Cost Of Revenue": 137869000.0,
        "Total Revenue": 302232000.0,
        "Operating Revenue": 302232000.0
    },
    "2025-03-31": {
        "Tax Effect Of Unusual Items": -113133.0,
        "Tax Rate For Calcs": 0.129,
        "Normalized EBITDA": 45059000.0,
        "Total Unusual Items": -877000.0,
        "Total Unusual Items Excluding Goodwill": -877000.0,
        "Net Income From Continuing Operation Net Minority Interest": 4867000.0,
        "Reconciled Depreciation": 21647000.0,
        "Reconciled Cost Of Revenue": 93702000.0,
        "EBITDA": 44182000.0,
        "EBIT": 22535000.0,
        "Net Interest Income": -15290000.0,
        "Interest Expense": 16945000.0,
        "Interest Income": 1655000.0,
        "Normalized Income": 5630867.0,
        "Net Income From Continuing And Discontinued Operation": 4867000.0,
        "Total Expenses": 250231000.0,
        "Total Operating Income As Reported": 20430000.0,
        "Diluted Average Shares": 49445079.0,
        "Basic Average Shares": 48429061.0,
        "Diluted EPS": 0.1,
        "Basic EPS": 0.1,
        "Diluted NI Availto Com Stockholders": 4867000.0,
        "Net Income Common Stockholders": 4867000.0,
        "Net Income": 4867000.0,
        "Net Income Including Noncontrolling Interests": 4867000.0,
        "Net Income Continuous Operations": 4867000.0,
        "Tax Provision": 723000.0,
        "Pretax Income": 5590000.0,
        "Other Income Expense": 450000.0,
        "Other Non Operating Income Expenses": 1327000.0,
        "Gain On Sale Of Security": -877000.0,
        "Net Non Operating Interest Income Expense": -15290000.0,
        "Interest Expense Non Operating": 16945000.0,
        "Interest Income Non Operating": 1655000.0,
        "Operating Income": 20430000.0,
        "Operating Expense": 135416000.0,
        "Depreciation Amortization Depletion Income Statement": 534000.0,
        "Depreciation And Amortization In Income Statement": 534000.0,
        "Amortization": 534000.0,
        "Amortization Of Intangibles Income Statement": 534000.0,
        "Research And Development": 33559000.0,
        "Selling General And Administration": 101323000.0,
        "Selling And Marketing Expense": 44644000.0,
        "General And Administrative Expense": 56679000.0,
        "Other Gand A": 56679000.0,
        "Gross Profit": 155846000.0,
        "Cost Of Revenue": 114815000.0,
        "Total Revenue": 270661000.0,
        "Operating Revenue": 270661000.0
    },
    "2025-06-30": {
        "Tax Effect Of Unusual Items": -687480.0,
        "Tax Rate For Calcs": 0.34,
        "Normalized EBITDA": 81525000.0,
        "Total Unusual Items": -2022000.0,
        "Total Unusual Items Excluding Goodwill": -2022000.0,
        "Net Income From Continuing Operation Net Minority Interest": 25980000.0,
        "Reconciled Depreciation": 21699000.0,
        "Reconciled Cost Of Revenue": 92500000.0,
        "EBITDA": 79503000.0,
        "EBIT": 57804000.0,
        "Net Interest Income": -16443000.0,
        "Interest Expense": 18411000.0,
        "Interest Income": 1968000.0,
        "Normalized Income": 27314520.0,
        "Net Income From Continuing And Discontinued Operation": 25980000.0,
        "Total Expenses": 224696000.0,
        "Total Operating Income As Reported": 56686000.0,
        "Diluted Average Shares": 48248057.0,
        "Basic Average Shares": 47784062.0,
        "Diluted EPS": 0.54,
        "Basic EPS": 0.54,
        "Diluted NI Availto Com Stockholders": 25980000.0,
        "Net Income Common Stockholders": 25980000.0,
        "Net Income": 25980000.0,
        "Net Income Including Noncontrolling Interests": 25980000.0,
        "Net Income Continuous Operations": 25980000.0,
        "Tax Provision": 13413000.0,
        "Pretax Income": 39393000.0,
        "Other Income Expense": -850000.0,
        "Other Non Operating Income Expenses": 1172000.0,
        "Gain On Sale Of Security": -2022000.0,
        "Net Non Operating Interest Income Expense": -16443000.0,
        "Interest Expense Non Operating": 18411000.0,
        "Interest Income Non Operating": 1968000.0,
        "Operating Income": 56686000.0,
        "Operating Expense": 111063000.0,
        "Depreciation Amortization Depletion Income Statement": 566000.0,
        "Depreciation And Amortization In Income Statement": 566000.0,
        "Amortization": 566000.0,
        "Amortization Of Intangibles Income Statement": 566000.0,
        "Research And Development": 33595000.0,
        "Selling General And Administration": 76902000.0,
        "Selling And Marketing Expense": 44046000.0,
        "General And Administrative Expense": 32856000.0,
        "Other Gand A": 32856000.0,
        "Gross Profit": 167749000.0,
        "Cost Of Revenue": 113633000.0,
        "Total Revenue": 281382000.0,
        "Operating Revenue": 281382000.0
    }
}