{
    "2023-03-31": {
        "Tax Effect Of Unusual Items": NaN,
        "Tax Rate For Calcs": NaN,
        "Normalized EBITDA": NaN,
        "Total Unusual Items": NaN,
        "Total Unusual Items Excluding Goodwill": NaN,
        "Net Income From Continuing Operation Net Minority Interest": NaN,
        "Reconciled Depreciation": NaN,
        "Reconciled Cost Of Revenue": NaN,
        "EBITDA": NaN,
        "EBIT": NaN,
        "Net Interest Income": NaN,
        "Interest Expense": NaN,
        "Normalized Income": NaN,
        "Net Income From Continuing And Discontinued Operation": NaN,
        "Total Expenses": NaN,
        "Total Operating Income As Reported": NaN,
        "Diluted Average Shares": NaN,
        "Basic Average Shares": NaN,
        "Diluted EPS": NaN,
        "Basic EPS": NaN,
        "Diluted NI Availto Com Stockholders": NaN,
        "Net Income Common Stockholders": NaN,
        "Otherunder Preferred Stock Dividend": NaN,
        "Net Income": NaN,
        "Minority Interests": NaN,
        "Net Income Including Noncontrolling Interests": NaN,
        "Net Income Continuous Operations": NaN,
        "Tax Provision": NaN,
        "Pretax Income": NaN,
        "Other Income Expense": NaN,
        "Other Non Operating Income Expenses": NaN,
        "Special Income Charges": NaN,
        "Impairment Of Capital Assets": NaN,
        "Restructuring And Mergern Acquisition": NaN,
        "Net Non Operating Interest Income Expense": NaN,
        "Interest Expense Non Operating": NaN,
        "Operating Income": NaN,
        "Operating Expense": NaN,
        "Depreciation Amortization Depletion Income Statement": 0.0,
        "Depreciation And Amortization In Income Statement": 0.0,
        "Amortization": 0.0,
        "Amortization Of Intangibles Income Statement": 0.0,
        "Research And Development": NaN,
        "Selling General And Administration": NaN,
        "Selling And Marketing Expense": NaN,
        "General And Administrative Expense": NaN,
        "Other Gand A": NaN,
        "Gross Profit": NaN,
        "Cost Of Revenue": NaN,
        "Total Revenue": NaN,
        "Operating Revenue": NaN
    },
    "2022-12-31": {
        "Tax Effect Of Unusual Items": NaN,
        "Tax Rate For Calcs": NaN,
        "Normalized EBITDA": NaN,
        "Total Unusual Items": NaN,
        "Total Unusual Items Excluding Goodwill": NaN,
        "Net Income From Continuing Operation Net Minority Interest": NaN,
        "Reconciled Depreciation": NaN,
        "Reconciled Cost Of Revenue": NaN,
        "EBITDA": NaN,
        "EBIT": NaN,
        "Net Interest Income": NaN,
        "Interest Expense": NaN,
        "Normalized Income": NaN,
        "Net Income From Continuing And Discontinued Operation": NaN,
        "Total Expenses": NaN,
        "Total Operating Income As Reported": NaN,
        "Diluted Average Shares": NaN,
        "Basic Average Shares": NaN,
        "Diluted EPS": NaN,
        "Basic EPS": NaN,
        "Diluted NI Availto Com Stockholders": NaN,
        "Net Income Common Stockholders": NaN,
        "Otherunder Preferred Stock Dividend": NaN,
        "Net Income": NaN,
        "Minority Interests": NaN,
        "Net Income Including Noncontrolling Interests": NaN,
        "Net Income Continuous Operations": NaN,
        "Tax Provision": NaN,
        "Pretax Income": NaN,
        "Other Income Expense": NaN,
        "Other Non Operating Income Expenses": NaN,
        "Special Income Charges": NaN,
        "Impairment Of Capital Assets": 0.0,
        "Restructuring And Mergern Acquisition": NaN,
        "Net Non Operating Interest Income Expense": NaN,
        "Interest Expense Non Operating": NaN,
        "Operating Income": NaN,
        "Operating Expense": NaN,
        "Depreciation Amortization Depletion Income Statement": 0.0,
        "Depreciation And Amortization In Income Statement": 0.0,
        "Amortization": 0.0,
        "Amortization Of Intangibles Income Statement": 0.0,
        "Research And Development": NaN,
        "Selling General And Administration": NaN,
        "Selling And Marketing Expense": NaN,
        "General And Administrative Expense": NaN,
        "Other Gand A": NaN,
        "Gross Profit": NaN,
        "Cost Of Revenue": NaN,
        "Total Revenue": NaN,
        "Operating Revenue": NaN
    },
    "2022-09-30": {
        "Tax Effect Of Unusual Items": NaN,
        "Tax Rate For Calcs": NaN,
        "Normalized EBITDA": NaN,
        "Total Unusual Items": NaN,
        "Total Unusual Items Excluding Goodwill": NaN,
        "Net Income From Continuing Operation Net Minority Interest": NaN,
        "Reconciled Depreciation": NaN,
        "Reconciled Cost Of Revenue": NaN,
        "EBITDA": NaN,
        "EBIT": NaN,
        "Net Interest Income": NaN,
        "Interest Expense": NaN,
        "Normalized Income": NaN,
        "Net Income From Continuing And Discontinued Operation": NaN,
        "Total Expenses": NaN,
        "Total Operating Income As Reported": NaN,
        "Diluted Average Shares": NaN,
        "Basic Average Shares": NaN,
        "Diluted EPS": NaN,
        "Basic EPS": NaN,
        "Diluted NI Availto Com Stockholders": NaN,
        "Net Income Common Stockholders": NaN,
        "Net Income": NaN,
        "Minority Interests": NaN,
        "Net Income Including Noncontrolling Interests": NaN,
        "Net Income Continuous Operations": NaN,
        "Tax Provision": NaN,
        "Pretax Income": NaN,
        "Other Income Expense": NaN,
        "Other Non Operating Income Expenses": NaN,
        "Special Income Charges": NaN,
        "Impairment Of Capital Assets": 57857000.0,
        "Restructuring And Mergern Acquisition": NaN,
        "Net Non Operating Interest Income Expense": NaN,
        "Interest Expense Non Operating": NaN,
        "Operating Income": NaN,
        "Operating Expense": NaN,
        "Depreciation Amortization Depletion Income Statement": NaN,
        "Depreciation And Amortization In Income Statement": NaN,
        "Amortization": NaN,
        "Amortization Of Intangibles Income Statement": NaN,
        "Research And Development": NaN,
        "Selling General And Administration": NaN,
        "Selling And Marketing Expense": NaN,
        "General And Administrative Expense": NaN,
        "Other Gand A": NaN,
        "Gross Profit": NaN,
        "Cost Of Revenue": NaN,
        "Total Revenue": NaN,
        "Operating Revenue": NaN
    },
    "2022-06-30": {
        "Tax Effect Of Unusual Items": -159281200.0,
        "Tax Rate For Calcs": 0.4,
        "Normalized EBITDA": -67733000.0,
        "Total Unusual Items": -398203000.0,
        "Total Unusual Items Excluding Goodwill": -398203000.0,
        "Net Income From Continuing Operation Net Minority Interest": -478379000.0,
        "Reconciled Depreciation": 5474000.0,
        "Reconciled Cost Of Revenue": 38868000.0,
        "EBITDA": -465936000.0,
        "EBIT": -471410000.0,
        "Net Interest Income": -5726000.0,
        "Interest Expense": 5726000.0,
        "Normalized Income": -239457200.0,
        "Net Income From Continuing And Discontinued Operation": -478379000.0,
        "Total Expenses": 138752000.0,
        "Total Operating Income As Reported": -471416000.0,
        "Diluted Average Shares": 232501000.0,
        "Basic Average Shares": 232501000.0,
        "Diluted EPS": -2.06,
        "Basic EPS": -2.06,
        "Diluted NI Availto Com Stockholders": -478379000.0,
        "Net Income Common Stockholders": -478379000.0,
        "Otherunder Preferred Stock Dividend": 0.0,
        "Net Income": -478379000.0,
        "Minority Interests": -1177000.0,
        "Net Income Including Noncontrolling Interests": -477202000.0,
        "Net Income Continuous Operations": -477202000.0,
        "Tax Provision": 66000.0,
        "Pretax Income": -477136000.0,
        "Other Income Expense": -398197000.0,
        "Other Non Operating Income Expenses": 6000.0,
        "Special Income Charges": -398203000.0,
        "Impairment Of Capital Assets": 391823000.0,
        "Restructuring And Mergern Acquisition": 6380000.0,
        "Net Non Operating Interest Income Expense": -5726000.0,
        "Interest Expense Non Operating": 5726000.0,
        "Operating Income": -73213000.0,
        "Operating Expense": 98478000.0,
        "Depreciation Amortization Depletion Income Statement": 4068000.0,
        "Depreciation And Amortization In Income Statement": 4068000.0,
        "Amortization": 4068000.0,
        "Amortization Of Intangibles Income Statement": 4068000.0,
        "Research And Development": 35500000.0,
        "Selling General And Administration": 58910000.0,
        "Selling And Marketing Expense": 22438000.0,
        "General And Administrative Expense": 36472000.0,
        "Other Gand A": 36472000.0,
        "Gross Profit": 25265000.0,
        "Cost Of Revenue": 40274000.0,
        "Total Revenue": 65539000.0,
        "Operating Revenue": 65539000.0
    },
    "2022-03-31": {
        "Diluted EPS": -0.32,
        "Total Revenue": 72,
        "Gross Profit": 29,
        "Operating Income": -70,
        "EBIT": -62,
        "Net Income": -74
    },
    "2021-12-31": {
        "Diluted EPS": -0.32,
        "Total Revenue": 81,
        "Gross Profit": 35,
        "Operating Income": -60,
        "EBIT": -53,
        "Net Income": -67
    },
    "2021-09-30": {
        "Diluted EPS": -0.38,
        "Total Revenue": 90,
        "Gross Profit": 40,
        "Operating Income": -71,
        "EBIT": -62,
        "Net Income": -77
    },
    "2021-06-30": {
        "Diluted EPS": 0.0,
        "Total Revenue": 32,
        "Gross Profit": 20,
        "Operating Income": -40,
        "EBIT": -37,
        "Net Income": NaN
    },
    "2021-03-31": {
        "Diluted EPS": -0.6,
        "Total Revenue": 32,
        "Gross Profit": 21,
        "Operating Income": -27,
        "EBIT": -24,
        "Net Income": -27
    },
    "2020-12-31": {
        "Diluted EPS": 0.0,
        "Total Revenue": NaN,
        "Gross Profit": NaN,
        "Operating Income": NaN,
        "EBIT": NaN,
        "Net Income": NaN
    },
    "2020-09-30": {
        "Diluted EPS": -0.38,
        "Total Revenue": 28,
        "Gross Profit": 18,
        "Operating Income": -15,
        "EBIT": -13,
        "Net Income": -15
    },
    "2020-06-30": {
        "Diluted EPS": -0.53,
        "Total Revenue": 22,
        "Gross Profit": 13,
        "Operating Income": -21,
        "EBIT": -21,
        "Net Income": -21
    },
    "2019-12-31": {
        "Diluted EPS": 0.0,
        "Total Revenue": NaN,
        "Gross Profit": NaN,
        "Operating Income": NaN,
        "EBIT": NaN,
        "Net Income": NaN
    },
    "2023-06-30": {
        "Tax Effect Of Unusual Items": NaN,
        "Tax Rate For Calcs": NaN,
        "Normalized EBITDA": NaN,
        "Total Unusual Items": NaN,
        "Total Unusual Items Excluding Goodwill": NaN,
        "Net Income From Continuing Operation Net Minority Interest": NaN,
        "Reconciled Depreciation": NaN,
        "Reconciled Cost Of Revenue": NaN,
        "EBITDA": NaN,
        "EBIT": NaN,
        "Net Interest Income": NaN,
        "Interest Expense": NaN,
        "Normalized Income": NaN,
        "Net Income From Continuing And Discontinued Operation": NaN,
        "Total Expenses": NaN,
        "Total Operating Income As Reported": NaN,
        "Diluted Average Shares": 244262000.0,
        "Basic Average Shares": 244262000.0,
        "Diluted EPS": -0.18,
        "Basic EPS": -0.18,
        "Diluted NI Availto Com Stockholders": NaN,
        "Net Income Common Stockholders": NaN,
        "Otherunder Preferred Stock Dividend": 0.0,
        "Net Income": NaN,
        "Minority Interests": NaN,
        "Net Income Including Noncontrolling Interests": NaN,
        "Net Income Continuous Operations": NaN,
        "Tax Provision": NaN,
        "Pretax Income": NaN,
        "Other Income Expense": NaN,
        "Other Non Operating Income Expenses": NaN,
        "Special Income Charges": NaN,
        "Impairment Of Capital Assets": 0.0,
        "Restructuring And Mergern Acquisition": NaN,
        "Net Non Operating Interest Income Expense": NaN,
        "Interest Expense Non Operating": NaN,
        "Operating Income": NaN,
        "Operating Expense": NaN,
        "Depreciation Amortization Depletion Income Statement": 0.0,
        "Depreciation And Amortization In Income Statement": 0.0,
        "Amortization": 0.0,
        "Amortization Of Intangibles Income Statement": 0.0,
        "Research And Development": NaN,
        "Selling General And Administration": NaN,
        "Selling And Marketing Expense": NaN,
        "General And Administrative Expense": NaN,
        "Other Gand A": NaN,
        "Gross Profit": NaN,
        "Cost Of Revenue": NaN,
        "Total Revenue": NaN,
        "Operating Revenue": NaN
    },
    "2023-09-30": {
        "Tax Effect Of Unusual Items": NaN,
        "Tax Rate For Calcs": NaN,
        "Normalized EBITDA": NaN,
        "Total Unusual Items": NaN,
        "Total Unusual Items Excluding Goodwill": NaN,
        "Net Income From Continuing Operation Net Minority Interest": NaN,
        "Reconciled Depreciation": NaN,
        "Reconciled Cost Of Revenue": NaN,
        "EBITDA": NaN,
        "EBIT": NaN,
        "Net Interest Income": NaN,
        "Interest Expense": NaN,
        "Normalized Income": NaN,
        "Net Income From Continuing And Discontinued Operation": NaN,
        "Total Expenses": NaN,
        "Total Operating Income As Reported": NaN,
        "Diluted Average Shares": NaN,
        "Basic Average Shares": NaN,
        "Diluted EPS": NaN,
        "Basic EPS": NaN,
        "Diluted NI Availto Com Stockholders": NaN,
        "Net Income Common Stockholders": NaN,
        "Otherunder Preferred Stock Dividend": 0.0,
        "Preferred Stock Dividends": NaN,
        "Net Income": NaN,
        "Minority Interests": NaN,
        "Net Income Including Noncontrolling Interests": NaN,
        "Net Income Discontinuous Operations": NaN,
        "Net Income Continuous Operations": NaN,
        "Tax Provision": NaN,
        "Pretax Income": NaN,
        "Other Income Expense": NaN,
        "Other Non Operating Income Expenses": NaN,
        "Special Income Charges": NaN,
        "Impairment Of Capital Assets": 0.0,
        "Restructuring And Mergern Acquisition": NaN,
        "Net Non Operating Interest Income Expense": NaN,
        "Interest Expense Non Operating": NaN,
        "Operating Income": NaN,
        "Operating Expense": NaN,
        "Depreciation Amortization Depletion Income Statement": 0.0,
        "Depreciation And Amortization In Income Statement": 0.0,
        "Amortization": 0.0,
        "Amortization Of Intangibles Income Statement": 0.0,
        "Research And Development": NaN,
        "Selling General And Administration": NaN,
        "Selling And Marketing Expense": NaN,
        "General And Administrative Expense": NaN,
        "Other Gand A": NaN,
        "Gross Profit": NaN,
        "Cost Of Revenue": NaN,
        "Total Revenue": NaN,
        "Operating Revenue": NaN
    },
    "2023-12-31": {
        "Tax Effect Of Unusual Items": NaN,
        "Tax Rate For Calcs": NaN,
        "Normalized EBITDA": NaN,
        "Total Unusual Items": NaN,
        "Total Unusual Items Excluding Goodwill": NaN,
        "Net Income From Continuing Operation Net Minority Interest": NaN,
        "Reconciled Depreciation": NaN,
        "Reconciled Cost Of Revenue": NaN,
        "EBITDA": NaN,
        "EBIT": NaN,
        "Net Interest Income": NaN,
        "Interest Expense": NaN,
        "Normalized Income": NaN,
        "Net Income From Continuing And Discontinued Operation": NaN,
        "Total Expenses": NaN,
        "Total Operating Income As Reported": NaN,
        "Diluted Average Shares": NaN,
        "Basic Average Shares": NaN,
        "Diluted EPS": NaN,
        "Basic EPS": NaN,
        "Diluted NI Availto Com Stockholders": NaN,
        "Net Income Common Stockholders": NaN,
        "Otherunder Preferred Stock Dividend": NaN,
        "Preferred Stock Dividends": NaN,
        "Net Income": NaN,
        "Minority Interests": NaN,
        "Net Income Including Noncontrolling Interests": NaN,
        "Net Income Discontinuous Operations": NaN,
        "Net Income Continuous Operations": NaN,
        "Tax Provision": NaN,
        "Pretax Income": NaN,
        "Other Income Expense": NaN,
        "Other Non Operating Income Expenses": NaN,
        "Special Income Charges": NaN,
        "Impairment Of Capital Assets": 0.0,
        "Restructuring And Mergern Acquisition": NaN,
        "Net Non Operating Interest Income Expense": NaN,
        "Interest Expense Non Operating": NaN,
        "Operating Income": NaN,
        "Operating Expense": NaN,
        "Depreciation Amortization Depletion Income Statement": 0.0,
        "Depreciation And Amortization In Income Statement": 0.0,
        "Amortization": 0.0,
        "Amortization Of Intangibles Income Statement": 0.0,
        "Research And Development": NaN,
        "Selling General And Administration": NaN,
        "Selling And Marketing Expense": NaN,
        "General And Administrative Expense": NaN,
        "Other Gand A": NaN,
        "Gross Profit": NaN,
        "Cost Of Revenue": NaN,
        "Total Revenue": NaN,
        "Operating Revenue": NaN
    },
    "2024-03-31": {
        "Tax Effect Of Unusual Items": -204120.0,
        "Tax Rate For Calcs": 0.21,
        "Normalized EBITDA": -13543000.0,
        "Total Unusual Items": -972000.0,
        "Total Unusual Items Excluding Goodwill": -972000.0,
        "Net Income From Continuing Operation Net Minority Interest": -22175000.0,
        "Reconciled Depreciation": 1053000.0,
        "Reconciled Cost Of Revenue": 7798000.0,
        "EBITDA": -14515000.0,
        "EBIT": -15568000.0,
        "Net Interest Income": -5099000.0,
        "Interest Expense": 5099000.0,
        "Normalized Income": -21407120.0,
        "Net Income From Continuing And Discontinued Operation": -22129000.0,
        "Total Expenses": 44089000.0,
        "Total Operating Income As Reported": -21221000.0,
        "Diluted Average Shares": 250932000.0,
        "Basic Average Shares": 250932000.0,
        "Diluted EPS": -0.09,
        "Basic EPS": -0.09,
        "Diluted NI Availto Com Stockholders": -22129000.0,
        "Net Income Common Stockholders": -22129000.0,
        "Otherunder Preferred Stock Dividend": NaN,
        "Preferred Stock Dividends": NaN,
        "Net Income": -22129000.0,
        "Minority Interests": -1466000.0,
        "Net Income Including Noncontrolling Interests": -20663000.0,
        "Net Income Discontinuous Operations": 46000.0,
        "Net Income Continuous Operations": -20709000.0,
        "Tax Provision": 42000.0,
        "Pretax Income": -20667000.0,
        "Other Income Expense": 4681000.0,
        "Other Non Operating Income Expenses": 5653000.0,
        "Special Income Charges": -972000.0,
        "Impairment Of Capital Assets": NaN,
        "Restructuring And Mergern Acquisition": 972000.0,
        "Net Non Operating Interest Income Expense": -5099000.0,
        "Interest Expense Non Operating": 5099000.0,
        "Operating Income": -20249000.0,
        "Operating Expense": 36291000.0,
        "Depreciation Amortization Depletion Income Statement": NaN,
        "Depreciation And Amortization In Income Statement": NaN,
        "Amortization": NaN,
        "Amortization Of Intangibles Income Statement": NaN,
        "Research And Development": 14183000.0,
        "Selling General And Administration": 22108000.0,
        "Selling And Marketing Expense": 9755000.0,
        "General And Administrative Expense": 12353000.0,
        "Other Gand A": 12353000.0,
        "Gross Profit": 16042000.0,
        "Cost Of Revenue": 7798000.0,
        "Total Revenue": 23840000.0,
        "Operating Revenue": 23840000.0
    },
    "2024-06-30": {
        "Tax Effect Of Unusual Items": -43470.0,
        "Tax Rate For Calcs": 0.21,
        "Normalized EBITDA": -15771000.0,
        "Total Unusual Items": -207000.0,
        "Total Unusual Items Excluding Goodwill": -207000.0,
        "Net Income From Continuing Operation Net Minority Interest": -20934000.0,
        "Reconciled Depreciation": 1772000.0,
        "Reconciled Cost Of Revenue": 18802000.0,
        "EBITDA": -15978000.0,
        "EBIT": -17750000.0,
        "Net Interest Income": -1648000.0,
        "Interest Expense": 1648000.0,
        "Normalized Income": -20770470.0,
        "Net Income From Continuing And Discontinued Operation": -20934000.0,
        "Total Expenses": 53612000.0,
        "Total Operating Income As Reported": -13339000.0,
        "Diluted Average Shares": 253069000.0,
        "Basic Average Shares": 253069000.0,
        "Diluted EPS": -0.09,
        "Basic EPS": -0.09,
        "Diluted NI Availto Com Stockholders": -23595000.0,
        "Net Income Common Stockholders": -23595000.0,
        "Otherunder Preferred Stock Dividend": 2661000.0,
        "Preferred Stock Dividends": NaN,
        "Net Income": -20934000.0,
        "Minority Interests": -1513000.0,
        "Net Income Including Noncontrolling Interests": -19421000.0,
        "Net Income Discontinuous Operations": NaN,
        "Net Income Continuous Operations": -19421000.0,
        "Tax Provision": 23000.0,
        "Pretax Income": -19398000.0,
        "Other Income Expense": -4618000.0,
        "Other Non Operating Income Expenses": -4411000.0,
        "Special Income Charges": -207000.0,
        "Impairment Of Capital Assets": NaN,
        "Restructuring And Mergern Acquisition": 207000.0,
        "Net Non Operating Interest Income Expense": -1648000.0,
        "Interest Expense Non Operating": 1648000.0,
        "Operating Income": -13132000.0,
        "Operating Expense": 34810000.0,
        "Depreciation Amortization Depletion Income Statement": NaN,
        "Depreciation And Amortization In Income Statement": NaN,
        "Amortization": NaN,
        "Amortization Of Intangibles Income Statement": NaN,
        "Research And Development": 12916000.0,
        "Selling General And Administration": 21894000.0,
        "Selling And Marketing Expense": 9370000.0,
        "General And Administrative Expense": 12524000.0,
        "Other Gand A": 12524000.0,
        "Gross Profit": 21678000.0,
        "Cost Of Revenue": 18802000.0,
        "Total Revenue": 40480000.0,
        "Operating Revenue": 40480000.0
    },
    "2024-09-30": {
        "Tax Effect Of Unusual Items": -1294650.0,
        "Tax Rate For Calcs": 0.21,
        "Normalized EBITDA": 4868000.0,
        "Total Unusual Items": -6165000.0,
        "Total Unusual Items Excluding Goodwill": -6165000.0,
        "Net Income From Continuing Operation Net Minority Interest": -4205000.0,
        "Reconciled Depreciation": 1312000.0,
        "Reconciled Cost Of Revenue": 19188000.0,
        "EBITDA": -1297000.0,
        "EBIT": -2609000.0,
        "Net Interest Income": 0.0,
        "Interest Expense": 0.0,
        "Normalized Income": 665350.0,
        "Net Income From Continuing And Discontinued Operation": -4205000.0,
        "Total Expenses": 52338000.0,
        "Total Operating Income As Reported": -13319000.0,
        "Diluted Average Shares": 254910000.0,
        "Basic Average Shares": 254910000.0,
        "Diluted EPS": -0.03,
        "Basic EPS": -0.03,
        "Diluted NI Availto Com Stockholders": -8253000.0,
        "Net Income Common Stockholders": -8253000.0,
        "Otherunder Preferred Stock Dividend": 4048000.0,
        "Preferred Stock Dividends": NaN,
        "Net Income": -4205000.0,
        "Minority Interests": -1578000.0,
        "Net Income Including Noncontrolling Interests": -2627000.0,
        "Net Income Discontinuous Operations": NaN,
        "Net Income Continuous Operations": -2627000.0,
        "Tax Provision": 18000.0,
        "Pretax Income": -2609000.0,
        "Other Income Expense": 4545000.0,
        "Other Non Operating Income Expenses": 10710000.0,
        "Special Income Charges": -6165000.0,
        "Impairment Of Capital Assets": NaN,
        "Restructuring And Mergern Acquisition": 6165000.0,
        "Net Non Operating Interest Income Expense": 0.0,
        "Interest Expense Non Operating": 0.0,
        "Operating Income": -7154000.0,
        "Operating Expense": 33150000.0,
        "Depreciation Amortization Depletion Income Statement": NaN,
        "Depreciation And Amortization In Income Statement": NaN,
        "Amortization": NaN,
        "Amortization Of Intangibles Income Statement": NaN,
        "Research And Development": 10127000.0,
        "Selling General And Administration": 23023000.0,
        "Selling And Marketing Expense": 9883000.0,
        "General And Administrative Expense": 13140000.0,
        "Other Gand A": 13140000.0,
        "Gross Profit": 25996000.0,
        "Cost Of Revenue": 19188000.0,
        "Total Revenue": 45184000.0,
        "Operating Revenue": 45184000.0
    },
    "2024-12-31": {
        "Tax Effect Of Unusual Items": -24360.0,
        "Tax Rate For Calcs": 0.21,
        "Normalized EBITDA": 116000.0,
        "Total Unusual Items": -116000.0,
        "Total Unusual Items Excluding Goodwill": -116000.0,
        "Net Income From Continuing Operation Net Minority Interest": -2336000.0,
        "Reconciled Depreciation": 682000.0,
        "Reconciled Cost Of Revenue": 16679000.0,
        "EBITDA": 0.0,
        "EBIT": -682000.0,
        "Net Interest Income": 0.0,
        "Interest Expense": 0.0,
        "Normalized Income": -2244360.0,
        "Net Income From Continuing And Discontinued Operation": -2336000.0,
        "Total Expenses": 43079000.0,
        "Total Operating Income As Reported": -1787000.0,
        "Diluted Average Shares": 256735000.0,
        "Basic Average Shares": 256735000.0,
        "Diluted EPS": -0.03,
        "Basic EPS": -0.03,
        "Diluted NI Availto Com Stockholders": -6506000.0,
        "Net Income Common Stockholders": -6506000.0,
        "Otherunder Preferred Stock Dividend": NaN,
        "Preferred Stock Dividends": NaN,
        "Net Income": -2336000.0,
        "Minority Interests": -1628000.0,
        "Net Income Including Noncontrolling Interests": -708000.0,
        "Net Income Discontinuous Operations": NaN,
        "Net Income Continuous Operations": -708000.0,
        "Tax Provision": 26000.0,
        "Pretax Income": -682000.0,
        "Other Income Expense": 989000.0,
        "Other Non Operating Income Expenses": 1105000.0,
        "Special Income Charges": -116000.0,
        "Impairment Of Capital Assets": NaN,
        "Restructuring And Mergern Acquisition": 116000.0,
        "Net Non Operating Interest Income Expense": 0.0,
        "Interest Expense Non Operating": 0.0,
        "Operating Income": -1671000.0,
        "Operating Expense": 26400000.0,
        "Depreciation Amortization Depletion Income Statement": NaN,
        "Depreciation And Amortization In Income Statement": NaN,
        "Amortization": NaN,
        "Amortization Of Intangibles Income Statement": NaN,
        "Research And Development": 8861000.0,
        "Selling General And Administration": 17539000.0,
        "Selling And Marketing Expense": 6581000.0,
        "General And Administrative Expense": 10958000.0,
        "Other Gand A": 10958000.0,
        "Gross Profit": 24729000.0,
        "Cost Of Revenue": 16679000.0,
        "Total Revenue": 41408000.0,
        "Operating Revenue": 41408000.0
    },
    "2025-03-31": {
        "Tax Effect Of Unusual Items": -150990.0,
        "Tax Rate For Calcs": 0.21,
        "Normalized EBITDA": -5376000.0,
        "Total Unusual Items": -719000.0,
        "Total Unusual Items Excluding Goodwill": -719000.0,
        "Net Income From Continuing Operation Net Minority Interest": -7681000.0,
        "Reconciled Depreciation": 484000.0,
        "Reconciled Cost Of Revenue": 7812000.0,
        "EBITDA": -6095000.0,
        "EBIT": -6579000.0,
        "Net Interest Income": 0.0,
        "Interest Expense": 0.0,
        "Normalized Income": -7112990.0,
        "Net Income From Continuing And Discontinued Operation": -10484000.0,
        "Total Expenses": 33744000.0,
        "Total Operating Income As Reported": -7693000.0,
        "Diluted Average Shares": 258832000.0,
        "Basic Average Shares": 258832000.0,
        "Diluted EPS": -0.05,
        "Basic EPS": -0.05,
        "Diluted NI Availto Com Stockholders": -14686000.0,
        "Net Income Common Stockholders": -14686000.0,
        "Otherunder Preferred Stock Dividend": NaN,
        "Preferred Stock Dividends": 4202000.0,
        "Net Income": -10484000.0,
        "Minority Interests": -1072000.0,
        "Net Income Including Noncontrolling Interests": -9412000.0,
        "Net Income Discontinuous Operations": -2803000.0,
        "Net Income Continuous Operations": -6609000.0,
        "Tax Provision": 30000.0,
        "Pretax Income": -6579000.0,
        "Other Income Expense": 395000.0,
        "Other Non Operating Income Expenses": 1114000.0,
        "Special Income Charges": -719000.0,
        "Impairment Of Capital Assets": NaN,
        "Restructuring And Mergern Acquisition": 719000.0,
        "Net Non Operating Interest Income Expense": 0.0,
        "Interest Expense Non Operating": 0.0,
        "Operating Income": -6974000.0,
        "Operating Expense": 25932000.0,
        "Depreciation Amortization Depletion Income Statement": NaN,
        "Depreciation And Amortization In Income Statement": NaN,
        "Amortization": NaN,
        "Amortization Of Intangibles Income Statement": NaN,
        "Research And Development": 7520000.0,
        "Selling General And Administration": 18412000.0,
        "Selling And Marketing Expense": 7188000.0,
        "General And Administrative Expense": 11224000.0,
        "Other Gand A": 11224000.0,
        "Gross Profit": 18958000.0,
        "Cost Of Revenue": 7812000.0,
        "Total Revenue": 26770000.0,
        "Operating Revenue": 26770000.0
    }
}