{
    "2023-03-31": {
        "Tax Effect Of Unusual Items": NaN,
        "Tax Rate For Calcs": NaN,
        "Normalized EBITDA": NaN,
        "Net Income From Continuing Operation Net Minority Interest": NaN,
        "EBITDA": NaN,
        "EBIT": NaN,
        "Normalized Income": NaN,
        "Net Income From Continuing And Discontinued Operation": NaN,
        "Total Expenses": NaN,
        "Total Operating Income As Reported": NaN,
        "Diluted Average Shares": 20950240.0,
        "Basic Average Shares": 20950240.0,
        "Diluted EPS": -0.33,
        "Basic EPS": -0.33,
        "Diluted NI Availto Com Stockholders": NaN,
        "Net Income Common Stockholders": NaN,
        "Net Income": NaN,
        "Net Income Including Noncontrolling Interests": NaN,
        "Net Income Continuous Operations": NaN,
        "Tax Provision": NaN,
        "Pretax Income": NaN,
        "Other Income Expense": NaN,
        "Other Non Operating Income Expenses": NaN,
        "Operating Income": NaN,
        "Operating Expense": NaN,
        "Research And Development": NaN,
        "Selling General And Administration": NaN,
        "General And Administrative Expense": NaN,
        "Other Gand A": NaN,
        "Total Revenue": NaN,
        "Operating Revenue": NaN
    },
    "2022-06-30": {
        "Tax Effect Of Unusual Items": 0.0,
        "Tax Rate For Calcs": 0.0,
        "Normalized EBITDA": -2506000.0,
        "Net Income From Continuing Operation Net Minority Interest": -2391000.0,
        "EBITDA": -2506000.0,
        "EBIT": -2506000.0,
        "Normalized Income": -2391000.0,
        "Net Income From Continuing And Discontinued Operation": -2391000.0,
        "Total Expenses": 2506000.0,
        "Total Operating Income As Reported": -2506000.0,
        "Diluted Average Shares": 19659441.0,
        "Basic Average Shares": 19659441.0,
        "Diluted EPS": -0.121621,
        "Basic EPS": -0.12,
        "Diluted NI Availto Com Stockholders": -2391000.0,
        "Net Income Common Stockholders": -2391000.0,
        "Net Income": -2391000.0,
        "Net Income Including Noncontrolling Interests": -2391000.0,
        "Net Income Continuous Operations": -2391000.0,
        "Tax Provision": 0.0,
        "Pretax Income": -2391000.0,
        "Other Income Expense": 115000.0,
        "Other Non Operating Income Expenses": 115000.0,
        "Operating Income": -2506000.0,
        "Operating Expense": 2506000.0,
        "Research And Development": 1579000.0,
        "Selling General And Administration": 927000.0,
        "General And Administrative Expense": 927000.0,
        "Other Gand A": 927000.0,
        "Total Revenue": 0.0,
        "Operating Revenue": 0.0
    },
    "2022-12-31": {
        "Tax Effect Of Unusual Items": 0.0,
        "Tax Rate For Calcs": 0.0,
        "Normalized EBITDA": -6532000.0,
        "Net Income From Continuing Operation Net Minority Interest": -6784000.0,
        "EBITDA": -6532000.0,
        "EBIT": -6532000.0,
        "Normalized Income": -6784000.0,
        "Net Income From Continuing And Discontinued Operation": -6784000.0,
        "Total Expenses": 6721000.0,
        "Total Operating Income As Reported": -6721000.0,
        "Diluted Average Shares": NaN,
        "Basic Average Shares": NaN,
        "Diluted EPS": NaN,
        "Basic EPS": NaN,
        "Diluted NI Availto Com Stockholders": -6784000.0,
        "Net Income Common Stockholders": -6784000.0,
        "Net Income": -6784000.0,
        "Net Income Including Noncontrolling Interests": -6784000.0,
        "Net Income Continuous Operations": -6784000.0,
        "Tax Provision": 0.0,
        "Pretax Income": -6784000.0,
        "Other Income Expense": -70000.0,
        "Other Non Operating Income Expenses": -70000.0,
        "Operating Income": -6721000.0,
        "Operating Expense": 6721000.0,
        "Research And Development": 5226000.0,
        "Selling General And Administration": 1495000.0,
        "General And Administrative Expense": 1495000.0,
        "Other Gand A": 1495000.0,
        "Total Revenue": 0.0,
        "Operating Revenue": 0.0
    },
    "2021-12-31": {
        "Diluted EPS": 0.0,
        "Total Revenue": NaN,
        "Gross Profit": NaN,
        "Operating Income": NaN,
        "EBIT": NaN,
        "Net Income": NaN
    },
    "2020-12-31": {
        "Diluted EPS": 0.0,
        "Total Revenue": NaN,
        "Gross Profit": NaN,
        "Operating Income": NaN,
        "EBIT": NaN,
        "Net Income": NaN
    },
    "2023-06-30": {
        "Tax Effect Of Unusual Items": NaN,
        "Tax Rate For Calcs": NaN,
        "Normalized EBITDA": NaN,
        "Net Income From Continuing Operation Net Minority Interest": NaN,
        "EBITDA": NaN,
        "EBIT": NaN,
        "Normalized Income": NaN,
        "Net Income From Continuing And Discontinued Operation": NaN,
        "Total Expenses": NaN,
        "Total Operating Income As Reported": NaN,
        "Diluted Average Shares": 25785147.0,
        "Basic Average Shares": 25785147.0,
        "Diluted EPS": -0.26,
        "Basic EPS": -0.26,
        "Diluted NI Availto Com Stockholders": NaN,
        "Net Income Common Stockholders": NaN,
        "Net Income": NaN,
        "Net Income Including Noncontrolling Interests": NaN,
        "Net Income Continuous Operations": NaN,
        "Tax Provision": NaN,
        "Pretax Income": NaN,
        "Other Income Expense": NaN,
        "Other Non Operating Income Expenses": NaN,
        "Operating Income": NaN,
        "Operating Expense": NaN,
        "Research And Development": NaN,
        "Selling General And Administration": NaN,
        "General And Administrative Expense": NaN,
        "Other Gand A": NaN,
        "Total Revenue": NaN,
        "Operating Revenue": NaN
    },
    "2023-09-30": {
        "Tax Effect Of Unusual Items": NaN,
        "Tax Rate For Calcs": NaN,
        "Normalized EBITDA": NaN,
        "Net Income From Continuing Operation Net Minority Interest": NaN,
        "EBITDA": NaN,
        "EBIT": NaN,
        "Normalized Income": NaN,
        "Net Income From Continuing And Discontinued Operation": NaN,
        "Total Expenses": NaN,
        "Total Operating Income As Reported": NaN,
        "Diluted Average Shares": 27315550.0,
        "Basic Average Shares": 27315550.0,
        "Diluted EPS": -0.4,
        "Basic EPS": -0.4,
        "Diluted NI Availto Com Stockholders": NaN,
        "Net Income Common Stockholders": NaN,
        "Net Income": NaN,
        "Net Income Including Noncontrolling Interests": NaN,
        "Net Income Continuous Operations": NaN,
        "Tax Provision": NaN,
        "Pretax Income": NaN,
        "Other Income Expense": NaN,
        "Other Non Operating Income Expenses": NaN,
        "Operating Income": NaN,
        "Operating Expense": NaN,
        "Research And Development": NaN,
        "Selling General And Administration": NaN,
        "General And Administrative Expense": NaN,
        "Other Gand A": NaN,
        "Total Revenue": NaN,
        "Operating Revenue": NaN
    },
    "2022-09-30": {
        "Tax Effect Of Unusual Items": NaN,
        "Tax Rate For Calcs": NaN,
        "Normalized EBITDA": NaN,
        "Net Income From Continuing Operation Net Minority Interest": NaN,
        "EBITDA": NaN,
        "EBIT": NaN,
        "Normalized Income": NaN,
        "Net Income From Continuing And Discontinued Operation": NaN,
        "Total Expenses": NaN,
        "Total Operating Income As Reported": NaN,
        "Diluted Average Shares": 24869038.0,
        "Basic Average Shares": 24869038.0,
        "Diluted EPS": -0.1,
        "Basic EPS": -0.1,
        "Diluted NI Availto Com Stockholders": NaN,
        "Net Income Common Stockholders": NaN,
        "Net Income": NaN,
        "Net Income Including Noncontrolling Interests": NaN,
        "Net Income Continuous Operations": NaN,
        "Tax Provision": NaN,
        "Pretax Income": NaN,
        "Other Income Expense": NaN,
        "Other Non Operating Income Expenses": NaN,
        "Operating Income": NaN,
        "Operating Expense": NaN,
        "Research And Development": NaN,
        "Selling General And Administration": NaN,
        "General And Administrative Expense": NaN,
        "Other Gand A": NaN,
        "Total Revenue": NaN,
        "Operating Revenue": NaN
    },
    "2023-12-31": {
        "Tax Effect Of Unusual Items": 0.0,
        "Tax Rate For Calcs": 0.000143,
        "Normalized EBITDA": -6885000.0,
        "Net Income From Continuing Operation Net Minority Interest": -6990000.0,
        "EBITDA": -6885000.0,
        "EBIT": -6885000.0,
        "Normalized Income": -6990000.0,
        "Net Income From Continuing And Discontinued Operation": -6990000.0,
        "Total Expenses": 6955000.0,
        "Total Operating Income As Reported": -6955000.0,
        "Diluted Average Shares": NaN,
        "Basic Average Shares": NaN,
        "Diluted EPS": NaN,
        "Basic EPS": NaN,
        "Diluted NI Availto Com Stockholders": -6990000.0,
        "Net Income Common Stockholders": -6990000.0,
        "Net Income": -6990000.0,
        "Net Income Including Noncontrolling Interests": -6990000.0,
        "Net Income Continuous Operations": -6990000.0,
        "Tax Provision": -1000.0,
        "Pretax Income": -6991000.0,
        "Other Income Expense": -85000.0,
        "Other Non Operating Income Expenses": -85000.0,
        "Operating Income": -6955000.0,
        "Operating Expense": 6955000.0,
        "Research And Development": 4862000.0,
        "Selling General And Administration": 2093000.0,
        "General And Administrative Expense": 2093000.0,
        "Other Gand A": 2093000.0,
        "Total Revenue": 0.0,
        "Operating Revenue": 0.0
    },
    "2024-03-31": {
        "Tax Effect Of Unusual Items": 0.0,
        "Tax Rate For Calcs": 0.21,
        "Normalized EBITDA": -8328000.0,
        "Net Income From Continuing Operation Net Minority Interest": -7871000.0,
        "EBITDA": -8328000.0,
        "EBIT": -8328000.0,
        "Normalized Income": -7871000.0,
        "Net Income From Continuing And Discontinued Operation": -7871000.0,
        "Total Expenses": 8328000.0,
        "Total Operating Income As Reported": -8328000.0,
        "Diluted Average Shares": 29677173.0,
        "Basic Average Shares": 29677173.0,
        "Diluted EPS": -0.27,
        "Basic EPS": -0.27,
        "Diluted NI Availto Com Stockholders": -7871000.0,
        "Net Income Common Stockholders": -7871000.0,
        "Net Income": -7871000.0,
        "Net Income Including Noncontrolling Interests": -7871000.0,
        "Net Income Continuous Operations": -7871000.0,
        "Tax Provision": 6000.0,
        "Pretax Income": -7865000.0,
        "Other Income Expense": 463000.0,
        "Other Non Operating Income Expenses": 463000.0,
        "Operating Income": -8328000.0,
        "Operating Expense": 8328000.0,
        "Research And Development": 6765000.0,
        "Selling General And Administration": 1563000.0,
        "General And Administrative Expense": 1563000.0,
        "Other Gand A": 1563000.0,
        "Total Revenue": 0.0,
        "Operating Revenue": 0.0
    },
    "2024-06-30": {
        "Tax Effect Of Unusual Items": 0.0,
        "Tax Rate For Calcs": 0.0,
        "Normalized EBITDA": -10471000.0,
        "Net Income From Continuing Operation Net Minority Interest": -9494000.0,
        "EBITDA": -10471000.0,
        "EBIT": -10471000.0,
        "Normalized Income": -9494000.0,
        "Net Income From Continuing And Discontinued Operation": -9494000.0,
        "Total Expenses": 10471000.0,
        "Total Operating Income As Reported": -10471000.0,
        "Diluted Average Shares": 30324132.0,
        "Basic Average Shares": 30324132.0,
        "Diluted EPS": -0.31,
        "Basic EPS": -0.31,
        "Diluted NI Availto Com Stockholders": -9494000.0,
        "Net Income Common Stockholders": -9494000.0,
        "Net Income": -9494000.0,
        "Net Income Including Noncontrolling Interests": -9494000.0,
        "Net Income Continuous Operations": -9494000.0,
        "Tax Provision": 0.0,
        "Pretax Income": -9494000.0,
        "Other Income Expense": 977000.0,
        "Other Non Operating Income Expenses": 977000.0,
        "Operating Income": -10471000.0,
        "Operating Expense": 10471000.0,
        "Research And Development": 9078000.0,
        "Selling General And Administration": 1393000.0,
        "General And Administrative Expense": 1393000.0,
        "Other Gand A": 1393000.0,
        "Total Revenue": 0.0,
        "Operating Revenue": 0.0
    },
    "2024-09-30": {
        "Tax Effect Of Unusual Items": 0.0,
        "Tax Rate For Calcs": 0.0,
        "Normalized EBITDA": -9740000.0,
        "Net Income From Continuing Operation Net Minority Interest": -8679000.0,
        "EBITDA": -9740000.0,
        "EBIT": -9740000.0,
        "Normalized Income": -8679000.0,
        "Net Income From Continuing And Discontinued Operation": -8679000.0,
        "Total Expenses": 9740000.0,
        "Total Operating Income As Reported": -9740000.0,
        "Diluted Average Shares": 30687305.0,
        "Basic Average Shares": 30687305.0,
        "Diluted EPS": -0.28,
        "Basic EPS": -0.28,
        "Diluted NI Availto Com Stockholders": -8679000.0,
        "Net Income Common Stockholders": -8679000.0,
        "Net Income": -8679000.0,
        "Net Income Including Noncontrolling Interests": -8679000.0,
        "Net Income Continuous Operations": -8679000.0,
        "Tax Provision": 0.0,
        "Pretax Income": -8679000.0,
        "Other Income Expense": 1061000.0,
        "Other Non Operating Income Expenses": 1061000.0,
        "Operating Income": -9740000.0,
        "Operating Expense": 9740000.0,
        "Research And Development": 6842000.0,
        "Selling General And Administration": 2898000.0,
        "General And Administrative Expense": 2898000.0,
        "Other Gand A": 2898000.0,
        "Total Revenue": 0.0,
        "Operating Revenue": 0.0
    },
    "2024-12-31": {
        "Tax Effect Of Unusual Items": 0.0,
        "Tax Rate For Calcs": 0.0,
        "Normalized EBITDA": -7579000.0,
        "Net Income From Continuing Operation Net Minority Interest": -10100000.0,
        "EBITDA": -7579000.0,
        "EBIT": -7579000.0,
        "Normalized Income": -10100000.0,
        "Net Income From Continuing And Discontinued Operation": -10100000.0,
        "Total Expenses": 11457000.0,
        "Total Operating Income As Reported": -11457000.0,
        "Diluted Average Shares": 31453211.0,
        "Basic Average Shares": 31453211.0,
        "Diluted EPS": -0.32,
        "Basic EPS": -0.32,
        "Diluted NI Availto Com Stockholders": -10100000.0,
        "Net Income Common Stockholders": -10100000.0,
        "Net Income": -10100000.0,
        "Net Income Including Noncontrolling Interests": -10100000.0,
        "Net Income Continuous Operations": -10100000.0,
        "Tax Provision": 0.0,
        "Pretax Income": -10100000.0,
        "Other Income Expense": -2360000.0,
        "Other Non Operating Income Expenses": -2360000.0,
        "Operating Income": -11457000.0,
        "Operating Expense": 11457000.0,
        "Research And Development": 7254000.0,
        "Selling General And Administration": 4203000.0,
        "General And Administrative Expense": 4203000.0,
        "Other Gand A": 4203000.0,
        "Total Revenue": 0.0,
        "Operating Revenue": 0.0
    },
    "2025-03-31": {
        "Tax Effect Of Unusual Items": 0.0,
        "Tax Rate For Calcs": 0.0,
        "Normalized EBITDA": -15517000.0,
        "Net Income From Continuing Operation Net Minority Interest": -14277000.0,
        "EBITDA": -15517000.0,
        "EBIT": -15517000.0,
        "Normalized Income": -14277000.0,
        "Net Income From Continuing And Discontinued Operation": -14277000.0,
        "Total Expenses": 15517000.0,
        "Total Operating Income As Reported": -15517000.0,
        "Diluted Average Shares": 32084106.0,
        "Basic Average Shares": 32084106.0,
        "Diluted EPS": -0.45,
        "Basic EPS": -0.45,
        "Diluted NI Availto Com Stockholders": -14277000.0,
        "Net Income Common Stockholders": -14277000.0,
        "Net Income": -14277000.0,
        "Net Income Including Noncontrolling Interests": -14277000.0,
        "Net Income Continuous Operations": -14277000.0,
        "Tax Provision": 0.0,
        "Pretax Income": -14277000.0,
        "Other Income Expense": 1240000.0,
        "Other Non Operating Income Expenses": 1240000.0,
        "Operating Income": -15517000.0,
        "Operating Expense": 15517000.0,
        "Research And Development": 9396000.0,
        "Selling General And Administration": 6121000.0,
        "General And Administrative Expense": 6121000.0,
        "Other Gand A": 6121000.0,
        "Total Revenue": 0.0,
        "Operating Revenue": 0.0
    },
    "2025-06-30": {
        "Tax Effect Of Unusual Items": 0.0,
        "Tax Rate For Calcs": 0.0,
        "Normalized EBITDA": -17596000.0,
        "Net Income From Continuing Operation Net Minority Interest": -16320000.0,
        "EBITDA": -17596000.0,
        "EBIT": -17596000.0,
        "Normalized Income": -16320000.0,
        "Net Income From Continuing And Discontinued Operation": -16320000.0,
        "Total Expenses": 17596000.0,
        "Total Operating Income As Reported": -17596000.0,
        "Diluted Average Shares": 32585043.0,
        "Basic Average Shares": 32585043.0,
        "Diluted EPS": -0.5,
        "Basic EPS": -0.5,
        "Diluted NI Availto Com Stockholders": -16320000.0,
        "Net Income Common Stockholders": -16320000.0,
        "Net Income": -16320000.0,
        "Net Income Including Noncontrolling Interests": -16320000.0,
        "Net Income Continuous Operations": -16320000.0,
        "Tax Provision": 0.0,
        "Pretax Income": -16320000.0,
        "Other Income Expense": 1276000.0,
        "Other Non Operating Income Expenses": 1276000.0,
        "Operating Income": -17596000.0,
        "Operating Expense": 17596000.0,
        "Research And Development": 11049000.0,
        "Selling General And Administration": 6547000.0,
        "General And Administrative Expense": 6547000.0,
        "Other Gand A": 6547000.0,
        "Total Revenue": 0.0,
        "Operating Revenue": 0.0
    }
}