{
    "2023-06-30": {
        "Tax Effect Of Unusual Items": NaN,
        "Tax Rate For Calcs": NaN,
        "Net Income From Continuing Operation Net Minority Interest": NaN,
        "Reconciled Depreciation": NaN,
        "Net Interest Income": NaN,
        "Interest Expense": NaN,
        "Interest Income": NaN,
        "Normalized Income": NaN,
        "Net Income From Continuing And Discontinued Operation": NaN,
        "Diluted Average Shares": 36492000.0,
        "Basic Average Shares": 36492000.0,
        "Diluted EPS": 1.02,
        "Basic EPS": 1.02,
        "Diluted NI Availto Com Stockholders": NaN,
        "Net Income Common Stockholders": NaN,
        "Net Income": NaN,
        "Net Income Including Noncontrolling Interests": NaN,
        "Net Income Continuous Operations": NaN,
        "Pretax Income": NaN,
        "Gain On Sale Of Security": NaN,
        "Depreciation Amortization Depletion Income Statement": NaN,
        "Depreciation And Amortization In Income Statement": NaN,
        "Amortization": NaN,
        "Amortization Of Intangibles Income Statement": NaN,
        "Depreciation Income Statement": NaN,
        "Selling General And Administration": NaN,
        "General And Administrative Expense": NaN,
        "Salaries And Wages": NaN,
        "Total Revenue": NaN,
        "Operating Revenue": NaN,
        "Other Non Interest Expense": NaN
    },
    "2023-03-31": {
        "Tax Effect Of Unusual Items": 0.0,
        "Tax Rate For Calcs": 0.21,
        "Total Unusual Items": NaN,
        "Total Unusual Items Excluding Goodwill": NaN,
        "Net Income From Continuing Operation Net Minority Interest": 36954000.0,
        "Reconciled Depreciation": 735000.0,
        "Net Interest Income": 52620000.0,
        "Interest Expense": 90759000.0,
        "Interest Income": 143379000.0,
        "Normalized Income": 36954000.0,
        "Net Income From Continuing And Discontinued Operation": 36954000.0,
        "Diluted Average Shares": 36360000.0,
        "Basic Average Shares": 36360000.0,
        "Diluted EPS": 1.02,
        "Basic EPS": 1.02,
        "Diluted NI Availto Com Stockholders": 36954000.0,
        "Net Income Common Stockholders": 36954000.0,
        "Net Income": 36954000.0,
        "Net Income Including Noncontrolling Interests": 36954000.0,
        "Net Income Continuous Operations": 36954000.0,
        "Pretax Income": 36954000.0,
        "Gain On Sale Of Security": 1704000.0,
        "Depreciation Amortization Depletion Income Statement": 735000.0,
        "Depreciation And Amortization In Income Statement": 735000.0,
        "Amortization": 187000.0,
        "Amortization Of Intangibles Income Statement": 187000.0,
        "Depreciation Income Statement": 548000.0,
        "Selling General And Administration": 9736000.0,
        "General And Administrative Expense": 9736000.0,
        "Salaries And Wages": 9736000.0,
        "Total Revenue": 59175000.0,
        "Operating Revenue": 59175000.0,
        "Other Non Interest Expense": 5419000.0
    },
    "2022-12-31": {
        "Tax Effect Of Unusual Items": NaN,
        "Tax Rate For Calcs": NaN,
        "Total Unusual Items": 0.0,
        "Total Unusual Items Excluding Goodwill": 0.0,
        "Net Income From Continuing Operation Net Minority Interest": NaN,
        "Reconciled Depreciation": NaN,
        "Net Interest Income": NaN,
        "Interest Expense": NaN,
        "Interest Income": NaN,
        "Normalized Income": NaN,
        "Net Income From Continuing And Discontinued Operation": NaN,
        "Diluted Average Shares": NaN,
        "Basic Average Shares": NaN,
        "Diluted EPS": NaN,
        "Basic EPS": NaN,
        "Diluted NI Availto Com Stockholders": NaN,
        "Net Income Common Stockholders": NaN,
        "Net Income": NaN,
        "Net Income Including Noncontrolling Interests": NaN,
        "Net Income Continuous Operations": NaN,
        "Pretax Income": NaN,
        "Gain On Sale Of Security": NaN,
        "Depreciation Amortization Depletion Income Statement": NaN,
        "Depreciation And Amortization In Income Statement": NaN,
        "Amortization": NaN,
        "Amortization Of Intangibles Income Statement": NaN,
        "Depreciation Income Statement": NaN,
        "Selling General And Administration": NaN,
        "General And Administrative Expense": NaN,
        "Salaries And Wages": NaN,
        "Total Revenue": NaN,
        "Operating Revenue": NaN,
        "Other Non Interest Expense": NaN
    },
    "2022-09-30": {
        "Tax Effect Of Unusual Items": 0.0,
        "Tax Rate For Calcs": 0.4,
        "Total Unusual Items": NaN,
        "Total Unusual Items Excluding Goodwill": NaN,
        "Net Income From Continuing Operation Net Minority Interest": 26874000.0,
        "Reconciled Depreciation": 721000.0,
        "Net Interest Income": 40158000.0,
        "Interest Expense": 52508000.0,
        "Interest Income": 92666000.0,
        "Normalized Income": 26874000.0,
        "Net Income From Continuing And Discontinued Operation": 26874000.0,
        "Diluted Average Shares": 36329000.0,
        "Basic Average Shares": 36329000.0,
        "Diluted EPS": 0.74,
        "Basic EPS": 0.74,
        "Diluted NI Availto Com Stockholders": 26874000.0,
        "Net Income Common Stockholders": 26874000.0,
        "Net Income": 26874000.0,
        "Net Income Including Noncontrolling Interests": 26874000.0,
        "Net Income Continuous Operations": 26874000.0,
        "Pretax Income": 26874000.0,
        "Gain On Sale Of Security": -329000.0,
        "Depreciation Amortization Depletion Income Statement": 722000.0,
        "Depreciation And Amortization In Income Statement": 722000.0,
        "Amortization": 144000.0,
        "Amortization Of Intangibles Income Statement": 144000.0,
        "Depreciation Income Statement": 578000.0,
        "Selling General And Administration": 8726000.0,
        "General And Administrative Expense": 8726000.0,
        "Salaries And Wages": 8726000.0,
        "Total Revenue": 46317000.0,
        "Operating Revenue": 46317000.0
    },
    "2022-06-30": {
        "Tax Effect Of Unusual Items": 0.0,
        "Tax Rate For Calcs": 0.4,
        "Total Unusual Items": NaN,
        "Total Unusual Items Excluding Goodwill": NaN,
        "Net Income From Continuing Operation Net Minority Interest": 23022000.0,
        "Reconciled Depreciation": 641000.0,
        "Net Interest Income": 32699000.0,
        "Interest Expense": 31354000.0,
        "Interest Income": 64053000.0,
        "Normalized Income": 23022000.0,
        "Net Income From Continuing And Discontinued Operation": 23022000.0,
        "Diluted Average Shares": 36313000.0,
        "Basic Average Shares": 36313000.0,
        "Diluted EPS": 0.63,
        "Basic EPS": 0.63,
        "Diluted NI Availto Com Stockholders": 23022000.0,
        "Net Income Common Stockholders": 23022000.0,
        "Net Income": 23022000.0,
        "Net Income Including Noncontrolling Interests": 23022000.0,
        "Net Income Continuous Operations": 23022000.0,
        "Pretax Income": 23022000.0,
        "Gain On Sale Of Security": -74000.0,
        "Depreciation Amortization Depletion Income Statement": 641000.0,
        "Depreciation And Amortization In Income Statement": 641000.0,
        "Amortization": 126000.0,
        "Amortization Of Intangibles Income Statement": 126000.0,
        "Depreciation Income Statement": 515000.0,
        "Selling General And Administration": 8246000.0,
        "General And Administrative Expense": 8246000.0,
        "Salaries And Wages": 8246000.0,
        "Total Revenue": 36918000.0,
        "Operating Revenue": 36918000.0
    },
    "2022-03-31": {
        "Diluted EPS": 0.31,
        "Total Revenue": 50,
        "Gross Profit": 30,
        "Operating Income": 11,
        "EBIT": NaN,
        "Net Income": 11
    },
    "2021-12-31": {
        "Diluted EPS": 0.53,
        "Total Revenue": 45,
        "Gross Profit": 31,
        "Operating Income": 20,
        "EBIT": NaN,
        "Net Income": 20
    },
    "2021-09-30": {
        "Diluted EPS": 0.41,
        "Total Revenue": 39,
        "Gross Profit": 26,
        "Operating Income": 16,
        "EBIT": NaN,
        "Net Income": 16
    },
    "2021-06-30": {
        "Diluted EPS": 0.36,
        "Total Revenue": 39,
        "Gross Profit": 26,
        "Operating Income": 14,
        "EBIT": NaN,
        "Net Income": 14
    },
    "2021-03-31": {
        "Diluted EPS": 0.32,
        "Total Revenue": 36,
        "Gross Profit": 22,
        "Operating Income": 13,
        "EBIT": NaN,
        "Net Income": 13
    },
    "2020-12-31": {
        "Diluted EPS": 0.39,
        "Total Revenue": 38,
        "Gross Profit": 23,
        "Operating Income": 16,
        "EBIT": NaN,
        "Net Income": 16
    },
    "2020-09-30": {
        "Diluted EPS": 0.39,
        "Total Revenue": 42,
        "Gross Profit": 25,
        "Operating Income": 15,
        "EBIT": NaN,
        "Net Income": 15
    },
    "2020-06-30": {
        "Diluted EPS": 0.36,
        "Total Revenue": 45,
        "Gross Profit": 22,
        "Operating Income": 14,
        "EBIT": NaN,
        "Net Income": 14
    },
    "2020-03-31": {
        "Diluted EPS": 0.46,
        "Total Revenue": 62,
        "Gross Profit": 29,
        "Operating Income": 18,
        "EBIT": NaN,
        "Net Income": 18
    },
    "2019-12-31": {
        "Diluted EPS": 0.55,
        "Total Revenue": 70,
        "Gross Profit": 32,
        "Operating Income": 22,
        "EBIT": NaN,
        "Net Income": 22
    },
    "2019-09-30": {
        "Diluted EPS": 0.52,
        "Total Revenue": 69,
        "Gross Profit": 30,
        "Operating Income": 21,
        "EBIT": NaN,
        "Net Income": 20
    },
    "2019-06-30": {
        "Diluted EPS": 0.56,
        "Total Revenue": 76,
        "Gross Profit": 34,
        "Operating Income": 22,
        "EBIT": NaN,
        "Net Income": 22
    },
    "2019-03-31": {
        "Diluted EPS": 0.54,
        "Total Revenue": 77,
        "Gross Profit": 31,
        "Operating Income": 21,
        "EBIT": NaN,
        "Net Income": 21
    },
    "2018-12-31": {
        "Diluted EPS": 0.52,
        "Total Revenue": 18,
        "Gross Profit": -29,
        "Operating Income": -41,
        "EBIT": NaN,
        "Net Income": 21
    },
    "2018-09-30": {
        "Diluted EPS": -1.03,
        "Total Revenue": 63,
        "Gross Profit": 25,
        "Operating Income": 14,
        "EBIT": NaN,
        "Net Income": -41
    },
    "2018-06-30": {
        "Diluted EPS": 0.42,
        "Total Revenue": 67,
        "Gross Profit": 33,
        "Operating Income": 21,
        "EBIT": NaN,
        "Net Income": 17
    },
    "2018-03-31": {
        "Diluted EPS": 0.37,
        "Total Revenue": 62,
        "Gross Profit": 31,
        "Operating Income": 16,
        "EBIT": NaN,
        "Net Income": 14
    },
    "2017-12-31": {
        "Diluted EPS": 0.52,
        "Total Revenue": 62,
        "Gross Profit": 35,
        "Operating Income": 22,
        "EBIT": NaN,
        "Net Income": 21
    },
    "2017-09-30": {
        "Diluted EPS": 0.52,
        "Total Revenue": 58,
        "Gross Profit": 31,
        "Operating Income": 21,
        "EBIT": NaN,
        "Net Income": 20
    },
    "2017-06-30": {
        "Diluted EPS": 0.44,
        "Total Revenue": 61,
        "Gross Profit": 34,
        "Operating Income": 22,
        "EBIT": NaN,
        "Net Income": 17
    },
    "2017-03-31": {
        "Diluted EPS": 0.6,
        "Total Revenue": 63,
        "Gross Profit": 38,
        "Operating Income": 27,
        "EBIT": NaN,
        "Net Income": 23
    },
    "2016-12-31": {
        "Diluted EPS": 0.34,
        "Total Revenue": 67,
        "Gross Profit": 43,
        "Operating Income": 31,
        "EBIT": NaN,
        "Net Income": 13
    },
    "2016-09-30": {
        "Diluted EPS": 0.71,
        "Total Revenue": 66,
        "Gross Profit": 43,
        "Operating Income": 32,
        "EBIT": NaN,
        "Net Income": 28
    },
    "2016-06-30": {
        "Diluted EPS": 0.57,
        "Total Revenue": 67,
        "Gross Profit": 44,
        "Operating Income": 34,
        "EBIT": NaN,
        "Net Income": 22
    },
    "2016-03-31": {
        "Diluted EPS": 0.6,
        "Total Revenue": 59,
        "Gross Profit": 37,
        "Operating Income": 25,
        "EBIT": NaN,
        "Net Income": 23
    },
    "2015-12-31": {
        "Diluted EPS": 0.58,
        "Total Revenue": 64,
        "Gross Profit": 44,
        "Operating Income": 30,
        "EBIT": NaN,
        "Net Income": 23
    },
    "2015-09-30": {
        "Diluted EPS": 0.96,
        "Total Revenue": 71,
        "Gross Profit": 52,
        "Operating Income": 39,
        "EBIT": NaN,
        "Net Income": 37
    },
    "2015-06-30": {
        "Diluted EPS": 0.35,
        "Total Revenue": 54,
        "Gross Profit": 36,
        "Operating Income": 23,
        "EBIT": NaN,
        "Net Income": 14
    },
    "2015-03-31": {
        "Diluted EPS": 0.77,
        "Total Revenue": 60,
        "Gross Profit": 42,
        "Operating Income": 29,
        "EBIT": NaN,
        "Net Income": 30
    },
    "2014-12-31": {
        "Diluted EPS": 0.81,
        "Total Revenue": 72,
        "Gross Profit": 54,
        "Operating Income": 39,
        "EBIT": NaN,
        "Net Income": 33
    },
    "2014-09-30": {
        "Diluted EPS": 0.68,
        "Total Revenue": 58,
        "Gross Profit": 41,
        "Operating Income": 27,
        "EBIT": NaN,
        "Net Income": 27
    },
    "2014-06-30": {
        "Diluted EPS": 0.53,
        "Total Revenue": 55,
        "Gross Profit": 37,
        "Operating Income": 21,
        "EBIT": NaN,
        "Net Income": 20
    },
    "2014-03-31": {
        "Diluted EPS": 0.61,
        "Total Revenue": 54,
        "Gross Profit": 37,
        "Operating Income": 23,
        "EBIT": NaN,
        "Net Income": 24
    },
    "2013-12-31": {
        "Diluted EPS": 0.62,
        "Total Revenue": 53,
        "Gross Profit": 34,
        "Operating Income": 21,
        "EBIT": NaN,
        "Net Income": 24
    },
    "2013-09-30": {
        "Diluted EPS": 0.59,
        "Total Revenue": 56,
        "Gross Profit": 37,
        "Operating Income": 20,
        "EBIT": NaN,
        "Net Income": 23
    },
    "2013-06-30": {
        "Diluted EPS": 0.56,
        "Total Revenue": 56,
        "Gross Profit": 35,
        "Operating Income": 23,
        "EBIT": NaN,
        "Net Income": 22
    },
    "2013-03-31": {
        "Diluted EPS": 0.43,
        "Total Revenue": 50,
        "Gross Profit": 28,
        "Operating Income": 16,
        "EBIT": NaN,
        "Net Income": 16
    },
    "2012-12-31": {
        "Diluted EPS": 0.64,
        "Total Revenue": 58,
        "Gross Profit": 33,
        "Operating Income": 25,
        "EBIT": NaN,
        "Net Income": 25
    },
    "2012-09-30": {
        "Diluted EPS": 0.34,
        "Total Revenue": 50,
        "Gross Profit": 27,
        "Operating Income": 13,
        "EBIT": NaN,
        "Net Income": 13
    },
    "2012-06-30": {
        "Diluted EPS": 0.61,
        "Total Revenue": 61,
        "Gross Profit": 40,
        "Operating Income": 23,
        "EBIT": NaN,
        "Net Income": 23
    },
    "2012-03-31": {
        "Diluted EPS": 0.86,
        "Total Revenue": 61,
        "Gross Profit": 42,
        "Operating Income": 33,
        "EBIT": NaN,
        "Net Income": 32
    },
    "2011-12-31": {
        "Diluted EPS": 0.66,
        "Total Revenue": 63,
        "Gross Profit": 46,
        "Operating Income": 25,
        "EBIT": NaN,
        "Net Income": 25
    },
    "2011-09-30": {
        "Diluted EPS": 0.44,
        "Total Revenue": 41,
        "Gross Profit": 27,
        "Operating Income": 16,
        "EBIT": NaN,
        "Net Income": 16
    },
    "2011-06-30": {
        "Diluted EPS": 0.69,
        "Total Revenue": 49,
        "Gross Profit": 37,
        "Operating Income": 26,
        "EBIT": NaN,
        "Net Income": 26
    },
    "2011-03-31": {
        "Diluted EPS": 0.44,
        "Total Revenue": 44,
        "Gross Profit": 32,
        "Operating Income": 17,
        "EBIT": NaN,
        "Net Income": 16
    },
    "2010-12-31": {
        "Diluted EPS": 0.42,
        "Total Revenue": 52,
        "Gross Profit": 40,
        "Operating Income": 15,
        "EBIT": NaN,
        "Net Income": 16
    },
    "2010-09-30": {
        "Diluted EPS": 0.41,
        "Total Revenue": 25,
        "Gross Profit": 13,
        "Operating Income": 15,
        "EBIT": NaN,
        "Net Income": 15
    },
    "2010-06-30": {
        "Diluted EPS": 0.05,
        "Total Revenue": 28,
        "Gross Profit": 18,
        "Operating Income": -1,
        "EBIT": NaN,
        "Net Income": 2
    },
    "2010-03-31": {
        "Diluted EPS": 0.28,
        "Total Revenue": 31,
        "Gross Profit": 20,
        "Operating Income": 10,
        "EBIT": NaN,
        "Net Income": 10
    },
    "2009-12-31": {
        "Diluted EPS": 0.32,
        "Total Revenue": 19,
        "Gross Profit": 6,
        "Operating Income": 12,
        "EBIT": NaN,
        "Net Income": 12
    },
    "2009-09-30": {
        "Diluted EPS": 0.43,
        "Total Revenue": 41,
        "Gross Profit": 24,
        "Operating Income": 16,
        "EBIT": NaN,
        "Net Income": 16
    },
    "2009-06-30": {
        "Diluted EPS": 0.29,
        "Total Revenue": 50,
        "Gross Profit": 28,
        "Operating Income": 11,
        "EBIT": NaN,
        "Net Income": 10
    },
    "2009-03-31": {
        "Diluted EPS": 0.46,
        "Total Revenue": 80,
        "Gross Profit": 54,
        "Operating Income": 17,
        "EBIT": NaN,
        "Net Income": 17
    },
    "2023-09-30": {
        "Tax Effect Of Unusual Items": NaN,
        "Tax Rate For Calcs": NaN,
        "Net Income From Continuing Operation Net Minority Interest": NaN,
        "Reconciled Depreciation": NaN,
        "Net Interest Income": NaN,
        "Interest Expense": NaN,
        "Interest Income": NaN,
        "Normalized Income": NaN,
        "Net Income From Continuing And Discontinued Operation": NaN,
        "Diluted Average Shares": 36531000.0,
        "Basic Average Shares": 36531000.0,
        "Diluted EPS": 1.25,
        "Basic EPS": 1.25,
        "Diluted NI Availto Com Stockholders": NaN,
        "Net Income Common Stockholders": NaN,
        "Net Income": NaN,
        "Net Income Including Noncontrolling Interests": NaN,
        "Net Income Continuous Operations": NaN,
        "Pretax Income": NaN,
        "Gain On Sale Of Security": NaN,
        "Depreciation Amortization Depletion Income Statement": NaN,
        "Depreciation And Amortization In Income Statement": NaN,
        "Amortization": NaN,
        "Amortization Of Intangibles Income Statement": NaN,
        "Depreciation Income Statement": NaN,
        "Selling General And Administration": NaN,
        "General And Administrative Expense": NaN,
        "Salaries And Wages": NaN,
        "Total Revenue": NaN,
        "Operating Revenue": NaN,
        "Other Non Interest Expense": NaN
    },
    "2024-03-31": {
        "Tax Effect Of Unusual Items": 0.0,
        "Tax Rate For Calcs": 0.3,
        "Net Income From Continuing Operation Net Minority Interest": 51268000.0,
        "Reconciled Depreciation": 818000.0,
        "Net Interest Income": 62885000.0,
        "Interest Expense": 130687000.0,
        "Interest Income": 193572000.0,
        "Normalized Income": 51268000.0,
        "Net Income From Continuing And Discontinued Operation": 51268000.0,
        "Diluted Average Shares": 36609000.0,
        "Basic Average Shares": 36609000.0,
        "Diluted EPS": 1.4,
        "Basic EPS": 1.4,
        "Diluted NI Availto Com Stockholders": 51268000.0,
        "Net Income Common Stockholders": 51268000.0,
        "Net Income": 51268000.0,
        "Net Income Including Noncontrolling Interests": 51268000.0,
        "Net Income Continuous Operations": 51268000.0,
        "Pretax Income": 51268000.0,
        "Gain On Sale Of Security": 160000.0,
        "Depreciation Amortization Depletion Income Statement": 818000.0,
        "Depreciation And Amortization In Income Statement": 818000.0,
        "Amortization": 224000.0,
        "Amortization Of Intangibles Income Statement": 224000.0,
        "Depreciation Income Statement": 594000.0,
        "Selling General And Administration": 11670000.0,
        "General And Administrative Expense": 11670000.0,
        "Salaries And Wages": 11670000.0,
        "Total Revenue": 72588000.0,
        "Operating Revenue": 72588000.0,
        "Other Non Interest Expense": 5803000.0
    },
    "2023-12-31": {
        "Tax Effect Of Unusual Items": 0.0,
        "Tax Rate For Calcs": 0.3,
        "Net Income From Continuing Operation Net Minority Interest": 46385000.0,
        "Reconciled Depreciation": 822000.0,
        "Net Interest Income": 65565000.0,
        "Interest Expense": 128381000.0,
        "Interest Income": 193946000.0,
        "Normalized Income": 46385000.0,
        "Net Income From Continuing And Discontinued Operation": 46385000.0,
        "Diluted Average Shares": 36540000.0,
        "Basic Average Shares": 36540000.0,
        "Diluted EPS": 1.27,
        "Basic EPS": 1.27,
        "Diluted NI Availto Com Stockholders": 46385000.0,
        "Net Income Common Stockholders": 46385000.0,
        "Net Income": 46385000.0,
        "Net Income Including Noncontrolling Interests": 46385000.0,
        "Net Income Continuous Operations": 46385000.0,
        "Pretax Income": 46385000.0,
        "Gain On Sale Of Security": -25597000.0,
        "Depreciation Amortization Depletion Income Statement": 822000.0,
        "Depreciation And Amortization In Income Statement": 822000.0,
        "Amortization": 220000.0,
        "Amortization Of Intangibles Income Statement": 220000.0,
        "Depreciation Income Statement": 602000.0,
        "Selling General And Administration": 26980000.0,
        "General And Administrative Expense": 25968000.0,
        "Salaries And Wages": 14381000.0,
        "Total Revenue": 49003000.0,
        "Operating Revenue": 49003000.0,
        "Other Non Interest Expense": -13196000.0
    },
    "2024-06-30": {
        "Tax Effect Of Unusual Items": 0.0,
        "Tax Rate For Calcs": 0.3,
        "Net Income From Continuing Operation Net Minority Interest": 50122000.0,
        "Reconciled Depreciation": 841000.0,
        "Net Interest Income": 62759000.0,
        "Interest Expense": 132614000.0,
        "Interest Income": 195373000.0,
        "Normalized Income": 50122000.0,
        "Net Income From Continuing And Discontinued Operation": 50122000.0,
        "Diluted Average Shares": 36775000.0,
        "Basic Average Shares": 36775000.0,
        "Diluted EPS": 1.36,
        "Basic EPS": 1.36,
        "Diluted NI Availto Com Stockholders": 50122000.0,
        "Net Income Common Stockholders": 50122000.0,
        "Net Income": 50122000.0,
        "Net Income Including Noncontrolling Interests": 50122000.0,
        "Net Income Continuous Operations": 50122000.0,
        "Pretax Income": 50122000.0,
        "Gain On Sale Of Security": -351000.0,
        "Depreciation Amortization Depletion Income Statement": 841000.0,
        "Depreciation And Amortization In Income Statement": 841000.0,
        "Amortization": 250000.0,
        "Amortization Of Intangibles Income Statement": 250000.0,
        "Depreciation Income Statement": 591000.0,
        "Selling General And Administration": 11761000.0,
        "General And Administrative Expense": 11761000.0,
        "Salaries And Wages": 11761000.0,
        "Total Revenue": 75040000.0,
        "Operating Revenue": 75040000.0,
        "Other Non Interest Expense": 5632000.0
    },
    "2024-09-30": {
        "Tax Effect Of Unusual Items": 0.0,
        "Tax Rate For Calcs": 0.3,
        "Net Income From Continuing Operation Net Minority Interest": 52993000.0,
        "Reconciled Depreciation": 893000.0,
        "Net Interest Income": 66630000.0,
        "Interest Expense": 132052000.0,
        "Interest Income": 198682000.0,
        "Normalized Income": 52993000.0,
        "Net Income From Continuing And Discontinued Operation": 52993000.0,
        "Diluted Average Shares": 36787000.0,
        "Basic Average Shares": 36787000.0,
        "Diluted EPS": 1.44,
        "Basic EPS": 1.44,
        "Diluted NI Availto Com Stockholders": 52993000.0,
        "Net Income Common Stockholders": 52993000.0,
        "Net Income": 52993000.0,
        "Net Income Including Noncontrolling Interests": 52993000.0,
        "Net Income Continuous Operations": 52993000.0,
        "Pretax Income": 52993000.0,
        "Gain On Sale Of Security": 328000.0,
        "Depreciation Amortization Depletion Income Statement": 893000.0,
        "Depreciation And Amortization In Income Statement": 893000.0,
        "Amortization": 279000.0,
        "Amortization Of Intangibles Income Statement": 279000.0,
        "Depreciation Income Statement": 614000.0,
        "Selling General And Administration": 14177000.0,
        "General And Administrative Expense": 14177000.0,
        "Salaries And Wages": 14177000.0,
        "Total Revenue": 77583000.0,
        "Operating Revenue": 77583000.0,
        "Other Non Interest Expense": 5972000.0
    },
    "2024-12-31": {
        "Tax Effect Of Unusual Items": 0.0,
        "Tax Rate For Calcs": 0.3,
        "Net Income From Continuing Operation Net Minority Interest": 51490000.0,
        "Reconciled Depreciation": 1011000.0,
        "Net Interest Income": 66937000.0,
        "Interest Expense": 130468000.0,
        "Interest Income": 197405000.0,
        "Normalized Income": 51490000.0,
        "Net Income From Continuing And Discontinued Operation": 51490000.0,
        "Diluted Average Shares": 36790000.0,
        "Basic Average Shares": 36790000.0,
        "Diluted EPS": 1.4,
        "Basic EPS": 1.4,
        "Diluted NI Availto Com Stockholders": 51490000.0,
        "Net Income Common Stockholders": 51490000.0,
        "Net Income": 51490000.0,
        "Net Income Including Noncontrolling Interests": 51490000.0,
        "Net Income Continuous Operations": 51490000.0,
        "Pretax Income": 51490000.0,
        "Gain On Sale Of Security": -17919000.0,
        "Depreciation Amortization Depletion Income Statement": 1011000.0,
        "Depreciation And Amortization In Income Statement": 1011000.0,
        "Amortization": 311000.0,
        "Amortization Of Intangibles Income Statement": 311000.0,
        "Depreciation Income Statement": 700000.0,
        "Selling General And Administration": 30142000.0,
        "General And Administrative Expense": 29155000.0,
        "Salaries And Wages": 15678000.0,
        "Total Revenue": 59568000.0,
        "Operating Revenue": 59568000.0,
        "Other Non Interest Expense": -16551000.0
    },
    "2025-03-31": {
        "Tax Effect Of Unusual Items": 0.0,
        "Tax Rate For Calcs": 0.3,
        "Net Income From Continuing Operation Net Minority Interest": 51732000.0,
        "Reconciled Depreciation": 1019000.0,
        "Net Interest Income": 65256000.0,
        "Interest Expense": 124164000.0,
        "Interest Income": 189420000.0,
        "Normalized Income": 51732000.0,
        "Net Income From Continuing And Discontinued Operation": 51732000.0,
        "Diluted Average Shares": 36941000.0,
        "Basic Average Shares": 36941000.0,
        "Diluted EPS": 1.4,
        "Basic EPS": 1.4,
        "Diluted NI Availto Com Stockholders": 51732000.0,
        "Net Income Common Stockholders": 51732000.0,
        "Net Income": 51732000.0,
        "Net Income Including Noncontrolling Interests": 51732000.0,
        "Net Income Continuous Operations": 51732000.0,
        "Pretax Income": 51732000.0,
        "Gain On Sale Of Security": 1984000.0,
        "Depreciation Amortization Depletion Income Statement": 1019000.0,
        "Depreciation And Amortization In Income Statement": 1019000.0,
        "Amortization": 326000.0,
        "Amortization Of Intangibles Income Statement": 326000.0,
        "Depreciation Income Statement": 693000.0,
        "Selling General And Administration": 13938000.0,
        "General And Administrative Expense": 13938000.0,
        "Salaries And Wages": 13938000.0,
        "Total Revenue": 77949000.0,
        "Operating Revenue": 77949000.0,
        "Other Non Interest Expense": 6044000.0
    },
    "2025-06-30": {
        "Tax Effect Of Unusual Items": 0.0,
        "Tax Rate For Calcs": 0.3,
        "Net Income From Continuing Operation Net Minority Interest": 64184000.0,
        "Reconciled Depreciation": 1069000.0,
        "Net Interest Income": 67739000.0,
        "Interest Expense": 126692000.0,
        "Interest Income": 194431000.0,
        "Normalized Income": 64184000.0,
        "Net Income From Continuing And Discontinued Operation": 64184000.0,
        "Diluted Average Shares": 37203000.0,
        "Basic Average Shares": 37203000.0,
        "Diluted EPS": 1.73,
        "Basic EPS": 1.73,
        "Diluted NI Availto Com Stockholders": 64184000.0,
        "Net Income Common Stockholders": 64184000.0,
        "Net Income": 64184000.0,
        "Net Income Including Noncontrolling Interests": 64184000.0,
        "Net Income Continuous Operations": 64184000.0,
        "Pretax Income": 64184000.0,
        "Gain On Sale Of Security": 2161000.0,
        "Depreciation Amortization Depletion Income Statement": 1069000.0,
        "Depreciation And Amortization In Income Statement": 1069000.0,
        "Amortization": 348000.0,
        "Amortization Of Intangibles Income Statement": 348000.0,
        "Depreciation Income Statement": 721000.0,
        "Selling General And Administration": 12384000.0,
        "General And Administrative Expense": 12384000.0,
        "Salaries And Wages": 12384000.0,
        "Total Revenue": 90042000.0,
        "Operating Revenue": 90042000.0,
        "Other Non Interest Expense": 7386000.0
    },
    "2025-09-30": {
        "Tax Effect Of Unusual Items": 0.0,
        "Tax Rate For Calcs": 0.3,
        "Net Income From Continuing Operation Net Minority Interest": 54968000.0,
        "Reconciled Depreciation": 1052000.0,
        "Net Interest Income": 67427000.0,
        "Interest Expense": 126253000.0,
        "Interest Income": 193680000.0,
        "Normalized Income": 54968000.0,
        "Net Income From Continuing And Discontinued Operation": 54968000.0,
        "Diluted Average Shares": 37231000.0,
        "Basic Average Shares": 37231000.0,
        "Diluted EPS": 1.48,
        "Basic EPS": 1.48,
        "Diluted NI Availto Com Stockholders": 54968000.0,
        "Net Income Common Stockholders": 54968000.0,
        "Net Income": 54968000.0,
        "Net Income Including Noncontrolling Interests": 54968000.0,
        "Net Income Continuous Operations": 54968000.0,
        "Pretax Income": 54968000.0,
        "Gain On Sale Of Security": 882000.0,
        "Depreciation Amortization Depletion Income Statement": 1052000.0,
        "Depreciation And Amortization In Income Statement": 1052000.0,
        "Amortization": 355000.0,
        "Amortization Of Intangibles Income Statement": 355000.0,
        "Depreciation Income Statement": 697000.0,
        "Selling General And Administration": 13196000.0,
        "General And Administrative Expense": 13196000.0,
        "Salaries And Wages": 13196000.0,
        "Total Revenue": 82777000.0,
        "Operating Revenue": 82777000.0,
        "Other Non Interest Expense": 7079000.0
    }
}