{
    "2023-03-31": {
        "Tax Effect Of Unusual Items": NaN,
        "Tax Rate For Calcs": NaN,
        "Total Unusual Items": NaN,
        "Total Unusual Items Excluding Goodwill": NaN,
        "Net Income From Continuing Operation Net Minority Interest": NaN,
        "Reconciled Depreciation": NaN,
        "Net Interest Income": NaN,
        "Interest Expense": NaN,
        "Interest Income": NaN,
        "Normalized Income": NaN,
        "Net Income From Continuing And Discontinued Operation": NaN,
        "Rent Expense Supplemental": NaN,
        "Diluted Average Shares": NaN,
        "Basic Average Shares": NaN,
        "Diluted EPS": NaN,
        "Basic EPS": NaN,
        "Diluted NI Availto Com Stockholders": NaN,
        "Net Income Common Stockholders": NaN,
        "Net Income": NaN,
        "Minority Interests": NaN,
        "Net Income Including Noncontrolling Interests": NaN,
        "Net Income Continuous Operations": NaN,
        "Tax Provision": NaN,
        "Pretax Income": NaN,
        "Special Income Charges": NaN,
        "Other Special Charges": NaN,
        "Gain On Sale Of Security": NaN,
        "Depreciation Amortization Depletion Income Statement": NaN,
        "Depreciation And Amortization In Income Statement": NaN,
        "Depreciation Income Statement": NaN,
        "Selling General And Administration": NaN,
        "Selling And Marketing Expense": NaN,
        "General And Administrative Expense": NaN,
        "Other Gand A": NaN,
        "Insurance And Claims": NaN,
        "Rent And Landing Fees": NaN,
        "Salaries And Wages": NaN,
        "Total Revenue": NaN,
        "Operating Revenue": NaN,
        "Occupancy And Equipment": 1803579000.0,
        "Professional Expense And Contract Services Expense": NaN,
        "Other Non Interest Expense": NaN
    },
    "2022-12-31": {
        "Tax Effect Of Unusual Items": NaN,
        "Tax Rate For Calcs": NaN,
        "Total Unusual Items": NaN,
        "Total Unusual Items Excluding Goodwill": NaN,
        "Net Income From Continuing Operation Net Minority Interest": NaN,
        "Reconciled Depreciation": NaN,
        "Net Interest Income": NaN,
        "Interest Expense": NaN,
        "Interest Income": NaN,
        "Normalized Income": NaN,
        "Net Income From Continuing And Discontinued Operation": NaN,
        "Rent Expense Supplemental": NaN,
        "Diluted Average Shares": NaN,
        "Basic Average Shares": NaN,
        "Diluted EPS": NaN,
        "Basic EPS": NaN,
        "Diluted NI Availto Com Stockholders": NaN,
        "Net Income Common Stockholders": NaN,
        "Net Income": NaN,
        "Minority Interests": NaN,
        "Net Income Including Noncontrolling Interests": NaN,
        "Net Income Continuous Operations": NaN,
        "Tax Provision": NaN,
        "Pretax Income": NaN,
        "Special Income Charges": NaN,
        "Other Special Charges": NaN,
        "Gain On Sale Of Security": NaN,
        "Depreciation Amortization Depletion Income Statement": NaN,
        "Depreciation And Amortization In Income Statement": NaN,
        "Depreciation Income Statement": NaN,
        "Selling General And Administration": NaN,
        "Selling And Marketing Expense": NaN,
        "General And Administrative Expense": NaN,
        "Other Gand A": NaN,
        "Insurance And Claims": NaN,
        "Rent And Landing Fees": NaN,
        "Salaries And Wages": NaN,
        "Total Revenue": NaN,
        "Operating Revenue": NaN,
        "Occupancy And Equipment": 6054116.625776,
        "Professional Expense And Contract Services Expense": NaN,
        "Other Non Interest Expense": NaN
    },
    "2022-09-30": {
        "Tax Effect Of Unusual Items": NaN,
        "Tax Rate For Calcs": NaN,
        "Total Unusual Items": NaN,
        "Total Unusual Items Excluding Goodwill": NaN,
        "Net Income From Continuing Operation Net Minority Interest": NaN,
        "Reconciled Depreciation": NaN,
        "Net Interest Income": NaN,
        "Interest Expense": NaN,
        "Interest Income": NaN,
        "Normalized Income": NaN,
        "Net Income From Continuing And Discontinued Operation": NaN,
        "Rent Expense Supplemental": NaN,
        "Diluted Average Shares": 63941300.0,
        "Basic Average Shares": 63941300.0,
        "Diluted EPS": 330.343,
        "Basic EPS": 330.343,
        "Diluted NI Availto Com Stockholders": NaN,
        "Net Income Common Stockholders": NaN,
        "Net Income": NaN,
        "Minority Interests": NaN,
        "Net Income Including Noncontrolling Interests": NaN,
        "Net Income Continuous Operations": NaN,
        "Tax Provision": NaN,
        "Pretax Income": NaN,
        "Special Income Charges": NaN,
        "Other Special Charges": NaN,
        "Gain On Sale Of Security": NaN,
        "Depreciation Amortization Depletion Income Statement": NaN,
        "Depreciation And Amortization In Income Statement": NaN,
        "Depreciation Income Statement": NaN,
        "Selling General And Administration": NaN,
        "Selling And Marketing Expense": NaN,
        "General And Administrative Expense": NaN,
        "Other Gand A": NaN,
        "Insurance And Claims": NaN,
        "Rent And Landing Fees": NaN,
        "Salaries And Wages": NaN,
        "Total Revenue": NaN,
        "Operating Revenue": NaN
    },
    "2022-06-30": {
        "Tax Effect Of Unusual Items": -5824807.868513,
        "Tax Rate For Calcs": 0.333265,
        "Total Unusual Items": -17478000.0,
        "Total Unusual Items Excluding Goodwill": -17478000.0,
        "Net Income From Continuing Operation Net Minority Interest": 4147631000.0,
        "Reconciled Depreciation": 2642287000.0,
        "Net Interest Income": 53038656000.0,
        "Interest Expense": 43007583000.0,
        "Interest Income": 96046239000.0,
        "Normalized Income": 4159284192.131487,
        "Net Income From Continuing And Discontinued Operation": 4147631000.0,
        "Rent Expense Supplemental": 33000000.0,
        "Diluted Average Shares": 98449468.0,
        "Basic Average Shares": 98449468.0,
        "Diluted EPS": 51.340958,
        "Basic EPS": 51.340958,
        "Diluted NI Availto Com Stockholders": 4147631000.0,
        "Net Income Common Stockholders": 4147631000.0,
        "Net Income": 4147631000.0,
        "Minority Interests": 2993000.0,
        "Net Income Including Noncontrolling Interests": 4144638000.0,
        "Net Income Continuous Operations": 4144638000.0,
        "Tax Provision": 2071683000.0,
        "Pretax Income": 6216321000.0,
        "Special Income Charges": -13347000.0,
        "Other Special Charges": 13347000.0,
        "Gain On Sale Of Security": 7744010000.0,
        "Depreciation Amortization Depletion Income Statement": 2642287000.0,
        "Depreciation And Amortization In Income Statement": 2642287000.0,
        "Depreciation Income Statement": 2642287000.0,
        "Selling General And Administration": 19853813000.0,
        "Selling And Marketing Expense": 560000000.0,
        "General And Administrative Expense": 19853813000.0,
        "Other Gand A": 6825897000.0,
        "Insurance And Claims": 380764000.0,
        "Rent And Landing Fees": 33000000.0,
        "Salaries And Wages": 12647152000.0,
        "Total Revenue": 78968740000.0,
        "Operating Revenue": 78968740000.0
    },
    "2022-03-31": {
        "Diluted EPS": 0.89,
        "Total Revenue": 825,
        "Gross Profit": 572,
        "Operating Income": 71,
        "EBIT": NaN,
        "Net Income": 57
    },
    "2021-12-31": {
        "Diluted EPS": 1.41,
        "Total Revenue": NaN,
        "Gross Profit": 749,
        "Operating Income": 60,
        "EBIT": NaN,
        "Net Income": 91
    },
    "2021-09-30": {
        "Diluted EPS": 1.19,
        "Total Revenue": 652,
        "Gross Profit": 445,
        "Operating Income": 79,
        "EBIT": NaN,
        "Net Income": 76
    },
    "2021-06-30": {
        "Diluted EPS": 0.77,
        "Total Revenue": 619,
        "Gross Profit": 420,
        "Operating Income": 63,
        "EBIT": NaN,
        "Net Income": 49
    },
    "2021-03-31": {
        "Diluted EPS": 0.39,
        "Total Revenue": 661,
        "Gross Profit": 421,
        "Operating Income": 51,
        "EBIT": NaN,
        "Net Income": 25
    },
    "2020-09-30": {
        "Diluted EPS": 1.3,
        "Total Revenue": 506,
        "Gross Profit": 292,
        "Operating Income": 127,
        "EBIT": NaN,
        "Net Income": 83
    },
    "2020-06-30": {
        "Diluted EPS": 1.48,
        "Total Revenue": 505,
        "Gross Profit": 363,
        "Operating Income": 133,
        "EBIT": NaN,
        "Net Income": 95
    },
    "2019-09-30": {
        "Diluted EPS": 4.18,
        "Total Revenue": 864,
        "Gross Profit": 549,
        "Operating Income": 241,
        "EBIT": NaN,
        "Net Income": 267
    },
    "2019-06-30": {
        "Diluted EPS": 2.51,
        "Total Revenue": 825,
        "Gross Profit": 493,
        "Operating Income": 226,
        "EBIT": NaN,
        "Net Income": 160
    },
    "2018-06-30": {
        "Diluted EPS": 2.01,
        "Total Revenue": 686,
        "Gross Profit": 490,
        "Operating Income": 191,
        "EBIT": NaN,
        "Net Income": 135
    },
    "2018-03-31": {
        "Diluted EPS": 2.71,
        "Total Revenue": 702,
        "Gross Profit": 475,
        "Operating Income": 264,
        "EBIT": NaN,
        "Net Income": 181
    },
    "2017-12-31": {
        "Diluted EPS": 2.64,
        "Total Revenue": 996,
        "Gross Profit": 772,
        "Operating Income": 268,
        "EBIT": NaN,
        "Net Income": 175
    },
    "2017-09-30": {
        "Diluted EPS": 2.24,
        "Total Revenue": 659,
        "Gross Profit": 453,
        "Operating Income": 247,
        "EBIT": NaN,
        "Net Income": 151
    },
    "2017-06-30": {
        "Diluted EPS": 2.17,
        "Total Revenue": 636,
        "Gross Profit": 437,
        "Operating Income": 212,
        "EBIT": NaN,
        "Net Income": 129
    },
    "2017-03-31": {
        "Diluted EPS": 1.96,
        "Total Revenue": 611,
        "Gross Profit": 422,
        "Operating Income": 190,
        "EBIT": NaN,
        "Net Income": 113
    },
    "2016-12-31": {
        "Diluted EPS": 3.53,
        "Total Revenue": 787,
        "Gross Profit": 520,
        "Operating Income": 162,
        "EBIT": NaN,
        "Net Income": 108
    },
    "2016-09-30": {
        "Diluted EPS": 1.87,
        "Total Revenue": 591,
        "Gross Profit": 361,
        "Operating Income": 170,
        "EBIT": NaN,
        "Net Income": 109
    },
    "2016-06-30": {
        "Diluted EPS": 2.18,
        "Total Revenue": 627,
        "Gross Profit": 389,
        "Operating Income": 196,
        "EBIT": NaN,
        "Net Income": 127
    },
    "2016-03-31": {
        "Diluted EPS": 0.0,
        "Total Revenue": 534,
        "Gross Profit": 368,
        "Operating Income": 145,
        "EBIT": NaN,
        "Net Income": 98
    },
    "2015-12-31": {
        "Diluted EPS": 0.0,
        "Total Revenue": -205,
        "Gross Profit": -33,
        "Operating Income": 341,
        "EBIT": NaN,
        "Net Income": -1
    },
    "2015-09-30": {
        "Diluted EPS": 0.0,
        "Total Revenue": NaN,
        "Gross Profit": NaN,
        "Operating Income": 505,
        "EBIT": NaN,
        "Net Income": 329
    },
    "2015-06-30": {
        "Diluted EPS": 1.55,
        "Total Revenue": 636,
        "Gross Profit": 405,
        "Operating Income": 187,
        "EBIT": NaN,
        "Net Income": 92
    },
    "2015-03-31": {
        "Diluted EPS": 2.16,
        "Total Revenue": 624,
        "Gross Profit": 408,
        "Operating Income": 225,
        "EBIT": NaN,
        "Net Income": 125
    },
    "2014-12-31": {
        "Diluted EPS": 1.13,
        "Total Revenue": 540,
        "Gross Profit": 480,
        "Operating Income": -64,
        "EBIT": NaN,
        "Net Income": 66
    },
    "2014-09-30": {
        "Diluted EPS": 1.99,
        "Total Revenue": 609,
        "Gross Profit": 412,
        "Operating Income": 225,
        "EBIT": NaN,
        "Net Income": 119
    },
    "2014-06-30": {
        "Diluted EPS": 1.54,
        "Total Revenue": 568,
        "Gross Profit": 351,
        "Operating Income": 167,
        "EBIT": NaN,
        "Net Income": 89
    },
    "2014-03-31": {
        "Diluted EPS": 2.53,
        "Total Revenue": 659,
        "Gross Profit": 466,
        "Operating Income": 285,
        "EBIT": NaN,
        "Net Income": 158
    },
    "2013-12-31": {
        "Diluted EPS": 2.1,
        "Total Revenue": 548,
        "Gross Profit": 337,
        "Operating Income": 115,
        "EBIT": NaN,
        "Net Income": 123
    },
    "2013-09-30": {
        "Diluted EPS": 1.69,
        "Total Revenue": 585,
        "Gross Profit": 398,
        "Operating Income": 187,
        "EBIT": NaN,
        "Net Income": 96
    },
    "2013-06-30": {
        "Diluted EPS": 1.47,
        "Total Revenue": 545,
        "Gross Profit": 366,
        "Operating Income": 152,
        "EBIT": NaN,
        "Net Income": 83
    },
    "2013-03-31": {
        "Diluted EPS": 1.53,
        "Total Revenue": 505,
        "Gross Profit": 341,
        "Operating Income": 147,
        "EBIT": NaN,
        "Net Income": 88
    },
    "2012-12-31": {
        "Diluted EPS": 1.48,
        "Total Revenue": 620,
        "Gross Profit": 398,
        "Operating Income": 80,
        "EBIT": NaN,
        "Net Income": 85
    },
    "2012-09-30": {
        "Diluted EPS": 1.48,
        "Total Revenue": 444,
        "Gross Profit": 319,
        "Operating Income": 125,
        "EBIT": NaN,
        "Net Income": 86
    },
    "2012-06-30": {
        "Diluted EPS": 1.24,
        "Total Revenue": 480,
        "Gross Profit": 358,
        "Operating Income": 113,
        "EBIT": NaN,
        "Net Income": 72
    },
    "2012-03-31": {
        "Diluted EPS": 1.26,
        "Total Revenue": 490,
        "Gross Profit": 335,
        "Operating Income": 115,
        "EBIT": NaN,
        "Net Income": 73
    },
    "2011-12-31": {
        "Diluted EPS": 1.37,
        "Total Revenue": 523,
        "Gross Profit": 367,
        "Operating Income": 135,
        "EBIT": NaN,
        "Net Income": 84
    },
    "2011-09-30": {
        "Diluted EPS": 1.14,
        "Total Revenue": 347,
        "Gross Profit": 269,
        "Operating Income": 75,
        "EBIT": NaN,
        "Net Income": 67
    },
    "2011-06-30": {
        "Diluted EPS": 0.99,
        "Total Revenue": 361,
        "Gross Profit": 269,
        "Operating Income": 78,
        "EBIT": NaN,
        "Net Income": 60
    },
    "2011-03-31": {
        "Diluted EPS": 1.1,
        "Total Revenue": 360,
        "Gross Profit": 269,
        "Operating Income": 102,
        "EBIT": NaN,
        "Net Income": 64
    },
    "2010-12-31": {
        "Diluted EPS": 1.15,
        "Total Revenue": 289,
        "Gross Profit": 257,
        "Operating Income": 59,
        "EBIT": NaN,
        "Net Income": 68
    },
    "2010-09-30": {
        "Diluted EPS": 1.14,
        "Total Revenue": 327,
        "Gross Profit": 242,
        "Operating Income": 97,
        "EBIT": NaN,
        "Net Income": 68
    },
    "2010-06-30": {
        "Diluted EPS": 0.94,
        "Total Revenue": 294,
        "Gross Profit": 212,
        "Operating Income": 72,
        "EBIT": NaN,
        "Net Income": 56
    },
    "2010-03-31": {
        "Diluted EPS": 1.06,
        "Total Revenue": 327,
        "Gross Profit": 244,
        "Operating Income": 107,
        "EBIT": NaN,
        "Net Income": 63
    },
    "2009-12-31": {
        "Diluted EPS": 1.06,
        "Total Revenue": 296,
        "Gross Profit": 194,
        "Operating Income": 51,
        "EBIT": NaN,
        "Net Income": 63
    },
    "2009-09-30": {
        "Diluted EPS": 0.84,
        "Total Revenue": 333,
        "Gross Profit": 240,
        "Operating Income": 107,
        "EBIT": NaN,
        "Net Income": 50
    },
    "2009-06-30": {
        "Diluted EPS": 0.72,
        "Total Revenue": 253,
        "Gross Profit": 154,
        "Operating Income": 32,
        "EBIT": NaN,
        "Net Income": 43
    },
    "2009-03-31": {
        "Diluted EPS": 0.69,
        "Total Revenue": 308,
        "Gross Profit": 215,
        "Operating Income": 123,
        "EBIT": NaN,
        "Net Income": 42
    },
    "2023-06-30": {
        "Tax Effect Of Unusual Items": NaN,
        "Tax Rate For Calcs": NaN,
        "Total Unusual Items": NaN,
        "Total Unusual Items Excluding Goodwill": NaN,
        "Net Income From Continuing Operation Net Minority Interest": NaN,
        "Reconciled Depreciation": NaN,
        "Net Interest Income": NaN,
        "Interest Expense": NaN,
        "Interest Income": NaN,
        "Normalized Income": NaN,
        "Net Income From Continuing And Discontinued Operation": NaN,
        "Rent Expense Supplemental": NaN,
        "Diluted Average Shares": 63941300.0,
        "Basic Average Shares": 63941300.0,
        "Diluted EPS": 2564.198695,
        "Basic EPS": 2564.199,
        "Diluted NI Availto Com Stockholders": NaN,
        "Net Income Common Stockholders": NaN,
        "Net Income": NaN,
        "Minority Interests": NaN,
        "Net Income Including Noncontrolling Interests": NaN,
        "Net Income Continuous Operations": NaN,
        "Tax Provision": NaN,
        "Pretax Income": NaN,
        "Special Income Charges": -5000.0,
        "Other Special Charges": 5000.0,
        "Gain On Sale Of Security": NaN,
        "Depreciation Amortization Depletion Income Statement": NaN,
        "Depreciation And Amortization In Income Statement": NaN,
        "Depreciation Income Statement": NaN,
        "Selling General And Administration": NaN,
        "Selling And Marketing Expense": NaN,
        "General And Administrative Expense": NaN,
        "Other Gand A": NaN,
        "Insurance And Claims": NaN,
        "Rent And Landing Fees": NaN,
        "Salaries And Wages": NaN,
        "Total Revenue": NaN,
        "Operating Revenue": NaN,
        "Professional Expense And Contract Services Expense": 6404180000.0,
        "Other Non Interest Expense": NaN
    },
    "2023-09-30": {
        "Tax Effect Of Unusual Items": NaN,
        "Tax Rate For Calcs": NaN,
        "Total Unusual Items": NaN,
        "Total Unusual Items Excluding Goodwill": NaN,
        "Net Income From Continuing Operation Net Minority Interest": NaN,
        "Reconciled Depreciation": NaN,
        "Net Interest Income": NaN,
        "Interest Expense": NaN,
        "Interest Income": NaN,
        "Normalized Income": NaN,
        "Net Income From Continuing And Discontinued Operation": NaN,
        "Rent Expense Supplemental": NaN,
        "Diluted Average Shares": 63941300.0,
        "Basic Average Shares": 63941300.0,
        "Diluted EPS": 361.701,
        "Basic EPS": 361.701,
        "Diluted NI Availto Com Stockholders": NaN,
        "Net Income Common Stockholders": NaN,
        "Net Income": NaN,
        "Minority Interests": NaN,
        "Net Income Including Noncontrolling Interests": NaN,
        "Net Income Continuous Operations": NaN,
        "Tax Provision": NaN,
        "Pretax Income": NaN,
        "Other Non Operating Income Expenses": NaN,
        "Special Income Charges": NaN,
        "Other Special Charges": 7000000.0,
        "Gain On Sale Of Security": NaN,
        "Depreciation Amortization Depletion Income Statement": NaN,
        "Depreciation And Amortization In Income Statement": NaN,
        "Depreciation Income Statement": NaN,
        "Selling General And Administration": NaN,
        "Selling And Marketing Expense": NaN,
        "General And Administrative Expense": NaN,
        "Other Gand A": NaN,
        "Insurance And Claims": NaN,
        "Rent And Landing Fees": NaN,
        "Salaries And Wages": NaN,
        "Total Revenue": NaN,
        "Operating Revenue": NaN,
        "Professional Expense And Contract Services Expense": 7777000000.0,
        "Other Non Interest Expense": NaN
    },
    "2023-12-31": {
        "Tax Effect Of Unusual Items": NaN,
        "Tax Rate For Calcs": NaN,
        "Total Unusual Items": NaN,
        "Total Unusual Items Excluding Goodwill": NaN,
        "Net Income From Continuing Operation Net Minority Interest": NaN,
        "Reconciled Depreciation": NaN,
        "Net Interest Income": NaN,
        "Interest Expense": NaN,
        "Interest Income": NaN,
        "Normalized Income": NaN,
        "Net Income From Continuing And Discontinued Operation": NaN,
        "Rent Expense Supplemental": NaN,
        "Diluted Average Shares": NaN,
        "Basic Average Shares": NaN,
        "Diluted EPS": NaN,
        "Basic EPS": NaN,
        "Diluted NI Availto Com Stockholders": NaN,
        "Net Income Common Stockholders": NaN,
        "Net Income": NaN,
        "Minority Interests": NaN,
        "Net Income Including Noncontrolling Interests": NaN,
        "Net Income Continuous Operations": NaN,
        "Tax Provision": NaN,
        "Pretax Income": NaN,
        "Other Non Operating Income Expenses": NaN,
        "Special Income Charges": NaN,
        "Other Special Charges": NaN,
        "Gain On Sale Of Security": NaN,
        "Depreciation Amortization Depletion Income Statement": NaN,
        "Depreciation And Amortization In Income Statement": NaN,
        "Depreciation Income Statement": 33345720000.0,
        "Selling General And Administration": NaN,
        "Selling And Marketing Expense": NaN,
        "General And Administrative Expense": NaN,
        "Other Gand A": NaN,
        "Insurance And Claims": NaN,
        "Rent And Landing Fees": NaN,
        "Salaries And Wages": NaN,
        "Total Revenue": NaN,
        "Operating Revenue": NaN,
        "Professional Expense And Contract Services Expense": NaN,
        "Other Non Interest Expense": NaN
    },
    "2024-03-31": {
        "Tax Effect Of Unusual Items": NaN,
        "Tax Rate For Calcs": NaN,
        "Total Unusual Items": NaN,
        "Total Unusual Items Excluding Goodwill": NaN,
        "Net Income From Continuing Operation Net Minority Interest": NaN,
        "Reconciled Depreciation": NaN,
        "Net Interest Income": NaN,
        "Interest Expense": NaN,
        "Interest Income": NaN,
        "Normalized Income": NaN,
        "Net Income From Continuing And Discontinued Operation": NaN,
        "Rent Expense Supplemental": NaN,
        "Diluted Average Shares": NaN,
        "Basic Average Shares": NaN,
        "Diluted EPS": NaN,
        "Basic EPS": NaN,
        "Diluted NI Availto Com Stockholders": NaN,
        "Net Income Common Stockholders": NaN,
        "Net Income": NaN,
        "Minority Interests": NaN,
        "Net Income Including Noncontrolling Interests": NaN,
        "Net Income Continuous Operations": NaN,
        "Tax Provision": NaN,
        "Pretax Income": NaN,
        "Other Non Operating Income Expenses": NaN,
        "Special Income Charges": NaN,
        "Other Special Charges": NaN,
        "Gain On Sale Of Security": NaN,
        "Depreciation Amortization Depletion Income Statement": NaN,
        "Depreciation And Amortization In Income Statement": NaN,
        "Depreciation Income Statement": 37866752000.0,
        "Selling General And Administration": NaN,
        "Selling And Marketing Expense": NaN,
        "General And Administrative Expense": NaN,
        "Other Gand A": NaN,
        "Insurance And Claims": NaN,
        "Rent And Landing Fees": NaN,
        "Salaries And Wages": NaN,
        "Total Revenue": NaN,
        "Operating Revenue": NaN,
        "Professional Expense And Contract Services Expense": 8835000000.0,
        "Other Non Interest Expense": NaN
    },
    "2024-06-30": {
        "Tax Effect Of Unusual Items": NaN,
        "Tax Rate For Calcs": NaN,
        "Total Unusual Items": NaN,
        "Total Unusual Items Excluding Goodwill": NaN,
        "Net Income From Continuing Operation Net Minority Interest": NaN,
        "Reconciled Depreciation": NaN,
        "Net Interest Income": NaN,
        "Interest Expense": NaN,
        "Interest Income": NaN,
        "Normalized Income": NaN,
        "Net Income From Continuing And Discontinued Operation": NaN,
        "Rent Expense Supplemental": NaN,
        "Diluted Average Shares": 63941300.0,
        "Basic Average Shares": 63941300.0,
        "Diluted EPS": -4951.044,
        "Basic EPS": -4951.044,
        "Diluted NI Availto Com Stockholders": NaN,
        "Net Income Common Stockholders": NaN,
        "Net Income": NaN,
        "Minority Interests": NaN,
        "Net Income Including Noncontrolling Interests": NaN,
        "Net Income Continuous Operations": NaN,
        "Tax Provision": NaN,
        "Pretax Income": NaN,
        "Other Non Operating Income Expenses": NaN,
        "Special Income Charges": NaN,
        "Other Special Charges": -11210000.0,
        "Gain On Sale Of Security": NaN,
        "Depreciation Amortization Depletion Income Statement": NaN,
        "Depreciation And Amortization In Income Statement": NaN,
        "Depreciation Income Statement": 37641736000.0,
        "Selling General And Administration": NaN,
        "Selling And Marketing Expense": NaN,
        "General And Administrative Expense": NaN,
        "Other Gand A": NaN,
        "Insurance And Claims": NaN,
        "Rent And Landing Fees": NaN,
        "Salaries And Wages": NaN,
        "Total Revenue": NaN,
        "Operating Revenue": NaN,
        "Professional Expense And Contract Services Expense": 7734131000.0,
        "Other Non Interest Expense": NaN
    },
    "2024-09-30": {
        "Tax Effect Of Unusual Items": -3185779262.785688,
        "Tax Rate For Calcs": 0.244308,
        "Total Unusual Items": -13040000000.0,
        "Total Unusual Items Excluding Goodwill": -13040000000.0,
        "Net Income From Continuing Operation Net Minority Interest": 119732000000.0,
        "Reconciled Depreciation": 15379845000.0,
        "Net Interest Income": 749865000000.0,
        "Interest Expense": 380036000000.0,
        "Interest Income": 1129901000000.0,
        "Normalized Income": 129586220737.21431,
        "Net Income From Continuing And Discontinued Operation": 119732000000.0,
        "Rent Expense Supplemental": 351000000.0,
        "Diluted Average Shares": 62817774.0,
        "Basic Average Shares": 62817774.0,
        "Diluted EPS": 1906.021057,
        "Basic EPS": 1906.021057,
        "Diluted NI Availto Com Stockholders": 119732000000.0,
        "Net Income Common Stockholders": 119732000000.0,
        "Net Income": 119732000000.0,
        "Minority Interests": -590000000.0,
        "Net Income Including Noncontrolling Interests": 120322000000.0,
        "Net Income Continuous Operations": 120322000000.0,
        "Tax Provision": 38899000000.0,
        "Pretax Income": 159221000000.0,
        "Other Non Operating Income Expenses": -374053000000.0,
        "Special Income Charges": -41000000.0,
        "Other Special Charges": 41000000.0,
        "Gain On Sale Of Security": 136482000000.0,
        "Depreciation Amortization Depletion Income Statement": 40324000000.0,
        "Depreciation And Amortization In Income Statement": 40324000000.0,
        "Depreciation Income Statement": 30605000000.0,
        "Selling General And Administration": 303432000000.0,
        "Selling And Marketing Expense": 7461000000.0,
        "General And Administrative Expense": 295971000000.0,
        "Other Gand A": 67728000000.0,
        "Insurance And Claims": 7499000000.0,
        "Rent And Landing Fees": 351000000.0,
        "Salaries And Wages": 220393000000.0,
        "Total Revenue": 1100064000000.0,
        "Operating Revenue": 1100064000000.0,
        "Professional Expense And Contract Services Expense": 12563000000.0,
        "Other Non Interest Expense": 190777000000.0
    },
    "2024-12-31": {
        "Tax Effect Of Unusual Items": -2390433417.855646,
        "Tax Rate For Calcs": 0.222552,
        "Total Unusual Items": -10741006000.0,
        "Total Unusual Items Excluding Goodwill": -10741006000.0,
        "Net Income From Continuing Operation Net Minority Interest": 130522149000.0,
        "Reconciled Depreciation": 44975387000.0,
        "Net Interest Income": 615278705000.0,
        "Interest Expense": 412929706000.0,
        "Interest Income": 1028208411000.0,
        "Normalized Income": 138872721582.14435,
        "Net Income From Continuing And Discontinued Operation": 130522149000.0,
        "Rent Expense Supplemental": 325258000.0,
        "Diluted Average Shares": NaN,
        "Basic Average Shares": NaN,
        "Diluted EPS": NaN,
        "Basic EPS": NaN,
        "Diluted NI Availto Com Stockholders": 130522149000.0,
        "Net Income Common Stockholders": 130522149000.0,
        "Net Income": 130522149000.0,
        "Minority Interests": -260651000.0,
        "Net Income Including Noncontrolling Interests": 130782800000.0,
        "Net Income Continuous Operations": 130782800000.0,
        "Tax Provision": 37437861000.0,
        "Pretax Income": 168220661000.0,
        "Other Non Operating Income Expenses": -374809251000.0,
        "Special Income Charges": -11180382000.0,
        "Other Special Charges": 11180382000.0,
        "Gain On Sale Of Security": 290038914000.0,
        "Depreciation Amortization Depletion Income Statement": 44975387000.0,
        "Depreciation And Amortization In Income Statement": 44975387000.0,
        "Depreciation Income Statement": NaN,
        "Selling General And Administration": 309401784000.0,
        "Selling And Marketing Expense": 8041489000.0,
        "General And Administrative Expense": 301360295000.0,
        "Other Gand A": 73191798000.0,
        "Insurance And Claims": 8183667000.0,
        "Rent And Landing Fees": 325258000.0,
        "Salaries And Wages": 219659572000.0,
        "Total Revenue": 1086773191000.0,
        "Operating Revenue": 1086773191000.0,
        "Professional Expense And Contract Services Expense": NaN,
        "Other Non Interest Expense": 143781490000.0
    },
    "2025-03-31": {
        "Tax Effect Of Unusual Items": -26580050.0,
        "Tax Rate For Calcs": 0.35,
        "Total Unusual Items": -75943000.0,
        "Total Unusual Items Excluding Goodwill": -75943000.0,
        "Net Income From Continuing Operation Net Minority Interest": 44849785000.0,
        "Reconciled Depreciation": 37093563000.0,
        "Net Interest Income": 565409014000.0,
        "Interest Expense": 288910730000.0,
        "Interest Income": 854319744000.0,
        "Normalized Income": 44899147950.0,
        "Net Income From Continuing And Discontinued Operation": 44849785000.0,
        "Rent Expense Supplemental": 465466000.0,
        "Diluted Average Shares": 63941300.0,
        "Basic Average Shares": 63941300.0,
        "Diluted EPS": 701.421,
        "Basic EPS": 701.421,
        "Diluted NI Availto Com Stockholders": 44849785000.0,
        "Net Income Common Stockholders": 44849785000.0,
        "Net Income": 44849785000.0,
        "Minority Interests": -850124000.0,
        "Net Income Including Noncontrolling Interests": 45699909000.0,
        "Net Income Continuous Operations": 45699909000.0,
        "Tax Provision": 34453755000.0,
        "Pretax Income": 80153664000.0,
        "Other Non Operating Income Expenses": -267133801000.0,
        "Special Income Charges": -75943000.0,
        "Other Special Charges": 75943000.0,
        "Gain On Sale Of Security": 66427241000.0,
        "Depreciation Amortization Depletion Income Statement": 37093563000.0,
        "Depreciation And Amortization In Income Statement": 37093563000.0,
        "Depreciation Income Statement": 37093563000.0,
        "Selling General And Administration": 248635291000.0,
        "Selling And Marketing Expense": 4536776000.0,
        "General And Administrative Expense": 244098515000.0,
        "Other Gand A": 63424119000.0,
        "Insurance And Claims": 7519792000.0,
        "Rent And Landing Fees": 465466000.0,
        "Salaries And Wages": 172689138000.0,
        "Total Revenue": 810663790000.0,
        "Operating Revenue": 810663790000.0,
        "Professional Expense And Contract Services Expense": 9767000000.0,
        "Other Non Interest Expense": 130677233000.0
    },
    "2025-06-30": {
        "Tax Effect Of Unusual Items": -95065996.75351,
        "Tax Rate For Calcs": 0.390431,
        "Total Unusual Items": -243490000.0,
        "Total Unusual Items Excluding Goodwill": -243490000.0,
        "Net Income From Continuing Operation Net Minority Interest": 149136905000.0,
        "Reconciled Depreciation": 41411311000.0,
        "Net Interest Income": 701396384000.0,
        "Interest Expense": 392368335000.0,
        "Interest Income": 1093764719000.0,
        "Normalized Income": 149285329003.2465,
        "Net Income From Continuing And Discontinued Operation": 149136905000.0,
        "Rent Expense Supplemental": 184456000.0,
        "Diluted Average Shares": 63941300.0,
        "Basic Average Shares": 63941300.0,
        "Diluted EPS": 2332.403,
        "Basic EPS": 2332.403,
        "Diluted NI Availto Com Stockholders": 149136905000.0,
        "Net Income Common Stockholders": 149136905000.0,
        "Net Income": 149136905000.0,
        "Minority Interests": -403548000.0,
        "Net Income Including Noncontrolling Interests": 149540453000.0,
        "Net Income Continuous Operations": 149540453000.0,
        "Tax Provision": 95781086000.0,
        "Pretax Income": 245321539000.0,
        "Other Non Operating Income Expenses": -203936999000.0,
        "Special Income Charges": -260711000.0,
        "Other Special Charges": 260711000.0,
        "Gain On Sale Of Security": 113717004000.0,
        "Depreciation Amortization Depletion Income Statement": 39181020000.0,
        "Depreciation And Amortization In Income Statement": 39181020000.0,
        "Depreciation Income Statement": 39181020000.0,
        "Selling General And Administration": 270913021000.0,
        "Selling And Marketing Expense": 7802175000.0,
        "General And Administrative Expense": 263110846000.0,
        "Other Gand A": 68736790000.0,
        "Insurance And Claims": 7076311000.0,
        "Rent And Landing Fees": 184456000.0,
        "Salaries And Wages": 187113289000.0,
        "Total Revenue": 1017770271000.0,
        "Operating Revenue": 1017770271000.0,
        "Professional Expense And Contract Services Expense": NaN,
        "Other Non Interest Expense": 155551569000.0
    },
    "2025-09-30": {
        "Tax Effect Of Unusual Items": -7830545.913537,
        "Tax Rate For Calcs": 0.130509,
        "Total Unusual Items": -60000000.0,
        "Total Unusual Items Excluding Goodwill": -60000000.0,
        "Net Income From Continuing Operation Net Minority Interest": -33097000000.0,
        "Reconciled Depreciation": 41786000000.0,
        "Net Interest Income": 686237000000.0,
        "Interest Expense": 528385000000.0,
        "Interest Income": 1214622000000.0,
        "Normalized Income": -33044830545.913536,
        "Net Income From Continuing And Discontinued Operation": -33097000000.0,
        "Rent Expense Supplemental": 456000000.0,
        "Diluted Average Shares": 63941341.0,
        "Basic Average Shares": 63941341.0,
        "Diluted EPS": -517.615043,
        "Basic EPS": -517.615043,
        "Diluted NI Availto Com Stockholders": -33097000000.0,
        "Net Income Common Stockholders": -33097000000.0,
        "Net Income": -33097000000.0,
        "Minority Interests": -32000000.0,
        "Net Income Including Noncontrolling Interests": -33065000000.0,
        "Net Income Continuous Operations": -33065000000.0,
        "Tax Provision": -4963000000.0,
        "Pretax Income": -38028000000.0,
        "Other Non Operating Income Expenses": -203078000000.0,
        "Special Income Charges": 0.0,
        "Other Special Charges": NaN,
        "Gain On Sale Of Security": 17839000000.0,
        "Depreciation Amortization Depletion Income Statement": 41786000000.0,
        "Depreciation And Amortization In Income Statement": 41786000000.0,
        "Depreciation Income Statement": NaN,
        "Selling General And Administration": 312133000000.0,
        "Selling And Marketing Expense": 8875000000.0,
        "General And Administrative Expense": 303258000000.0,
        "Other Gand A": 59774000000.0,
        "Insurance And Claims": 9618000000.0,
        "Rent And Landing Fees": 456000000.0,
        "Salaries And Wages": 233410000000.0,
        "Total Revenue": 914478000000.0,
        "Operating Revenue": 914478000000.0,
        "Professional Expense And Contract Services Expense": 11001000000.0,
        "Other Non Interest Expense": 250334000000.0
    }
}