{
    "2023-03-31": {
        "Tax Effect Of Unusual Items": 0.0,
        "Tax Rate For Calcs": 0.21,
        "Normalized EBITDA": 25795000.0,
        "Net Income From Continuing Operation Net Minority Interest": -1611000.0,
        "Reconciled Depreciation": 16731000.0,
        "Reconciled Cost Of Revenue": 70580000.0,
        "EBITDA": 25795000.0,
        "EBIT": 9064000.0,
        "Net Interest Income": -5219000.0,
        "Normalized Income": -1611000.0,
        "Net Income From Continuing And Discontinued Operation": -1611000.0,
        "Total Expenses": 233884000.0,
        "Total Operating Income As Reported": 9064000.0,
        "Diluted Average Shares": 131924371.0,
        "Basic Average Shares": 131924371.0,
        "Diluted EPS": -0.01,
        "Basic EPS": -0.01,
        "Diluted NI Availto Com Stockholders": -1614000.0,
        "Average Dilution Earnings": 0.0,
        "Net Income Common Stockholders": -1614000.0,
        "Otherunder Preferred Stock Dividend": 0.0,
        "Net Income": -1611000.0,
        "Minority Interests": 718000.0,
        "Net Income Including Noncontrolling Interests": -2329000.0,
        "Net Income Continuous Operations": -2329000.0,
        "Tax Provision": 2613000.0,
        "Pretax Income": 284000.0,
        "Other Income Expense": -3561000.0,
        "Other Non Operating Income Expenses": -3561000.0,
        "Net Non Operating Interest Income Expense": -5219000.0,
        "Total Other Finance Cost": 5219000.0,
        "Operating Income": 9064000.0,
        "Operating Expense": 163304000.0,
        "Depreciation Amortization Depletion Income Statement": 16731000.0,
        "Depreciation And Amortization In Income Statement": 16731000.0,
        "Research And Development": 33152000.0,
        "Selling General And Administration": 113421000.0,
        "Selling And Marketing Expense": 63590000.0,
        "General And Administrative Expense": 49831000.0,
        "Other Gand A": 49831000.0,
        "Gross Profit": 172368000.0,
        "Cost Of Revenue": 70580000.0,
        "Total Revenue": 242948000.0,
        "Operating Revenue": 242948000.0
    },
    "2022-12-31": {
        "Tax Effect Of Unusual Items": 0.0,
        "Tax Rate For Calcs": 0.014542,
        "Normalized EBITDA": -131561000.0,
        "Net Income From Continuing Operation Net Minority Interest": -110570000.0,
        "Reconciled Depreciation": 15878000.0,
        "Reconciled Cost Of Revenue": 67788000.0,
        "EBITDA": -131561000.0,
        "EBIT": -147439000.0,
        "Net Interest Income": -5617000.0,
        "Normalized Income": -110570000.0,
        "Net Income From Continuing And Discontinued Operation": -110570000.0,
        "Total Expenses": 389067000.0,
        "Total Operating Income As Reported": -147439000.0,
        "Diluted Average Shares": 130082353.0,
        "Basic Average Shares": 130082353.0,
        "Diluted EPS": -0.85,
        "Basic EPS": -0.85,
        "Diluted NI Availto Com Stockholders": -110570000.0,
        "Average Dilution Earnings": NaN,
        "Net Income Common Stockholders": -110570000.0,
        "Otherunder Preferred Stock Dividend": NaN,
        "Net Income": -110570000.0,
        "Minority Interests": 48676000.0,
        "Net Income Including Noncontrolling Interests": -159246000.0,
        "Net Income Continuous Operations": -159246000.0,
        "Tax Provision": -2350000.0,
        "Pretax Income": -161596000.0,
        "Other Income Expense": -8540000.0,
        "Other Non Operating Income Expenses": -8540000.0,
        "Net Non Operating Interest Income Expense": -5617000.0,
        "Total Other Finance Cost": 5617000.0,
        "Operating Income": -147439000.0,
        "Operating Expense": 321279000.0,
        "Depreciation Amortization Depletion Income Statement": 15878000.0,
        "Depreciation And Amortization In Income Statement": 15878000.0,
        "Research And Development": 25096000.0,
        "Selling General And Administration": 280305000.0,
        "Selling And Marketing Expense": 68641000.0,
        "General And Administrative Expense": 211664000.0,
        "Other Gand A": 211664000.0,
        "Gross Profit": 173840000.0,
        "Cost Of Revenue": 67788000.0,
        "Total Revenue": 241628000.0,
        "Operating Revenue": 241628000.0
    },
    "2022-09-30": {
        "Tax Effect Of Unusual Items": NaN,
        "Tax Rate For Calcs": NaN,
        "Normalized EBITDA": NaN,
        "Net Income From Continuing Operation Net Minority Interest": NaN,
        "Reconciled Depreciation": NaN,
        "Reconciled Cost Of Revenue": NaN,
        "EBITDA": NaN,
        "EBIT": NaN,
        "Net Interest Income": NaN,
        "Normalized Income": NaN,
        "Net Income From Continuing And Discontinued Operation": NaN,
        "Total Expenses": NaN,
        "Total Operating Income As Reported": NaN,
        "Diluted Average Shares": NaN,
        "Basic Average Shares": NaN,
        "Diluted EPS": NaN,
        "Basic EPS": NaN,
        "Diluted NI Availto Com Stockholders": NaN,
        "Average Dilution Earnings": 8759000.0,
        "Net Income Common Stockholders": NaN,
        "Otherunder Preferred Stock Dividend": -18000.0,
        "Net Income": NaN,
        "Minority Interests": NaN,
        "Net Income Including Noncontrolling Interests": NaN,
        "Net Income Continuous Operations": NaN,
        "Tax Provision": NaN,
        "Pretax Income": NaN,
        "Other Income Expense": NaN,
        "Other Non Operating Income Expenses": NaN,
        "Net Non Operating Interest Income Expense": NaN,
        "Total Other Finance Cost": NaN,
        "Operating Income": NaN,
        "Operating Expense": NaN,
        "Depreciation Amortization Depletion Income Statement": NaN,
        "Depreciation And Amortization In Income Statement": NaN,
        "Research And Development": NaN,
        "Selling General And Administration": NaN,
        "Selling And Marketing Expense": NaN,
        "General And Administrative Expense": NaN,
        "Other Gand A": NaN,
        "Gross Profit": NaN,
        "Cost Of Revenue": NaN,
        "Total Revenue": NaN,
        "Operating Revenue": NaN
    },
    "2022-06-30": {
        "Tax Effect Of Unusual Items": 0.0,
        "Tax Rate For Calcs": 0.4,
        "Normalized EBITDA": 24383000.0,
        "Net Income From Continuing Operation Net Minority Interest": -4392000.0,
        "Reconciled Depreciation": 27151000.0,
        "Reconciled Cost Of Revenue": 62757000.0,
        "EBITDA": 24383000.0,
        "EBIT": -2768000.0,
        "Net Interest Income": -6281000.0,
        "Normalized Income": -4392000.0,
        "Net Income From Continuing And Discontinued Operation": -4392000.0,
        "Total Expenses": 223222000.0,
        "Total Operating Income As Reported": -2768000.0,
        "Diluted Average Shares": 129398184.0,
        "Basic Average Shares": 129398184.0,
        "Diluted EPS": -0.03,
        "Basic EPS": -0.03,
        "Diluted NI Availto Com Stockholders": -4392000.0,
        "Average Dilution Earnings": 0.0,
        "Net Income Common Stockholders": -4392000.0,
        "Otherunder Preferred Stock Dividend": NaN,
        "Net Income": -4392000.0,
        "Minority Interests": 2031000.0,
        "Net Income Including Noncontrolling Interests": -6423000.0,
        "Net Income Continuous Operations": -6423000.0,
        "Tax Provision": 2328000.0,
        "Pretax Income": -4095000.0,
        "Other Income Expense": 4954000.0,
        "Other Non Operating Income Expenses": 4954000.0,
        "Net Non Operating Interest Income Expense": -6281000.0,
        "Total Other Finance Cost": 6281000.0,
        "Operating Income": -2768000.0,
        "Operating Expense": 160465000.0,
        "Depreciation Amortization Depletion Income Statement": 27151000.0,
        "Depreciation And Amortization In Income Statement": 27151000.0,
        "Research And Development": 22456000.0,
        "Selling General And Administration": 110858000.0,
        "Selling And Marketing Expense": 59483000.0,
        "General And Administrative Expense": 51375000.0,
        "Other Gand A": 51375000.0,
        "Gross Profit": 157697000.0,
        "Cost Of Revenue": 62757000.0,
        "Total Revenue": 220454000.0,
        "Operating Revenue": 220454000.0
    },
    "2022-03-31": {
        "Diluted EPS": 0.12,
        "Total Revenue": 210,
        "Gross Profit": 154,
        "Operating Income": 19,
        "EBIT": 46,
        "Net Income": 16
    },
    "2021-12-31": {
        "Diluted EPS": -0.12,
        "Total Revenue": 205,
        "Gross Profit": 153,
        "Operating Income": -5,
        "EBIT": 22,
        "Net Income": -18
    },
    "2021-09-30": {
        "Diluted EPS": -0.06,
        "Total Revenue": 199,
        "Gross Profit": 144,
        "Operating Income": -8,
        "EBIT": 19,
        "Net Income": -7
    },
    "2021-06-30": {
        "Diluted EPS": -0.06,
        "Total Revenue": 186,
        "Gross Profit": 135,
        "Operating Income": -9,
        "EBIT": 17,
        "Net Income": -7
    },
    "2021-03-31": {
        "Diluted EPS": 1.69,
        "Total Revenue": 171,
        "Gross Profit": 123,
        "Operating Income": -112,
        "EBIT": -85,
        "Net Income": 342
    },
    "2020-12-31": {
        "Diluted EPS": -0.01,
        "Total Revenue": 163,
        "Gross Profit": 121,
        "Operating Income": -24,
        "EBIT": 3,
        "Net Income": -26
    },
    "2020-09-30": {
        "Diluted EPS": -0.01,
        "Total Revenue": 162,
        "Gross Profit": 119,
        "Operating Income": -5,
        "EBIT": 20,
        "Net Income": -23
    },
    "2020-06-30": {
        "Diluted EPS": -0.0,
        "Total Revenue": 135,
        "Gross Profit": 98,
        "Operating Income": 5,
        "EBIT": 29,
        "Net Income": -5
    },
    "2020-03-31": {
        "Diluted EPS": -0.04,
        "Total Revenue": 119,
        "Gross Profit": 87,
        "Operating Income": -84,
        "EBIT": -68,
        "Net Income": -90
    },
    "2019-12-31": {
        "Diluted EPS": 0.0,
        "Total Revenue": NaN,
        "Gross Profit": NaN,
        "Operating Income": NaN,
        "EBIT": NaN,
        "Net Income": NaN
    },
    "2019-09-30": {
        "Diluted EPS": 0.0,
        "Total Revenue": NaN,
        "Gross Profit": NaN,
        "Operating Income": NaN,
        "EBIT": NaN,
        "Net Income": NaN
    },
    "2018-12-31": {
        "Diluted EPS": 0.0,
        "Total Revenue": NaN,
        "Gross Profit": NaN,
        "Operating Income": NaN,
        "EBIT": NaN,
        "Net Income": NaN
    },
    "2023-06-30": {
        "Tax Effect Of Unusual Items": NaN,
        "Tax Rate For Calcs": NaN,
        "Normalized EBITDA": NaN,
        "Total Unusual Items": NaN,
        "Total Unusual Items Excluding Goodwill": NaN,
        "Net Income From Continuing Operation Net Minority Interest": NaN,
        "Reconciled Depreciation": NaN,
        "Reconciled Cost Of Revenue": NaN,
        "EBITDA": NaN,
        "EBIT": NaN,
        "Net Interest Income": NaN,
        "Interest Expense": NaN,
        "Normalized Income": NaN,
        "Net Income From Continuing And Discontinued Operation": NaN,
        "Total Expenses": NaN,
        "Total Operating Income As Reported": NaN,
        "Diluted Average Shares": NaN,
        "Basic Average Shares": NaN,
        "Diluted EPS": NaN,
        "Basic EPS": NaN,
        "Diluted NI Availto Com Stockholders": NaN,
        "Average Dilution Earnings": NaN,
        "Net Income Common Stockholders": NaN,
        "Otherunder Preferred Stock Dividend": NaN,
        "Net Income": NaN,
        "Minority Interests": NaN,
        "Net Income Including Noncontrolling Interests": NaN,
        "Net Income Continuous Operations": NaN,
        "Tax Provision": NaN,
        "Pretax Income": NaN,
        "Other Income Expense": NaN,
        "Other Non Operating Income Expenses": NaN,
        "Special Income Charges": NaN,
        "Impairment Of Capital Assets": NaN,
        "Restructuring And Mergern Acquisition": NaN,
        "Net Non Operating Interest Income Expense": NaN,
        "Total Other Finance Cost": 6110000.0,
        "Interest Expense Non Operating": NaN,
        "Operating Income": NaN,
        "Operating Expense": NaN,
        "Depreciation Amortization Depletion Income Statement": NaN,
        "Depreciation And Amortization In Income Statement": NaN,
        "Research And Development": NaN,
        "Selling General And Administration": NaN,
        "Selling And Marketing Expense": NaN,
        "General And Administrative Expense": NaN,
        "Other Gand A": NaN,
        "Gross Profit": NaN,
        "Cost Of Revenue": NaN,
        "Total Revenue": NaN,
        "Operating Revenue": NaN
    },
    "2023-09-30": {
        "Tax Effect Of Unusual Items": NaN,
        "Tax Rate For Calcs": NaN,
        "Normalized EBITDA": NaN,
        "Total Unusual Items": NaN,
        "Total Unusual Items Excluding Goodwill": NaN,
        "Net Income From Continuing Operation Net Minority Interest": NaN,
        "Reconciled Depreciation": NaN,
        "Reconciled Cost Of Revenue": NaN,
        "EBITDA": NaN,
        "EBIT": NaN,
        "Net Interest Income": NaN,
        "Interest Expense": 5256000.0,
        "Normalized Income": NaN,
        "Net Income From Continuing And Discontinued Operation": NaN,
        "Total Expenses": NaN,
        "Total Operating Income As Reported": NaN,
        "Diluted Average Shares": NaN,
        "Basic Average Shares": NaN,
        "Diluted EPS": NaN,
        "Basic EPS": NaN,
        "Diluted NI Availto Com Stockholders": NaN,
        "Average Dilution Earnings": NaN,
        "Net Income Common Stockholders": NaN,
        "Otherunder Preferred Stock Dividend": NaN,
        "Net Income": NaN,
        "Minority Interests": NaN,
        "Net Income Including Noncontrolling Interests": NaN,
        "Net Income Continuous Operations": NaN,
        "Tax Provision": NaN,
        "Pretax Income": NaN,
        "Other Income Expense": NaN,
        "Other Non Operating Income Expenses": NaN,
        "Special Income Charges": NaN,
        "Impairment Of Capital Assets": 0.0,
        "Restructuring And Mergern Acquisition": NaN,
        "Net Non Operating Interest Income Expense": NaN,
        "Total Other Finance Cost": 5256000.0,
        "Interest Expense Non Operating": 5256000.0,
        "Operating Income": NaN,
        "Operating Expense": NaN,
        "Depreciation Amortization Depletion Income Statement": NaN,
        "Depreciation And Amortization In Income Statement": NaN,
        "Research And Development": NaN,
        "Selling General And Administration": NaN,
        "Selling And Marketing Expense": NaN,
        "General And Administrative Expense": NaN,
        "Other Gand A": NaN,
        "Gross Profit": NaN,
        "Cost Of Revenue": NaN,
        "Total Revenue": NaN,
        "Operating Revenue": NaN
    },
    "2023-12-31": {
        "Tax Effect Of Unusual Items": NaN,
        "Tax Rate For Calcs": NaN,
        "Normalized EBITDA": NaN,
        "Total Unusual Items": NaN,
        "Total Unusual Items Excluding Goodwill": NaN,
        "Net Income From Continuing Operation Net Minority Interest": NaN,
        "Reconciled Depreciation": NaN,
        "Reconciled Cost Of Revenue": NaN,
        "EBITDA": NaN,
        "EBIT": NaN,
        "Net Interest Income": NaN,
        "Interest Expense": NaN,
        "Normalized Income": NaN,
        "Net Income From Continuing And Discontinued Operation": NaN,
        "Total Expenses": NaN,
        "Total Operating Income As Reported": NaN,
        "Diluted Average Shares": NaN,
        "Basic Average Shares": NaN,
        "Diluted EPS": NaN,
        "Basic EPS": NaN,
        "Diluted NI Availto Com Stockholders": NaN,
        "Average Dilution Earnings": NaN,
        "Net Income Common Stockholders": NaN,
        "Otherunder Preferred Stock Dividend": NaN,
        "Net Income": NaN,
        "Minority Interests": NaN,
        "Net Income Including Noncontrolling Interests": NaN,
        "Net Income Continuous Operations": NaN,
        "Tax Provision": NaN,
        "Pretax Income": NaN,
        "Other Income Expense": NaN,
        "Other Non Operating Income Expenses": NaN,
        "Special Income Charges": NaN,
        "Impairment Of Capital Assets": NaN,
        "Restructuring And Mergern Acquisition": NaN,
        "Net Non Operating Interest Income Expense": NaN,
        "Total Other Finance Cost": 4949000.0,
        "Interest Expense Non Operating": NaN,
        "Operating Income": NaN,
        "Operating Expense": NaN,
        "Depreciation Amortization Depletion Income Statement": NaN,
        "Depreciation And Amortization In Income Statement": NaN,
        "Research And Development": NaN,
        "Selling General And Administration": NaN,
        "Selling And Marketing Expense": NaN,
        "General And Administrative Expense": NaN,
        "Other Gand A": NaN,
        "Gross Profit": NaN,
        "Cost Of Revenue": NaN,
        "Total Revenue": NaN,
        "Operating Revenue": NaN
    },
    "2024-03-31": {
        "Tax Effect Of Unusual Items": NaN,
        "Tax Rate For Calcs": NaN,
        "Normalized EBITDA": NaN,
        "Total Unusual Items": NaN,
        "Total Unusual Items Excluding Goodwill": NaN,
        "Net Income From Continuing Operation Net Minority Interest": NaN,
        "Reconciled Depreciation": NaN,
        "Reconciled Cost Of Revenue": NaN,
        "EBITDA": NaN,
        "EBIT": NaN,
        "Net Interest Income": NaN,
        "Interest Expense": NaN,
        "Normalized Income": NaN,
        "Net Income From Continuing And Discontinued Operation": NaN,
        "Total Expenses": NaN,
        "Total Operating Income As Reported": NaN,
        "Diluted Average Shares": NaN,
        "Basic Average Shares": NaN,
        "Diluted EPS": NaN,
        "Basic EPS": NaN,
        "Diluted NI Availto Com Stockholders": NaN,
        "Average Dilution Earnings": NaN,
        "Net Income Common Stockholders": NaN,
        "Otherunder Preferred Stock Dividend": NaN,
        "Net Income": NaN,
        "Minority Interests": NaN,
        "Net Income Including Noncontrolling Interests": NaN,
        "Net Income Continuous Operations": NaN,
        "Tax Provision": NaN,
        "Pretax Income": NaN,
        "Other Income Expense": NaN,
        "Other Non Operating Income Expenses": NaN,
        "Special Income Charges": NaN,
        "Impairment Of Capital Assets": NaN,
        "Restructuring And Mergern Acquisition": NaN,
        "Net Non Operating Interest Income Expense": NaN,
        "Total Other Finance Cost": 8918000.0,
        "Interest Expense Non Operating": NaN,
        "Operating Income": NaN,
        "Operating Expense": NaN,
        "Depreciation Amortization Depletion Income Statement": NaN,
        "Depreciation And Amortization In Income Statement": NaN,
        "Research And Development": NaN,
        "Selling General And Administration": NaN,
        "Selling And Marketing Expense": NaN,
        "General And Administrative Expense": NaN,
        "Other Gand A": NaN,
        "Gross Profit": NaN,
        "Cost Of Revenue": NaN,
        "Total Revenue": NaN,
        "Operating Revenue": NaN
    },
    "2024-06-30": {
        "Tax Effect Of Unusual Items": NaN,
        "Tax Rate For Calcs": NaN,
        "Normalized EBITDA": NaN,
        "Total Unusual Items": NaN,
        "Total Unusual Items Excluding Goodwill": NaN,
        "Net Income From Continuing Operation Net Minority Interest": NaN,
        "Reconciled Depreciation": NaN,
        "Reconciled Cost Of Revenue": NaN,
        "EBITDA": NaN,
        "EBIT": NaN,
        "Net Interest Income": NaN,
        "Interest Expense": NaN,
        "Normalized Income": NaN,
        "Net Income From Continuing And Discontinued Operation": NaN,
        "Total Expenses": NaN,
        "Total Operating Income As Reported": NaN,
        "Diluted Average Shares": 124522727.0,
        "Basic Average Shares": 124522727.0,
        "Diluted EPS": 0.22,
        "Basic EPS": 0.22,
        "Diluted NI Availto Com Stockholders": NaN,
        "Average Dilution Earnings": NaN,
        "Net Income Common Stockholders": NaN,
        "Otherunder Preferred Stock Dividend": NaN,
        "Net Income": NaN,
        "Minority Interests": NaN,
        "Net Income Including Noncontrolling Interests": NaN,
        "Net Income Continuous Operations": NaN,
        "Tax Provision": NaN,
        "Pretax Income": NaN,
        "Other Income Expense": NaN,
        "Other Non Operating Income Expenses": NaN,
        "Special Income Charges": NaN,
        "Impairment Of Capital Assets": NaN,
        "Restructuring And Mergern Acquisition": 1645000.0,
        "Net Non Operating Interest Income Expense": NaN,
        "Total Other Finance Cost": 9082000.0,
        "Interest Expense Non Operating": NaN,
        "Operating Income": NaN,
        "Operating Expense": NaN,
        "Depreciation Amortization Depletion Income Statement": NaN,
        "Depreciation And Amortization In Income Statement": NaN,
        "Research And Development": NaN,
        "Selling General And Administration": NaN,
        "Selling And Marketing Expense": NaN,
        "General And Administrative Expense": NaN,
        "Other Gand A": NaN,
        "Gross Profit": NaN,
        "Cost Of Revenue": NaN,
        "Total Revenue": NaN,
        "Operating Revenue": NaN
    },
    "2024-09-30": {
        "Tax Effect Of Unusual Items": -187372080.0,
        "Tax Rate For Calcs": 0.21,
        "Normalized EBITDA": 75271000.0,
        "Total Unusual Items": -892248000.0,
        "Total Unusual Items Excluding Goodwill": -892248000.0,
        "Net Income From Continuing Operation Net Minority Interest": -613199000.0,
        "Reconciled Depreciation": 18312000.0,
        "Reconciled Cost Of Revenue": 79552000.0,
        "EBITDA": -816977000.0,
        "EBIT": -835289000.0,
        "Net Interest Income": -9809000.0,
        "Interest Expense": 9809000.0,
        "Normalized Income": 91676920.0,
        "Net Income From Continuing And Discontinued Operation": -613199000.0,
        "Total Expenses": 219544000.0,
        "Total Operating Income As Reported": -838187000.0,
        "Diluted Average Shares": 119999804.0,
        "Basic Average Shares": 119999804.0,
        "Diluted EPS": -5.11,
        "Basic EPS": -5.11,
        "Diluted NI Availto Com Stockholders": -613410000.0,
        "Average Dilution Earnings": 0.0,
        "Net Income Common Stockholders": -613410000.0,
        "Otherunder Preferred Stock Dividend": 0.0,
        "Net Income": -613199000.0,
        "Minority Interests": 236060000.0,
        "Net Income Including Noncontrolling Interests": -849259000.0,
        "Net Income Continuous Operations": -849259000.0,
        "Tax Provision": 4161000.0,
        "Pretax Income": -845098000.0,
        "Other Income Expense": -889350000.0,
        "Other Non Operating Income Expenses": 2898000.0,
        "Special Income Charges": -892248000.0,
        "Impairment Of Capital Assets": 892248000.0,
        "Restructuring And Mergern Acquisition": NaN,
        "Net Non Operating Interest Income Expense": -9809000.0,
        "Total Other Finance Cost": NaN,
        "Interest Expense Non Operating": 9809000.0,
        "Operating Income": 54061000.0,
        "Operating Expense": 139992000.0,
        "Depreciation Amortization Depletion Income Statement": 18312000.0,
        "Depreciation And Amortization In Income Statement": 18312000.0,
        "Research And Development": 24880000.0,
        "Selling General And Administration": 96800000.0,
        "Selling And Marketing Expense": 63549000.0,
        "General And Administrative Expense": 33251000.0,
        "Other Gand A": 33251000.0,
        "Gross Profit": 194053000.0,
        "Cost Of Revenue": 79552000.0,
        "Total Revenue": 273605000.0,
        "Operating Revenue": 273605000.0
    },
    "2024-12-31": {
        "Tax Effect Of Unusual Items": 0.0,
        "Tax Rate For Calcs": 0.21,
        "Normalized EBITDA": 46401000.0,
        "Total Unusual Items": 0.0,
        "Total Unusual Items Excluding Goodwill": 0.0,
        "Net Income From Continuing Operation Net Minority Interest": 4179000.0,
        "Reconciled Depreciation": 18074000.0,
        "Reconciled Cost Of Revenue": 77953000.0,
        "EBITDA": 46401000.0,
        "EBIT": 28327000.0,
        "Net Interest Income": -12136000.0,
        "Interest Expense": 12136000.0,
        "Normalized Income": 4179000.0,
        "Net Income From Continuing And Discontinued Operation": 4179000.0,
        "Total Expenses": 224679000.0,
        "Total Operating Income As Reported": 36969000.0,
        "Diluted Average Shares": NaN,
        "Basic Average Shares": NaN,
        "Diluted EPS": NaN,
        "Basic EPS": NaN,
        "Diluted NI Availto Com Stockholders": 9399000.0,
        "Average Dilution Earnings": 0.0,
        "Net Income Common Stockholders": 9399000.0,
        "Otherunder Preferred Stock Dividend": 259000.0,
        "Net Income": 4179000.0,
        "Minority Interests": -5147000.0,
        "Net Income Including Noncontrolling Interests": 9326000.0,
        "Net Income Continuous Operations": 9326000.0,
        "Tax Provision": 6865000.0,
        "Pretax Income": 16191000.0,
        "Other Income Expense": -8642000.0,
        "Other Non Operating Income Expenses": -8642000.0,
        "Special Income Charges": 0.0,
        "Impairment Of Capital Assets": 0.0,
        "Restructuring And Mergern Acquisition": NaN,
        "Net Non Operating Interest Income Expense": -12136000.0,
        "Total Other Finance Cost": NaN,
        "Interest Expense Non Operating": 12136000.0,
        "Operating Income": 36969000.0,
        "Operating Expense": 146726000.0,
        "Depreciation Amortization Depletion Income Statement": 18074000.0,
        "Depreciation And Amortization In Income Statement": 18074000.0,
        "Research And Development": 24123000.0,
        "Selling General And Administration": 104529000.0,
        "Selling And Marketing Expense": 66444000.0,
        "General And Administrative Expense": 38085000.0,
        "Other Gand A": 38085000.0,
        "Gross Profit": 183695000.0,
        "Cost Of Revenue": 77953000.0,
        "Total Revenue": 261648000.0,
        "Operating Revenue": 261648000.0
    },
    "2025-03-31": {
        "Tax Effect Of Unusual Items": -846023.0,
        "Tax Rate For Calcs": 0.233,
        "Normalized EBITDA": 51104000.0,
        "Total Unusual Items": -3631000.0,
        "Total Unusual Items Excluding Goodwill": -3631000.0,
        "Net Income From Continuing Operation Net Minority Interest": 13444000.0,
        "Reconciled Depreciation": 9585000.0,
        "Reconciled Cost Of Revenue": 73353000.0,
        "EBITDA": 47473000.0,
        "EBIT": 37888000.0,
        "Net Interest Income": -12049000.0,
        "Interest Expense": 12049000.0,
        "Normalized Income": 16228977.0,
        "Net Income From Continuing And Discontinued Operation": 13444000.0,
        "Total Expenses": 198820000.0,
        "Total Operating Income As Reported": 44650000.0,
        "Diluted Average Shares": 105167614.0,
        "Basic Average Shares": 105167614.0,
        "Diluted EPS": 0.13,
        "Basic EPS": 0.13,
        "Diluted NI Availto Com Stockholders": 13334000.0,
        "Average Dilution Earnings": -1000.0,
        "Net Income Common Stockholders": 13443000.0,
        "Otherunder Preferred Stock Dividend": 1000.0,
        "Net Income": 13444000.0,
        "Minority Interests": -6387000.0,
        "Net Income Including Noncontrolling Interests": 19831000.0,
        "Net Income Continuous Operations": 19831000.0,
        "Tax Provision": 6008000.0,
        "Pretax Income": 25839000.0,
        "Other Income Expense": -10393000.0,
        "Other Non Operating Income Expenses": -6762000.0,
        "Special Income Charges": -3631000.0,
        "Impairment Of Capital Assets": 3631000.0,
        "Restructuring And Mergern Acquisition": NaN,
        "Net Non Operating Interest Income Expense": -12049000.0,
        "Total Other Finance Cost": NaN,
        "Interest Expense Non Operating": 12049000.0,
        "Operating Income": 48281000.0,
        "Operating Expense": 125467000.0,
        "Depreciation Amortization Depletion Income Statement": 9585000.0,
        "Depreciation And Amortization In Income Statement": 9585000.0,
        "Research And Development": 34504000.0,
        "Selling General And Administration": 81378000.0,
        "Selling And Marketing Expense": 59734000.0,
        "General And Administrative Expense": 21644000.0,
        "Other Gand A": 21644000.0,
        "Gross Profit": 173748000.0,
        "Cost Of Revenue": 73353000.0,
        "Total Revenue": 247101000.0,
        "Operating Revenue": 247101000.0
    },
    "2025-06-30": {
        "Tax Effect Of Unusual Items": -85019550.0,
        "Tax Rate For Calcs": 0.21,
        "Normalized EBITDA": 61231000.0,
        "Total Unusual Items": -404855000.0,
        "Total Unusual Items Excluding Goodwill": -404855000.0,
        "Net Income From Continuing Operation Net Minority Interest": -253744000.0,
        "Reconciled Depreciation": 6631000.0,
        "Reconciled Cost Of Revenue": 74338000.0,
        "EBITDA": -343624000.0,
        "EBIT": -350255000.0,
        "Net Interest Income": -10259000.0,
        "Interest Expense": 10259000.0,
        "Normalized Income": 66091450.0,
        "Net Income From Continuing And Discontinued Operation": -253744000.0,
        "Total Expenses": 181717000.0,
        "Total Operating Income As Reported": -338343000.0,
        "Diluted Average Shares": 103480019.0,
        "Basic Average Shares": 103480019.0,
        "Diluted EPS": -2.45,
        "Basic EPS": -2.45,
        "Diluted NI Availto Com Stockholders": -253748000.0,
        "Average Dilution Earnings": 0.0,
        "Net Income Common Stockholders": -253748000.0,
        "Otherunder Preferred Stock Dividend": 0.0,
        "Net Income": -253744000.0,
        "Minority Interests": 113239000.0,
        "Net Income Including Noncontrolling Interests": -366983000.0,
        "Net Income Continuous Operations": -366983000.0,
        "Tax Provision": 6469000.0,
        "Pretax Income": -360514000.0,
        "Other Income Expense": -416767000.0,
        "Other Non Operating Income Expenses": -11912000.0,
        "Special Income Charges": -404855000.0,
        "Impairment Of Capital Assets": 404855000.0,
        "Restructuring And Mergern Acquisition": NaN,
        "Net Non Operating Interest Income Expense": -10259000.0,
        "Total Other Finance Cost": NaN,
        "Interest Expense Non Operating": 10259000.0,
        "Operating Income": 66512000.0,
        "Operating Expense": 107379000.0,
        "Depreciation Amortization Depletion Income Statement": 6631000.0,
        "Depreciation And Amortization In Income Statement": 6631000.0,
        "Research And Development": 32510000.0,
        "Selling General And Administration": 68238000.0,
        "Selling And Marketing Expense": 32092000.0,
        "General And Administrative Expense": 36146000.0,
        "Other Gand A": 36146000.0,
        "Gross Profit": 173891000.0,
        "Cost Of Revenue": 74338000.0,
        "Total Revenue": 248229000.0,
        "Operating Revenue": 248229000.0
    },
    "2025-09-30": {
        "Tax Effect Of Unusual Items": 0.0,
        "Tax Rate For Calcs": 0.155368,
        "Normalized EBITDA": 76428000.0,
        "Total Unusual Items": 0.0,
        "Total Unusual Items Excluding Goodwill": 0.0,
        "Net Income From Continuing Operation Net Minority Interest": 37338000.0,
        "Reconciled Depreciation": 4642000.0,
        "Reconciled Cost Of Revenue": 69219000.0,
        "EBITDA": 76428000.0,
        "EBIT": 71786000.0,
        "Net Interest Income": -10641000.0,
        "Interest Expense": 10641000.0,
        "Normalized Income": 37338000.0,
        "Net Income From Continuing And Discontinued Operation": 37338000.0,
        "Total Expenses": 182505000.0,
        "Total Operating Income As Reported": 63658000.0,
        "Diluted Average Shares": 155317915.0,
        "Basic Average Shares": 108584387.0,
        "Diluted EPS": 0.33,
        "Basic EPS": 0.34,
        "Diluted NI Availto Com Stockholders": 51645000.0,
        "Average Dilution Earnings": 15503000.0,
        "Net Income Common Stockholders": 37339000.0,
        "Otherunder Preferred Stock Dividend": 0.0,
        "Net Income": 37338000.0,
        "Minority Interests": -14307000.0,
        "Net Income Including Noncontrolling Interests": 51645000.0,
        "Net Income Continuous Operations": 51645000.0,
        "Tax Provision": 9500000.0,
        "Pretax Income": 61145000.0,
        "Other Income Expense": 8128000.0,
        "Other Non Operating Income Expenses": 8128000.0,
        "Special Income Charges": 0.0,
        "Impairment Of Capital Assets": 0.0,
        "Restructuring And Mergern Acquisition": NaN,
        "Net Non Operating Interest Income Expense": -10641000.0,
        "Total Other Finance Cost": NaN,
        "Interest Expense Non Operating": 10641000.0,
        "Operating Income": 63658000.0,
        "Operating Expense": 113286000.0,
        "Depreciation Amortization Depletion Income Statement": 4642000.0,
        "Depreciation And Amortization In Income Statement": 4642000.0,
        "Research And Development": 29614000.0,
        "Selling General And Administration": 79030000.0,
        "Selling And Marketing Expense": 32760000.0,
        "General And Administrative Expense": 46270000.0,
        "Other Gand A": 46270000.0,
        "Gross Profit": 176944000.0,
        "Cost Of Revenue": 69219000.0,
        "Total Revenue": 246163000.0,
        "Operating Revenue": 246163000.0
    }
}