{
    "2023-06-30": {
        "Tax Effect Of Unusual Items": NaN,
        "Tax Rate For Calcs": NaN,
        "Normalized EBITDA": NaN,
        "Net Income From Continuing Operation Net Minority Interest": NaN,
        "Reconciled Depreciation": NaN,
        "Reconciled Cost Of Revenue": NaN,
        "EBITDA": NaN,
        "EBIT": NaN,
        "Net Interest Income": NaN,
        "Interest Income": NaN,
        "Normalized Income": NaN,
        "Net Income From Continuing And Discontinued Operation": NaN,
        "Total Expenses": NaN,
        "Total Operating Income As Reported": NaN,
        "Diluted Average Shares": NaN,
        "Basic Average Shares": NaN,
        "Diluted EPS": NaN,
        "Basic EPS": NaN,
        "Diluted NI Availto Com Stockholders": NaN,
        "Net Income Common Stockholders": NaN,
        "Net Income": NaN,
        "Net Income Including Noncontrolling Interests": NaN,
        "Net Income Continuous Operations": NaN,
        "Tax Provision": NaN,
        "Pretax Income": NaN,
        "Other Income Expense": NaN,
        "Other Non Operating Income Expenses": NaN,
        "Net Non Operating Interest Income Expense": NaN,
        "Total Other Finance Cost": -827000.0,
        "Interest Income Non Operating": NaN,
        "Operating Income": NaN,
        "Operating Expense": NaN,
        "Selling General And Administration": NaN,
        "General And Administrative Expense": NaN,
        "Other Gand A": NaN,
        "Salaries And Wages": NaN,
        "Gross Profit": NaN,
        "Cost Of Revenue": NaN,
        "Total Revenue": NaN,
        "Operating Revenue": NaN
    },
    "2023-03-31": {
        "Tax Effect Of Unusual Items": NaN,
        "Tax Rate For Calcs": NaN,
        "Normalized EBITDA": NaN,
        "Net Income From Continuing Operation Net Minority Interest": NaN,
        "Reconciled Depreciation": NaN,
        "Reconciled Cost Of Revenue": NaN,
        "EBITDA": NaN,
        "EBIT": NaN,
        "Net Interest Income": NaN,
        "Interest Income": NaN,
        "Normalized Income": NaN,
        "Net Income From Continuing And Discontinued Operation": NaN,
        "Total Expenses": NaN,
        "Total Operating Income As Reported": NaN,
        "Diluted Average Shares": NaN,
        "Basic Average Shares": NaN,
        "Diluted EPS": NaN,
        "Basic EPS": NaN,
        "Diluted NI Availto Com Stockholders": NaN,
        "Net Income Common Stockholders": NaN,
        "Net Income": NaN,
        "Net Income Including Noncontrolling Interests": NaN,
        "Net Income Continuous Operations": NaN,
        "Tax Provision": NaN,
        "Pretax Income": NaN,
        "Net Non Operating Interest Income Expense": NaN,
        "Total Other Finance Cost": -622000.0,
        "Interest Income Non Operating": NaN,
        "Operating Income": NaN,
        "Operating Expense": NaN,
        "Selling General And Administration": NaN,
        "General And Administrative Expense": NaN,
        "Other Gand A": NaN,
        "Salaries And Wages": NaN,
        "Gross Profit": NaN,
        "Cost Of Revenue": NaN,
        "Total Revenue": NaN,
        "Operating Revenue": NaN
    },
    "2022-12-31": {
        "Tax Effect Of Unusual Items": NaN,
        "Tax Rate For Calcs": NaN,
        "Normalized EBITDA": NaN,
        "Net Income From Continuing Operation Net Minority Interest": NaN,
        "Reconciled Depreciation": NaN,
        "Reconciled Cost Of Revenue": NaN,
        "EBITDA": NaN,
        "EBIT": NaN,
        "Net Interest Income": NaN,
        "Interest Income": NaN,
        "Normalized Income": NaN,
        "Net Income From Continuing And Discontinued Operation": NaN,
        "Total Expenses": NaN,
        "Total Operating Income As Reported": NaN,
        "Diluted Average Shares": NaN,
        "Basic Average Shares": NaN,
        "Diluted EPS": NaN,
        "Basic EPS": NaN,
        "Diluted NI Availto Com Stockholders": NaN,
        "Net Income Common Stockholders": NaN,
        "Net Income": NaN,
        "Net Income Including Noncontrolling Interests": NaN,
        "Net Income Continuous Operations": NaN,
        "Tax Provision": NaN,
        "Pretax Income": NaN,
        "Net Non Operating Interest Income Expense": NaN,
        "Total Other Finance Cost": -466000.0,
        "Interest Income Non Operating": NaN,
        "Operating Income": NaN,
        "Operating Expense": NaN,
        "Selling General And Administration": NaN,
        "General And Administrative Expense": NaN,
        "Other Gand A": NaN,
        "Salaries And Wages": NaN,
        "Gross Profit": NaN,
        "Cost Of Revenue": NaN,
        "Total Revenue": NaN,
        "Operating Revenue": NaN
    },
    "2022-09-30": {
        "Tax Effect Of Unusual Items": NaN,
        "Tax Rate For Calcs": NaN,
        "Normalized EBITDA": NaN,
        "Net Income From Continuing Operation Net Minority Interest": NaN,
        "Reconciled Depreciation": NaN,
        "Reconciled Cost Of Revenue": NaN,
        "EBITDA": NaN,
        "EBIT": NaN,
        "Net Interest Income": NaN,
        "Interest Income": 108000.0,
        "Normalized Income": NaN,
        "Net Income From Continuing And Discontinued Operation": NaN,
        "Total Expenses": NaN,
        "Total Operating Income As Reported": NaN,
        "Diluted Average Shares": NaN,
        "Basic Average Shares": NaN,
        "Diluted EPS": NaN,
        "Basic EPS": NaN,
        "Diluted NI Availto Com Stockholders": NaN,
        "Net Income Common Stockholders": NaN,
        "Net Income": NaN,
        "Net Income Including Noncontrolling Interests": NaN,
        "Net Income Continuous Operations": NaN,
        "Tax Provision": NaN,
        "Pretax Income": NaN,
        "Net Non Operating Interest Income Expense": NaN,
        "Total Other Finance Cost": -108000.0,
        "Interest Income Non Operating": 108000.0,
        "Operating Income": NaN,
        "Operating Expense": NaN,
        "Selling General And Administration": NaN,
        "General And Administrative Expense": NaN,
        "Other Gand A": NaN,
        "Salaries And Wages": NaN,
        "Gross Profit": NaN,
        "Cost Of Revenue": NaN,
        "Total Revenue": NaN,
        "Operating Revenue": NaN
    },
    "2022-06-30": {
        "Tax Effect Of Unusual Items": 0.0,
        "Tax Rate For Calcs": 0.244126,
        "Normalized EBITDA": 28734000.0,
        "Net Income From Continuing Operation Net Minority Interest": 16664000.0,
        "Reconciled Depreciation": 6679000.0,
        "Reconciled Cost Of Revenue": 83073000.0,
        "EBITDA": 28734000.0,
        "EBIT": 22055000.0,
        "Net Interest Income": -9000.0,
        "Interest Expense": 9000.0,
        "Interest Income": NaN,
        "Normalized Income": 16664000.0,
        "Net Income From Continuing And Discontinued Operation": 16664000.0,
        "Total Expenses": 115778000.0,
        "Total Operating Income As Reported": 22088000.0,
        "Diluted Average Shares": 29344351.0,
        "Basic Average Shares": 29210444.0,
        "Diluted EPS": 0.57,
        "Basic EPS": 0.57,
        "Diluted NI Availto Com Stockholders": 16664000.0,
        "Net Income Common Stockholders": 16664000.0,
        "Net Income": 16664000.0,
        "Net Income Including Noncontrolling Interests": 16664000.0,
        "Net Income Continuous Operations": 16664000.0,
        "Tax Provision": 5382000.0,
        "Pretax Income": 22046000.0,
        "Other Income Expense": -33000.0,
        "Other Non Operating Income Expenses": -33000.0,
        "Net Non Operating Interest Income Expense": -9000.0,
        "Total Other Finance Cost": 9000.0,
        "Interest Expense Non Operating": 9000.0,
        "Interest Income Non Operating": NaN,
        "Operating Income": 22055000.0,
        "Operating Expense": 32705000.0,
        "Selling General And Administration": 32705000.0,
        "General And Administrative Expense": 32705000.0,
        "Other Gand A": 32672000.0,
        "Salaries And Wages": 33000.0,
        "Gross Profit": 54760000.0,
        "Cost Of Revenue": 83073000.0,
        "Total Revenue": 137833000.0,
        "Operating Revenue": 137833000.0
    },
    "2022-03-31": {
        "Diluted EPS": 0.49,
        "Total Revenue": 132,
        "Gross Profit": 51,
        "Operating Income": 19,
        "EBIT": 26,
        "Net Income": 14
    },
    "2021-12-31": {
        "Diluted EPS": 0.59,
        "Total Revenue": 136,
        "Gross Profit": 55,
        "Operating Income": 23,
        "EBIT": 30,
        "Net Income": 17
    },
    "2021-09-30": {
        "Diluted EPS": 0.54,
        "Total Revenue": 129,
        "Gross Profit": 51,
        "Operating Income": 19,
        "EBIT": 26,
        "Net Income": 16
    },
    "2021-06-30": {
        "Diluted EPS": 0.48,
        "Total Revenue": 123,
        "Gross Profit": 50,
        "Operating Income": 19,
        "EBIT": 26,
        "Net Income": 14
    },
    "2021-03-31": {
        "Diluted EPS": 0.47,
        "Total Revenue": 118,
        "Gross Profit": 49,
        "Operating Income": 18,
        "EBIT": 25,
        "Net Income": 14
    },
    "2020-12-31": {
        "Diluted EPS": 0.44,
        "Total Revenue": 112,
        "Gross Profit": 44,
        "Operating Income": 17,
        "EBIT": 23,
        "Net Income": 13
    },
    "2020-09-30": {
        "Diluted EPS": 0.51,
        "Total Revenue": 114,
        "Gross Profit": 45,
        "Operating Income": 20,
        "EBIT": 26,
        "Net Income": 15
    },
    "2020-06-30": {
        "Diluted EPS": 0.33,
        "Total Revenue": 91,
        "Gross Profit": 36,
        "Operating Income": 13,
        "EBIT": 19,
        "Net Income": 10
    },
    "2020-03-31": {
        "Diluted EPS": 0.41,
        "Total Revenue": 109,
        "Gross Profit": 43,
        "Operating Income": 16,
        "EBIT": 22,
        "Net Income": 12
    },
    "2019-12-31": {
        "Diluted EPS": 0.41,
        "Total Revenue": 108,
        "Gross Profit": 41,
        "Operating Income": 16,
        "EBIT": 22,
        "Net Income": 12
    },
    "2019-09-30": {
        "Diluted EPS": 0.44,
        "Total Revenue": 109,
        "Gross Profit": 42,
        "Operating Income": 16,
        "EBIT": 22,
        "Net Income": 13
    },
    "2019-06-30": {
        "Diluted EPS": 0.39,
        "Total Revenue": 104,
        "Gross Profit": 40,
        "Operating Income": 15,
        "EBIT": 21,
        "Net Income": 11
    },
    "2019-03-31": {
        "Diluted EPS": 0.37,
        "Total Revenue": 105,
        "Gross Profit": 40,
        "Operating Income": 14,
        "EBIT": 21,
        "Net Income": 11
    },
    "2018-12-31": {
        "Diluted EPS": 0.38,
        "Total Revenue": 104,
        "Gross Profit": 40,
        "Operating Income": 15,
        "EBIT": 21,
        "Net Income": 11
    },
    "2018-09-30": {
        "Diluted EPS": 0.1,
        "Total Revenue": 111,
        "Gross Profit": 44,
        "Operating Income": 16,
        "EBIT": 22,
        "Net Income": 3
    },
    "2018-06-30": {
        "Diluted EPS": 0.21,
        "Total Revenue": 114,
        "Gross Profit": 42,
        "Operating Income": 16,
        "EBIT": 22,
        "Net Income": 6
    },
    "2018-03-31": {
        "Diluted EPS": 0.26,
        "Total Revenue": 105,
        "Gross Profit": 37,
        "Operating Income": 10,
        "EBIT": 17,
        "Net Income": 8
    },
    "2017-12-31": {
        "Diluted EPS": 0.26,
        "Total Revenue": 97,
        "Gross Profit": 39,
        "Operating Income": 14,
        "EBIT": 20,
        "Net Income": 7
    },
    "2017-09-30": {
        "Diluted EPS": 0.27,
        "Total Revenue": 100,
        "Gross Profit": 37,
        "Operating Income": 12,
        "EBIT": 18,
        "Net Income": 8
    },
    "2017-06-30": {
        "Diluted EPS": 0.36,
        "Total Revenue": 104,
        "Gross Profit": 41,
        "Operating Income": 17,
        "EBIT": 23,
        "Net Income": 11
    },
    "2017-03-31": {
        "Diluted EPS": 0.3,
        "Total Revenue": 102,
        "Gross Profit": 39,
        "Operating Income": 14,
        "EBIT": 19,
        "Net Income": 9
    },
    "2016-12-31": {
        "Diluted EPS": 0.21,
        "Total Revenue": 93,
        "Gross Profit": 34,
        "Operating Income": 11,
        "EBIT": 16,
        "Net Income": 6
    },
    "2016-09-30": {
        "Diluted EPS": 0.3,
        "Total Revenue": 96,
        "Gross Profit": 39,
        "Operating Income": 14,
        "EBIT": 20,
        "Net Income": 9
    },
    "2016-06-30": {
        "Diluted EPS": 0.32,
        "Total Revenue": 104,
        "Gross Profit": 39,
        "Operating Income": 15,
        "EBIT": 21,
        "Net Income": 9
    },
    "2016-03-31": {
        "Diluted EPS": 0.28,
        "Total Revenue": 101,
        "Gross Profit": 39,
        "Operating Income": 13,
        "EBIT": 18,
        "Net Income": 8
    },
    "2015-12-31": {
        "Diluted EPS": 0.19,
        "Total Revenue": 96,
        "Gross Profit": 34,
        "Operating Income": 10,
        "EBIT": 15,
        "Net Income": 5
    },
    "2015-09-30": {
        "Diluted EPS": 0.29,
        "Total Revenue": 99,
        "Gross Profit": 36,
        "Operating Income": 14,
        "EBIT": 19,
        "Net Income": 8
    },
    "2015-06-30": {
        "Diluted EPS": 0.28,
        "Total Revenue": 99,
        "Gross Profit": 35,
        "Operating Income": 12,
        "EBIT": 18,
        "Net Income": 8
    },
    "2015-03-31": {
        "Diluted EPS": 0.15,
        "Total Revenue": 84,
        "Gross Profit": 30,
        "Operating Income": 7,
        "EBIT": 12,
        "Net Income": 4
    },
    "2014-12-31": {
        "Diluted EPS": 0.21,
        "Total Revenue": 89,
        "Gross Profit": 31,
        "Operating Income": 8,
        "EBIT": 13,
        "Net Income": 6
    },
    "2014-09-30": {
        "Diluted EPS": 0.36,
        "Total Revenue": 96,
        "Gross Profit": 36,
        "Operating Income": 16,
        "EBIT": 19,
        "Net Income": 10
    },
    "2014-06-30": {
        "Diluted EPS": 0.31,
        "Total Revenue": 96,
        "Gross Profit": 35,
        "Operating Income": 14,
        "EBIT": 18,
        "Net Income": 9
    },
    "2014-03-31": {
        "Diluted EPS": 0.16,
        "Total Revenue": 83,
        "Gross Profit": 29,
        "Operating Income": 8,
        "EBIT": 11,
        "Net Income": 5
    },
    "2013-12-31": {
        "Diluted EPS": 0.22,
        "Total Revenue": 81,
        "Gross Profit": 29,
        "Operating Income": 10,
        "EBIT": 14,
        "Net Income": 6
    },
    "2013-09-30": {
        "Diluted EPS": 0.32,
        "Total Revenue": 93,
        "Gross Profit": 33,
        "Operating Income": 14,
        "EBIT": 17,
        "Net Income": 9
    },
    "2013-06-30": {
        "Diluted EPS": 0.22,
        "Total Revenue": 88,
        "Gross Profit": 30,
        "Operating Income": 10,
        "EBIT": 14,
        "Net Income": 6
    },
    "2013-03-31": {
        "Diluted EPS": 0.1,
        "Total Revenue": 72,
        "Gross Profit": 25,
        "Operating Income": 5,
        "EBIT": 8,
        "Net Income": 3
    },
    "2012-12-31": {
        "Diluted EPS": 0.2,
        "Total Revenue": 74,
        "Gross Profit": 29,
        "Operating Income": 9,
        "EBIT": 12,
        "Net Income": 5
    },
    "2012-09-30": {
        "Diluted EPS": 0.31,
        "Total Revenue": 87,
        "Gross Profit": 34,
        "Operating Income": 14,
        "EBIT": 17,
        "Net Income": 9
    },
    "2012-06-30": {
        "Diluted EPS": 0.26,
        "Total Revenue": 82,
        "Gross Profit": 30,
        "Operating Income": 11,
        "EBIT": 14,
        "Net Income": 7
    },
    "2012-03-31": {
        "Diluted EPS": 0.21,
        "Total Revenue": 76,
        "Gross Profit": 29,
        "Operating Income": 10,
        "EBIT": 13,
        "Net Income": 6
    },
    "2011-12-31": {
        "Diluted EPS": 0.04,
        "Total Revenue": 61,
        "Gross Profit": 19,
        "Operating Income": 2,
        "EBIT": 4,
        "Net Income": 1
    },
    "2011-09-30": {
        "Diluted EPS": 0.23,
        "Total Revenue": 70,
        "Gross Profit": 23,
        "Operating Income": 8,
        "EBIT": 10,
        "Net Income": 7
    },
    "2011-06-30": {
        "Diluted EPS": 0.26,
        "Total Revenue": 75,
        "Gross Profit": 27,
        "Operating Income": 12,
        "EBIT": 15,
        "Net Income": 8
    },
    "2011-03-31": {
        "Diluted EPS": 0.11,
        "Total Revenue": 57,
        "Gross Profit": 20,
        "Operating Income": 5,
        "EBIT": 8,
        "Net Income": 3
    },
    "2010-12-31": {
        "Diluted EPS": 0.21,
        "Total Revenue": 65,
        "Gross Profit": 25,
        "Operating Income": 10,
        "EBIT": 12,
        "Net Income": 6
    },
    "2010-09-30": {
        "Diluted EPS": 0.3,
        "Total Revenue": 76,
        "Gross Profit": 28,
        "Operating Income": 13,
        "EBIT": 16,
        "Net Income": 9
    },
    "2010-06-30": {
        "Diluted EPS": 0.27,
        "Total Revenue": 74,
        "Gross Profit": 27,
        "Operating Income": 13,
        "EBIT": 15,
        "Net Income": 8
    },
    "2010-03-31": {
        "Diluted EPS": 0.18,
        "Total Revenue": 62,
        "Gross Profit": 23,
        "Operating Income": 9,
        "EBIT": 11,
        "Net Income": 5
    },
    "2009-12-31": {
        "Diluted EPS": 0.17,
        "Total Revenue": 56,
        "Gross Profit": 21,
        "Operating Income": 7,
        "EBIT": 9,
        "Net Income": 5
    },
    "2009-09-30": {
        "Diluted EPS": 0.48,
        "Total Revenue": 61,
        "Gross Profit": 24,
        "Operating Income": 11,
        "EBIT": 13,
        "Net Income": 14
    },
    "2009-06-30": {
        "Diluted EPS": 0.26,
        "Total Revenue": 68,
        "Gross Profit": 27,
        "Operating Income": 13,
        "EBIT": 15,
        "Net Income": 8
    },
    "2009-03-31": {
        "Diluted EPS": 0.24,
        "Total Revenue": 65,
        "Gross Profit": 26,
        "Operating Income": 11,
        "EBIT": 13,
        "Net Income": 7
    },
    "2023-09-30": {
        "Tax Effect Of Unusual Items": NaN,
        "Tax Rate For Calcs": NaN,
        "Normalized EBITDA": NaN,
        "Net Income From Continuing Operation Net Minority Interest": NaN,
        "Reconciled Depreciation": NaN,
        "Reconciled Cost Of Revenue": NaN,
        "EBITDA": NaN,
        "EBIT": NaN,
        "Net Interest Income": NaN,
        "Interest Income": NaN,
        "Normalized Income": NaN,
        "Net Income From Continuing And Discontinued Operation": NaN,
        "Total Expenses": NaN,
        "Total Operating Income As Reported": NaN,
        "Diluted Average Shares": NaN,
        "Basic Average Shares": NaN,
        "Diluted EPS": NaN,
        "Basic EPS": NaN,
        "Diluted NI Availto Com Stockholders": NaN,
        "Net Income Common Stockholders": NaN,
        "Net Income": NaN,
        "Net Income Including Noncontrolling Interests": NaN,
        "Net Income Continuous Operations": NaN,
        "Tax Provision": NaN,
        "Pretax Income": NaN,
        "Other Income Expense": NaN,
        "Other Non Operating Income Expenses": NaN,
        "Net Non Operating Interest Income Expense": NaN,
        "Interest Income Non Operating": NaN,
        "Operating Income": NaN,
        "Operating Expense": NaN,
        "Selling General And Administration": NaN,
        "General And Administrative Expense": 41333000.0,
        "Other Gand A": 41301000.0,
        "Salaries And Wages": 32000.0,
        "Gross Profit": NaN,
        "Cost Of Revenue": NaN,
        "Total Revenue": NaN,
        "Operating Revenue": NaN
    },
    "2023-12-31": {
        "Tax Effect Of Unusual Items": NaN,
        "Tax Rate For Calcs": NaN,
        "Normalized EBITDA": NaN,
        "Net Income From Continuing Operation Net Minority Interest": NaN,
        "Reconciled Depreciation": NaN,
        "Reconciled Cost Of Revenue": NaN,
        "EBITDA": NaN,
        "EBIT": NaN,
        "Net Interest Income": NaN,
        "Interest Income": NaN,
        "Normalized Income": NaN,
        "Net Income From Continuing And Discontinued Operation": NaN,
        "Total Expenses": NaN,
        "Total Operating Income As Reported": NaN,
        "Diluted Average Shares": NaN,
        "Basic Average Shares": NaN,
        "Diluted EPS": NaN,
        "Basic EPS": NaN,
        "Diluted NI Availto Com Stockholders": NaN,
        "Net Income Common Stockholders": NaN,
        "Net Income": NaN,
        "Net Income Including Noncontrolling Interests": NaN,
        "Net Income Continuous Operations": NaN,
        "Tax Provision": NaN,
        "Pretax Income": NaN,
        "Other Income Expense": NaN,
        "Other Non Operating Income Expenses": NaN,
        "Net Non Operating Interest Income Expense": NaN,
        "Interest Income Non Operating": NaN,
        "Operating Income": NaN,
        "Operating Expense": NaN,
        "Selling General And Administration": NaN,
        "General And Administrative Expense": 39419000.0,
        "Other Gand A": 39386000.0,
        "Salaries And Wages": 33000.0,
        "Gross Profit": NaN,
        "Cost Of Revenue": NaN,
        "Total Revenue": NaN,
        "Operating Revenue": NaN
    },
    "2024-03-31": {
        "Tax Effect Of Unusual Items": NaN,
        "Tax Rate For Calcs": NaN,
        "Normalized EBITDA": NaN,
        "Net Income From Continuing Operation Net Minority Interest": NaN,
        "Reconciled Depreciation": NaN,
        "Reconciled Cost Of Revenue": NaN,
        "EBITDA": NaN,
        "EBIT": NaN,
        "Net Interest Income": NaN,
        "Interest Income": NaN,
        "Normalized Income": NaN,
        "Net Income From Continuing And Discontinued Operation": NaN,
        "Total Expenses": NaN,
        "Total Operating Income As Reported": NaN,
        "Diluted Average Shares": NaN,
        "Basic Average Shares": NaN,
        "Diluted EPS": NaN,
        "Basic EPS": NaN,
        "Diluted NI Availto Com Stockholders": NaN,
        "Net Income Common Stockholders": NaN,
        "Net Income": NaN,
        "Net Income Including Noncontrolling Interests": NaN,
        "Net Income Continuous Operations": NaN,
        "Tax Provision": NaN,
        "Pretax Income": NaN,
        "Other Income Expense": NaN,
        "Other Non Operating Income Expenses": NaN,
        "Net Non Operating Interest Income Expense": NaN,
        "Interest Income Non Operating": NaN,
        "Operating Income": NaN,
        "Operating Expense": NaN,
        "Selling General And Administration": NaN,
        "General And Administrative Expense": 40612000.0,
        "Other Gand A": 40600000.0,
        "Salaries And Wages": 12000.0,
        "Gross Profit": NaN,
        "Cost Of Revenue": NaN,
        "Total Revenue": NaN,
        "Operating Revenue": NaN
    },
    "2024-06-30": {
        "Tax Effect Of Unusual Items": NaN,
        "Tax Rate For Calcs": NaN,
        "Normalized EBITDA": NaN,
        "Net Income From Continuing Operation Net Minority Interest": NaN,
        "Reconciled Depreciation": NaN,
        "Reconciled Cost Of Revenue": NaN,
        "EBITDA": NaN,
        "EBIT": NaN,
        "Net Interest Income": NaN,
        "Interest Income": NaN,
        "Normalized Income": NaN,
        "Net Income From Continuing And Discontinued Operation": NaN,
        "Total Expenses": NaN,
        "Total Operating Income As Reported": NaN,
        "Diluted Average Shares": NaN,
        "Basic Average Shares": NaN,
        "Diluted EPS": NaN,
        "Basic EPS": NaN,
        "Diluted NI Availto Com Stockholders": NaN,
        "Net Income Common Stockholders": NaN,
        "Net Income": NaN,
        "Net Income Including Noncontrolling Interests": NaN,
        "Net Income Continuous Operations": NaN,
        "Tax Provision": NaN,
        "Pretax Income": NaN,
        "Other Income Expense": NaN,
        "Other Non Operating Income Expenses": NaN,
        "Net Non Operating Interest Income Expense": NaN,
        "Interest Income Non Operating": NaN,
        "Operating Income": NaN,
        "Operating Expense": NaN,
        "Selling General And Administration": NaN,
        "General And Administrative Expense": 43868000.0,
        "Other Gand A": 43856000.0,
        "Salaries And Wages": 12000.0,
        "Gross Profit": NaN,
        "Cost Of Revenue": NaN,
        "Total Revenue": NaN,
        "Operating Revenue": NaN
    },
    "2024-09-30": {
        "Tax Effect Of Unusual Items": 0.0,
        "Tax Rate For Calcs": 0.253,
        "Normalized EBITDA": 48639000.0,
        "Net Income From Continuing Operation Net Minority Interest": 32038000.0,
        "Reconciled Depreciation": 8016000.0,
        "Reconciled Cost Of Revenue": 124560000.0,
        "EBITDA": 48639000.0,
        "EBIT": 40623000.0,
        "Net Interest Income": 2301000.0,
        "Interest Income": 2301000.0,
        "Normalized Income": 32038000.0,
        "Net Income From Continuing And Discontinued Operation": 32038000.0,
        "Total Expenses": 167815000.0,
        "Total Operating Income As Reported": 40623000.0,
        "Diluted Average Shares": 29547928.0,
        "Basic Average Shares": 29369923.0,
        "Diluted EPS": 1.08,
        "Basic EPS": 1.09,
        "Diluted NI Availto Com Stockholders": 32038000.0,
        "Net Income Common Stockholders": 32038000.0,
        "Net Income": 32038000.0,
        "Net Income Including Noncontrolling Interests": 32038000.0,
        "Net Income Continuous Operations": 32038000.0,
        "Tax Provision": 10873000.0,
        "Pretax Income": 42911000.0,
        "Other Income Expense": -13000.0,
        "Other Non Operating Income Expenses": -13000.0,
        "Net Non Operating Interest Income Expense": 2301000.0,
        "Interest Income Non Operating": 2301000.0,
        "Operating Income": 40623000.0,
        "Operating Expense": 43255000.0,
        "Selling General And Administration": 43255000.0,
        "General And Administrative Expense": 43268000.0,
        "Other Gand A": 43255000.0,
        "Salaries And Wages": 13000.0,
        "Gross Profit": 83878000.0,
        "Cost Of Revenue": 124560000.0,
        "Total Revenue": 208438000.0,
        "Operating Revenue": 208438000.0
    },
    "2024-12-31": {
        "Tax Effect Of Unusual Items": 0.0,
        "Tax Rate For Calcs": 0.270986,
        "Normalized EBITDA": 47291000.0,
        "Net Income From Continuing Operation Net Minority Interest": 30717000.0,
        "Reconciled Depreciation": 8068000.0,
        "Reconciled Cost Of Revenue": 122422000.0,
        "EBITDA": 47291000.0,
        "EBIT": 39223000.0,
        "Net Interest Income": 2924000.0,
        "Interest Income": 2924000.0,
        "Normalized Income": 30717000.0,
        "Net Income From Continuing And Discontinued Operation": 30717000.0,
        "Total Expenses": 165959000.0,
        "Total Operating Income As Reported": 39223000.0,
        "Diluted Average Shares": 29559950.0,
        "Basic Average Shares": 29368656.0,
        "Diluted EPS": 1.04,
        "Basic EPS": 1.05,
        "Diluted NI Availto Com Stockholders": 30717000.0,
        "Net Income Common Stockholders": 30717000.0,
        "Net Income": 30717000.0,
        "Net Income Including Noncontrolling Interests": 30717000.0,
        "Net Income Continuous Operations": 30717000.0,
        "Tax Provision": 11418000.0,
        "Pretax Income": 42135000.0,
        "Other Income Expense": -12000.0,
        "Other Non Operating Income Expenses": -12000.0,
        "Net Non Operating Interest Income Expense": 2924000.0,
        "Interest Income Non Operating": 2924000.0,
        "Operating Income": 39223000.0,
        "Operating Expense": 43537000.0,
        "Selling General And Administration": 43537000.0,
        "General And Administrative Expense": NaN,
        "Other Gand A": NaN,
        "Salaries And Wages": NaN,
        "Gross Profit": 82760000.0,
        "Cost Of Revenue": 122422000.0,
        "Total Revenue": 205182000.0,
        "Operating Revenue": 205182000.0
    },
    "2025-03-31": {
        "Tax Effect Of Unusual Items": 0.0,
        "Tax Rate For Calcs": 0.244,
        "Normalized EBITDA": 57707000.0,
        "Net Income From Continuing Operation Net Minority Interest": 38398000.0,
        "Reconciled Depreciation": 8282000.0,
        "Reconciled Cost Of Revenue": 126774000.0,
        "EBITDA": 57707000.0,
        "EBIT": 49425000.0,
        "Net Interest Income": 1334000.0,
        "Interest Income": 1334000.0,
        "Normalized Income": 38398000.0,
        "Net Income From Continuing And Discontinued Operation": 38398000.0,
        "Total Expenses": 172786000.0,
        "Total Operating Income As Reported": 49425000.0,
        "Diluted Average Shares": 29564797.0,
        "Basic Average Shares": 29378491.0,
        "Diluted EPS": 1.3,
        "Basic EPS": 1.31,
        "Diluted NI Availto Com Stockholders": 38398000.0,
        "Net Income Common Stockholders": 38398000.0,
        "Net Income": 38398000.0,
        "Net Income Including Noncontrolling Interests": 38398000.0,
        "Net Income Continuous Operations": 38398000.0,
        "Tax Provision": 12389000.0,
        "Pretax Income": 50787000.0,
        "Other Income Expense": 28000.0,
        "Other Non Operating Income Expenses": 28000.0,
        "Net Non Operating Interest Income Expense": 1334000.0,
        "Interest Income Non Operating": 1334000.0,
        "Operating Income": 49425000.0,
        "Operating Expense": 46012000.0,
        "Selling General And Administration": 46012000.0,
        "General And Administrative Expense": NaN,
        "Other Gand A": NaN,
        "Salaries And Wages": NaN,
        "Gross Profit": 95437000.0,
        "Cost Of Revenue": 126774000.0,
        "Total Revenue": 222211000.0,
        "Operating Revenue": 222211000.0
    },
    "2025-06-30": {
        "Tax Effect Of Unusual Items": 0.0,
        "Tax Rate For Calcs": 0.245,
        "Normalized EBITDA": 53658000.0,
        "Net Income From Continuing Operation Net Minority Interest": 34584000.0,
        "Reconciled Depreciation": 8795000.0,
        "Reconciled Cost Of Revenue": 140285000.0,
        "EBITDA": 53658000.0,
        "EBIT": 44863000.0,
        "Net Interest Income": 895000.0,
        "Interest Income": 895000.0,
        "Normalized Income": 34584000.0,
        "Net Income From Continuing And Discontinued Operation": 34584000.0,
        "Total Expenses": 193232000.0,
        "Total Operating Income As Reported": 44863000.0,
        "Diluted Average Shares": 29585340.0,
        "Basic Average Shares": 29414457.0,
        "Diluted EPS": 1.17,
        "Basic EPS": 1.18,
        "Diluted NI Availto Com Stockholders": 34584000.0,
        "Net Income Common Stockholders": 34584000.0,
        "Net Income": 34584000.0,
        "Net Income Including Noncontrolling Interests": 34584000.0,
        "Net Income Continuous Operations": 34584000.0,
        "Tax Provision": 11202000.0,
        "Pretax Income": 45786000.0,
        "Other Income Expense": 28000.0,
        "Other Non Operating Income Expenses": 28000.0,
        "Net Non Operating Interest Income Expense": 895000.0,
        "Interest Income Non Operating": 895000.0,
        "Operating Income": 44863000.0,
        "Operating Expense": 52947000.0,
        "Selling General And Administration": 52947000.0,
        "General And Administrative Expense": NaN,
        "Other Gand A": NaN,
        "Salaries And Wages": NaN,
        "Gross Profit": 97810000.0,
        "Cost Of Revenue": 140285000.0,
        "Total Revenue": 238095000.0,
        "Operating Revenue": 238095000.0
    },
    "2025-09-30": {
        "Tax Effect Of Unusual Items": 0.0,
        "Tax Rate For Calcs": 0.261,
        "Normalized EBITDA": 54791000.0,
        "Net Income From Continuing Operation Net Minority Interest": 35077000.0,
        "Reconciled Depreciation": 8707000.0,
        "Reconciled Cost Of Revenue": 139815000.0,
        "EBITDA": 54791000.0,
        "EBIT": 46084000.0,
        "Net Interest Income": 1330000.0,
        "Interest Income": 1330000.0,
        "Normalized Income": 35077000.0,
        "Net Income From Continuing And Discontinued Operation": 35077000.0,
        "Total Expenses": 189567000.0,
        "Total Operating Income As Reported": 46084000.0,
        "Diluted Average Shares": 29583384.0,
        "Basic Average Shares": 29424004.0,
        "Diluted EPS": 1.19,
        "Basic EPS": 1.19,
        "Diluted NI Availto Com Stockholders": 35077000.0,
        "Net Income Common Stockholders": 35077000.0,
        "Net Income": 35077000.0,
        "Net Income Including Noncontrolling Interests": 35077000.0,
        "Net Income Continuous Operations": 35077000.0,
        "Tax Provision": 12365000.0,
        "Pretax Income": 47442000.0,
        "Other Income Expense": 28000.0,
        "Other Non Operating Income Expenses": 28000.0,
        "Net Non Operating Interest Income Expense": 1330000.0,
        "Interest Income Non Operating": 1330000.0,
        "Operating Income": 46084000.0,
        "Operating Expense": 49752000.0,
        "Selling General And Administration": 49752000.0,
        "General And Administrative Expense": NaN,
        "Other Gand A": NaN,
        "Salaries And Wages": NaN,
        "Gross Profit": 95836000.0,
        "Cost Of Revenue": 139815000.0,
        "Total Revenue": 235651000.0,
        "Operating Revenue": 235651000.0
    }
}