{
    "2023-06-30": {
        "Tax Effect Of Unusual Items": NaN,
        "Tax Rate For Calcs": NaN,
        "Total Unusual Items": -638000.0,
        "Total Unusual Items Excluding Goodwill": -638000.0,
        "Net Income From Continuing Operation Net Minority Interest": NaN,
        "Reconciled Depreciation": NaN,
        "Net Interest Income": NaN,
        "Interest Expense": NaN,
        "Interest Income": NaN,
        "Normalized Income": NaN,
        "Net Income From Continuing And Discontinued Operation": NaN,
        "Diluted Average Shares": NaN,
        "Basic Average Shares": NaN,
        "Diluted EPS": NaN,
        "Basic EPS": NaN,
        "Diluted NI Availto Com Stockholders": NaN,
        "Net Income Common Stockholders": NaN,
        "Net Income": NaN,
        "Net Income Including Noncontrolling Interests": NaN,
        "Net Income Continuous Operations": NaN,
        "Tax Provision": NaN,
        "Pretax Income": NaN,
        "Special Income Charges": -638000.0,
        "Other Special Charges": 638000.0,
        "Gain On Sale Of Security": NaN,
        "Depreciation Amortization Depletion Income Statement": NaN,
        "Depreciation And Amortization In Income Statement": NaN,
        "Amortization": NaN,
        "Amortization Of Intangibles Income Statement": NaN,
        "Depreciation Income Statement": NaN,
        "Selling General And Administration": NaN,
        "Selling And Marketing Expense": NaN,
        "General And Administrative Expense": NaN,
        "Other Gand A": 357000.0,
        "Insurance And Claims": NaN,
        "Salaries And Wages": NaN,
        "Total Revenue": NaN,
        "Operating Revenue": NaN,
        "Occupancy And Equipment": NaN,
        "Professional Expense And Contract Services Expense": NaN,
        "Other Non Interest Expense": NaN
    },
    "2023-03-31": {
        "Tax Effect Of Unusual Items": NaN,
        "Tax Rate For Calcs": NaN,
        "Total Unusual Items": -49000.0,
        "Total Unusual Items Excluding Goodwill": -49000.0,
        "Net Income From Continuing Operation Net Minority Interest": NaN,
        "Reconciled Depreciation": NaN,
        "Net Interest Income": NaN,
        "Interest Expense": NaN,
        "Interest Income": NaN,
        "Normalized Income": NaN,
        "Net Income From Continuing And Discontinued Operation": NaN,
        "Diluted Average Shares": NaN,
        "Basic Average Shares": NaN,
        "Diluted EPS": NaN,
        "Basic EPS": NaN,
        "Diluted NI Availto Com Stockholders": NaN,
        "Net Income Common Stockholders": NaN,
        "Net Income": NaN,
        "Net Income Including Noncontrolling Interests": NaN,
        "Net Income Continuous Operations": NaN,
        "Tax Provision": NaN,
        "Pretax Income": NaN,
        "Special Income Charges": -49000.0,
        "Other Special Charges": 49000.0,
        "Gain On Sale Of Security": NaN,
        "Depreciation Amortization Depletion Income Statement": NaN,
        "Depreciation And Amortization In Income Statement": NaN,
        "Amortization": NaN,
        "Amortization Of Intangibles Income Statement": NaN,
        "Depreciation Income Statement": NaN,
        "Selling General And Administration": NaN,
        "Selling And Marketing Expense": NaN,
        "General And Administrative Expense": NaN,
        "Other Gand A": 370000.0,
        "Insurance And Claims": NaN,
        "Salaries And Wages": NaN,
        "Total Revenue": NaN,
        "Operating Revenue": NaN,
        "Occupancy And Equipment": NaN,
        "Professional Expense And Contract Services Expense": NaN,
        "Other Non Interest Expense": NaN
    },
    "2022-12-31": {
        "Tax Effect Of Unusual Items": NaN,
        "Tax Rate For Calcs": NaN,
        "Total Unusual Items": -104000.0,
        "Total Unusual Items Excluding Goodwill": -104000.0,
        "Net Income From Continuing Operation Net Minority Interest": NaN,
        "Reconciled Depreciation": NaN,
        "Net Interest Income": NaN,
        "Interest Expense": NaN,
        "Interest Income": NaN,
        "Normalized Income": NaN,
        "Net Income From Continuing And Discontinued Operation": NaN,
        "Diluted Average Shares": NaN,
        "Basic Average Shares": NaN,
        "Diluted EPS": NaN,
        "Basic EPS": NaN,
        "Diluted NI Availto Com Stockholders": NaN,
        "Net Income Common Stockholders": NaN,
        "Net Income": NaN,
        "Net Income Including Noncontrolling Interests": NaN,
        "Net Income Continuous Operations": NaN,
        "Tax Provision": NaN,
        "Pretax Income": NaN,
        "Special Income Charges": -104000.0,
        "Other Special Charges": 104000.0,
        "Gain On Sale Of Security": NaN,
        "Depreciation Amortization Depletion Income Statement": NaN,
        "Depreciation And Amortization In Income Statement": NaN,
        "Amortization": NaN,
        "Amortization Of Intangibles Income Statement": NaN,
        "Depreciation Income Statement": NaN,
        "Selling General And Administration": NaN,
        "Selling And Marketing Expense": NaN,
        "General And Administrative Expense": NaN,
        "Other Gand A": NaN,
        "Insurance And Claims": NaN,
        "Salaries And Wages": NaN,
        "Total Revenue": NaN,
        "Operating Revenue": NaN,
        "Occupancy And Equipment": NaN,
        "Professional Expense And Contract Services Expense": NaN,
        "Other Non Interest Expense": NaN
    },
    "2022-09-30": {
        "Tax Effect Of Unusual Items": NaN,
        "Tax Rate For Calcs": NaN,
        "Total Unusual Items": -49000.0,
        "Total Unusual Items Excluding Goodwill": -49000.0,
        "Net Income From Continuing Operation Net Minority Interest": NaN,
        "Reconciled Depreciation": NaN,
        "Net Interest Income": NaN,
        "Interest Expense": NaN,
        "Interest Income": NaN,
        "Normalized Income": NaN,
        "Net Income From Continuing And Discontinued Operation": NaN,
        "Diluted Average Shares": NaN,
        "Basic Average Shares": NaN,
        "Diluted EPS": NaN,
        "Basic EPS": NaN,
        "Diluted NI Availto Com Stockholders": NaN,
        "Net Income Common Stockholders": NaN,
        "Net Income": NaN,
        "Net Income Including Noncontrolling Interests": NaN,
        "Net Income Continuous Operations": NaN,
        "Tax Provision": NaN,
        "Pretax Income": NaN,
        "Special Income Charges": -49000.0,
        "Other Special Charges": 49000.0,
        "Gain On Sale Of Security": NaN,
        "Depreciation Amortization Depletion Income Statement": NaN,
        "Depreciation And Amortization In Income Statement": NaN,
        "Amortization": NaN,
        "Amortization Of Intangibles Income Statement": NaN,
        "Depreciation Income Statement": NaN,
        "Selling General And Administration": NaN,
        "Selling And Marketing Expense": NaN,
        "General And Administrative Expense": NaN,
        "Other Gand A": 1666000.0,
        "Insurance And Claims": NaN,
        "Salaries And Wages": NaN,
        "Total Revenue": NaN,
        "Operating Revenue": NaN
    },
    "2022-06-30": {
        "Tax Effect Of Unusual Items": -134495.172781,
        "Tax Rate For Calcs": 0.2632,
        "Total Unusual Items": -511000.0,
        "Total Unusual Items Excluding Goodwill": -511000.0,
        "Net Income From Continuing Operation Net Minority Interest": 11066000.0,
        "Reconciled Depreciation": 767000.0,
        "Net Interest Income": 31197000.0,
        "Interest Expense": 590000.0,
        "Interest Income": 31787000.0,
        "Normalized Income": 11442504.827219,
        "Net Income From Continuing And Discontinued Operation": 11066000.0,
        "Diluted Average Shares": 15955000.0,
        "Basic Average Shares": 15921000.0,
        "Diluted EPS": 0.69,
        "Basic EPS": 0.7,
        "Diluted NI Availto Com Stockholders": 11066000.0,
        "Net Income Common Stockholders": 11066000.0,
        "Net Income": 11066000.0,
        "Net Income Including Noncontrolling Interests": 11066000.0,
        "Net Income Continuous Operations": 11066000.0,
        "Tax Provision": 3953000.0,
        "Pretax Income": 15019000.0,
        "Special Income Charges": -511000.0,
        "Other Special Charges": 511000.0,
        "Gain On Sale Of Security": 0.0,
        "Depreciation Amortization Depletion Income Statement": 767000.0,
        "Depreciation And Amortization In Income Statement": 767000.0,
        "Amortization": 374000.0,
        "Amortization Of Intangibles Income Statement": 374000.0,
        "Depreciation Income Statement": 393000.0,
        "Selling General And Administration": 12598000.0,
        "Selling And Marketing Expense": 221000.0,
        "General And Administrative Expense": 12598000.0,
        "Other Gand A": 1667000.0,
        "Insurance And Claims": 296000.0,
        "Salaries And Wages": 10635000.0,
        "Total Revenue": 33925000.0,
        "Operating Revenue": 33925000.0
    },
    "2022-03-31": {
        "Diluted EPS": 0.66,
        "Total Revenue": 33,
        "Gross Profit": 33,
        "Operating Income": 14,
        "EBIT": NaN,
        "Net Income": 10
    },
    "2021-12-31": {
        "Diluted EPS": 0.61,
        "Total Revenue": 34,
        "Gross Profit": 33,
        "Operating Income": 14,
        "EBIT": NaN,
        "Net Income": 10
    },
    "2021-09-30": {
        "Diluted EPS": 0.35,
        "Total Revenue": 32,
        "Gross Profit": 31,
        "Operating Income": 7,
        "EBIT": NaN,
        "Net Income": 5
    },
    "2021-06-30": {
        "Diluted EPS": 0.71,
        "Total Revenue": 27,
        "Gross Profit": 27,
        "Operating Income": 13,
        "EBIT": NaN,
        "Net Income": 9
    },
    "2021-03-31": {
        "Diluted EPS": 0.66,
        "Total Revenue": 26,
        "Gross Profit": 24,
        "Operating Income": 12,
        "EBIT": NaN,
        "Net Income": 9
    },
    "2020-12-31": {
        "Diluted EPS": 0.59,
        "Total Revenue": 26,
        "Gross Profit": 25,
        "Operating Income": 11,
        "EBIT": NaN,
        "Net Income": 8
    },
    "2020-09-30": {
        "Diluted EPS": 0.55,
        "Total Revenue": 27,
        "Gross Profit": 26,
        "Operating Income": 10,
        "EBIT": NaN,
        "Net Income": 7
    },
    "2020-06-30": {
        "Diluted EPS": 0.55,
        "Total Revenue": 27,
        "Gross Profit": 26,
        "Operating Income": 10,
        "EBIT": NaN,
        "Net Income": 7
    },
    "2020-03-31": {
        "Diluted EPS": 0.53,
        "Total Revenue": 29,
        "Gross Profit": 27,
        "Operating Income": 10,
        "EBIT": NaN,
        "Net Income": 7
    },
    "2019-12-31": {
        "Diluted EPS": 0.65,
        "Total Revenue": 28,
        "Gross Profit": 26,
        "Operating Income": 12,
        "EBIT": NaN,
        "Net Income": 9
    },
    "2019-09-30": {
        "Diluted EPS": 0.69,
        "Total Revenue": 28,
        "Gross Profit": 27,
        "Operating Income": 12,
        "EBIT": NaN,
        "Net Income": 9
    },
    "2019-06-30": {
        "Diluted EPS": 0.6,
        "Total Revenue": 27,
        "Gross Profit": 26,
        "Operating Income": 11,
        "EBIT": NaN,
        "Net Income": 8
    },
    "2019-03-31": {
        "Diluted EPS": 0.54,
        "Total Revenue": 27,
        "Gross Profit": 26,
        "Operating Income": 10,
        "EBIT": NaN,
        "Net Income": 7
    },
    "2018-12-31": {
        "Diluted EPS": 0.69,
        "Total Revenue": 28,
        "Gross Profit": 27,
        "Operating Income": 13,
        "EBIT": NaN,
        "Net Income": 10
    },
    "2018-09-30": {
        "Diluted EPS": 0.62,
        "Total Revenue": 26,
        "Gross Profit": 26,
        "Operating Income": 12,
        "EBIT": NaN,
        "Net Income": 9
    },
    "2018-06-30": {
        "Diluted EPS": 0.56,
        "Total Revenue": 26,
        "Gross Profit": 25,
        "Operating Income": 11,
        "EBIT": NaN,
        "Net Income": 8
    },
    "2018-03-31": {
        "Diluted EPS": 0.46,
        "Total Revenue": 25,
        "Gross Profit": 24,
        "Operating Income": 8,
        "EBIT": NaN,
        "Net Income": 6
    },
    "2017-12-31": {
        "Diluted EPS": 0.07,
        "Total Revenue": 23,
        "Gross Profit": 22,
        "Operating Income": 7,
        "EBIT": NaN,
        "Net Income": 1
    },
    "2017-09-30": {
        "Diluted EPS": 0.42,
        "Total Revenue": 21,
        "Gross Profit": 21,
        "Operating Income": 8,
        "EBIT": NaN,
        "Net Income": 5
    },
    "2017-06-30": {
        "Diluted EPS": 0.42,
        "Total Revenue": 21,
        "Gross Profit": 20,
        "Operating Income": 8,
        "EBIT": NaN,
        "Net Income": 5
    },
    "2017-03-31": {
        "Diluted EPS": 0.37,
        "Total Revenue": 20,
        "Gross Profit": 20,
        "Operating Income": 7,
        "EBIT": NaN,
        "Net Income": 5
    },
    "2016-12-31": {
        "Diluted EPS": 0.46,
        "Total Revenue": 21,
        "Gross Profit": 20,
        "Operating Income": 9,
        "EBIT": NaN,
        "Net Income": 6
    },
    "2016-09-30": {
        "Diluted EPS": 0.57,
        "Total Revenue": 22,
        "Gross Profit": 21,
        "Operating Income": 11,
        "EBIT": NaN,
        "Net Income": 7
    },
    "2016-06-30": {
        "Diluted EPS": 0.4,
        "Total Revenue": 20,
        "Gross Profit": 20,
        "Operating Income": 8,
        "EBIT": NaN,
        "Net Income": 5
    },
    "2016-03-31": {
        "Diluted EPS": 0.47,
        "Total Revenue": 21,
        "Gross Profit": 21,
        "Operating Income": 9,
        "EBIT": NaN,
        "Net Income": 6
    },
    "2015-12-31": {
        "Diluted EPS": 0.4,
        "Total Revenue": 20,
        "Gross Profit": 19,
        "Operating Income": 8,
        "EBIT": NaN,
        "Net Income": 5
    },
    "2015-09-30": {
        "Diluted EPS": 0.4,
        "Total Revenue": 20,
        "Gross Profit": 19,
        "Operating Income": 8,
        "EBIT": NaN,
        "Net Income": 5
    },
    "2015-06-30": {
        "Diluted EPS": 0.36,
        "Total Revenue": 20,
        "Gross Profit": 19,
        "Operating Income": 7,
        "EBIT": NaN,
        "Net Income": 4
    },
    "2015-03-31": {
        "Diluted EPS": 0.37,
        "Total Revenue": 19,
        "Gross Profit": 19,
        "Operating Income": 7,
        "EBIT": NaN,
        "Net Income": 4
    },
    "2014-12-31": {
        "Diluted EPS": 0.39,
        "Total Revenue": 20,
        "Gross Profit": 19,
        "Operating Income": 8,
        "EBIT": NaN,
        "Net Income": 5
    },
    "2014-09-30": {
        "Diluted EPS": 0.45,
        "Total Revenue": 20,
        "Gross Profit": 20,
        "Operating Income": 8,
        "EBIT": NaN,
        "Net Income": 5
    },
    "2014-06-30": {
        "Diluted EPS": 0.43,
        "Total Revenue": 21,
        "Gross Profit": 20,
        "Operating Income": 8,
        "EBIT": NaN,
        "Net Income": 5
    },
    "2014-03-31": {
        "Diluted EPS": 0.38,
        "Total Revenue": 21,
        "Gross Profit": 20,
        "Operating Income": 7,
        "EBIT": NaN,
        "Net Income": 5
    },
    "2013-12-31": {
        "Diluted EPS": 0.21,
        "Total Revenue": 18,
        "Gross Profit": 18,
        "Operating Income": 4,
        "EBIT": NaN,
        "Net Income": 2
    },
    "2013-09-30": {
        "Diluted EPS": 0.36,
        "Total Revenue": 16,
        "Gross Profit": 16,
        "Operating Income": 6,
        "EBIT": NaN,
        "Net Income": 4
    },
    "2013-06-30": {
        "Diluted EPS": 0.28,
        "Total Revenue": 17,
        "Gross Profit": 16,
        "Operating Income": 5,
        "EBIT": NaN,
        "Net Income": 3
    },
    "2013-03-31": {
        "Diluted EPS": 0.45,
        "Total Revenue": 17,
        "Gross Profit": 17,
        "Operating Income": 7,
        "EBIT": NaN,
        "Net Income": 5
    },
    "2012-12-31": {
        "Diluted EPS": 0.43,
        "Total Revenue": 18,
        "Gross Profit": 18,
        "Operating Income": 7,
        "EBIT": NaN,
        "Net Income": 5
    },
    "2012-09-30": {
        "Diluted EPS": 0.3,
        "Total Revenue": 17,
        "Gross Profit": 17,
        "Operating Income": 5,
        "EBIT": NaN,
        "Net Income": 3
    },
    "2012-06-30": {
        "Diluted EPS": 0.46,
        "Total Revenue": 19,
        "Gross Profit": 18,
        "Operating Income": 8,
        "EBIT": NaN,
        "Net Income": 5
    },
    "2012-03-31": {
        "Diluted EPS": 0.46,
        "Total Revenue": 19,
        "Gross Profit": 18,
        "Operating Income": 8,
        "EBIT": NaN,
        "Net Income": 5
    },
    "2011-12-31": {
        "Diluted EPS": 0.32,
        "Total Revenue": 18,
        "Gross Profit": 17,
        "Operating Income": 5,
        "EBIT": NaN,
        "Net Income": 3
    },
    "2011-09-30": {
        "Diluted EPS": 0.4,
        "Total Revenue": 19,
        "Gross Profit": 17,
        "Operating Income": 7,
        "EBIT": NaN,
        "Net Income": 4
    },
    "2011-06-30": {
        "Diluted EPS": 0.32,
        "Total Revenue": 20,
        "Gross Profit": 19,
        "Operating Income": 6,
        "EBIT": NaN,
        "Net Income": 3
    },
    "2011-03-31": {
        "Diluted EPS": 0.42,
        "Total Revenue": 19,
        "Gross Profit": 17,
        "Operating Income": 7,
        "EBIT": NaN,
        "Net Income": 5
    },
    "2010-12-31": {
        "Diluted EPS": 0.37,
        "Total Revenue": 17,
        "Gross Profit": 15,
        "Operating Income": 6,
        "EBIT": NaN,
        "Net Income": 4
    },
    "2010-09-30": {
        "Diluted EPS": 0.32,
        "Total Revenue": 17,
        "Gross Profit": 15,
        "Operating Income": 5,
        "EBIT": NaN,
        "Net Income": 3
    },
    "2010-06-30": {
        "Diluted EPS": 0.32,
        "Total Revenue": 17,
        "Gross Profit": 15,
        "Operating Income": 5,
        "EBIT": NaN,
        "Net Income": 3
    },
    "2010-03-31": {
        "Diluted EPS": 0.28,
        "Total Revenue": 16,
        "Gross Profit": 14,
        "Operating Income": 5,
        "EBIT": NaN,
        "Net Income": 3
    },
    "2009-12-31": {
        "Diluted EPS": 0.27,
        "Total Revenue": 17,
        "Gross Profit": 15,
        "Operating Income": 4,
        "EBIT": NaN,
        "Net Income": 3
    },
    "2009-09-30": {
        "Diluted EPS": 0.34,
        "Total Revenue": 16,
        "Gross Profit": 15,
        "Operating Income": 6,
        "EBIT": NaN,
        "Net Income": 4
    },
    "2009-06-30": {
        "Diluted EPS": 0.3,
        "Total Revenue": 16,
        "Gross Profit": 14,
        "Operating Income": 5,
        "EBIT": NaN,
        "Net Income": 3
    },
    "2009-03-31": {
        "Diluted EPS": 0.19,
        "Total Revenue": 16,
        "Gross Profit": 14,
        "Operating Income": 5,
        "EBIT": NaN,
        "Net Income": 2
    },
    "2023-09-30": {
        "Tax Effect Of Unusual Items": NaN,
        "Tax Rate For Calcs": NaN,
        "Net Income From Continuing Operation Net Minority Interest": NaN,
        "Reconciled Depreciation": NaN,
        "Net Interest Income": NaN,
        "Interest Expense": NaN,
        "Interest Income": NaN,
        "Normalized Income": NaN,
        "Net Income From Continuing And Discontinued Operation": NaN,
        "Diluted Average Shares": 16036000.0,
        "Basic Average Shares": 16028000.0,
        "Diluted EPS": 0.33,
        "Basic EPS": 0.33,
        "Diluted NI Availto Com Stockholders": NaN,
        "Net Income Common Stockholders": NaN,
        "Net Income": NaN,
        "Net Income Including Noncontrolling Interests": NaN,
        "Net Income Continuous Operations": NaN,
        "Tax Provision": NaN,
        "Pretax Income": NaN,
        "Gain On Sale Of Security": NaN,
        "Depreciation Amortization Depletion Income Statement": NaN,
        "Depreciation And Amortization In Income Statement": NaN,
        "Amortization": NaN,
        "Amortization Of Intangibles Income Statement": NaN,
        "Depreciation Income Statement": NaN,
        "Selling General And Administration": NaN,
        "Selling And Marketing Expense": NaN,
        "General And Administrative Expense": NaN,
        "Insurance And Claims": NaN,
        "Salaries And Wages": NaN,
        "Total Revenue": NaN,
        "Operating Revenue": NaN,
        "Occupancy And Equipment": NaN,
        "Professional Expense And Contract Services Expense": NaN,
        "Other Non Interest Expense": NaN
    },
    "2023-12-31": {
        "Tax Effect Of Unusual Items": 0.0,
        "Tax Rate For Calcs": 0.21,
        "Net Income From Continuing Operation Net Minority Interest": 610000.0,
        "Reconciled Depreciation": 723000.0,
        "Net Interest Income": 24264000.0,
        "Interest Expense": 11159000.0,
        "Interest Income": 35423000.0,
        "Normalized Income": 610000.0,
        "Net Income From Continuing And Discontinued Operation": 610000.0,
        "Diluted Average Shares": 16052000.0,
        "Basic Average Shares": 16040000.0,
        "Diluted EPS": 0.04,
        "Basic EPS": 0.04,
        "Diluted NI Availto Com Stockholders": 610000.0,
        "Net Income Common Stockholders": 610000.0,
        "Net Income": 610000.0,
        "Net Income Including Noncontrolling Interests": 610000.0,
        "Net Income Continuous Operations": 610000.0,
        "Tax Provision": -218000.0,
        "Pretax Income": 392000.0,
        "Gain On Sale Of Security": -5907000.0,
        "Depreciation Amortization Depletion Income Statement": 723000.0,
        "Depreciation And Amortization In Income Statement": 723000.0,
        "Amortization": 330000.0,
        "Amortization Of Intangibles Income Statement": 330000.0,
        "Depreciation Income Statement": 393000.0,
        "Selling General And Administration": 11481000.0,
        "Selling And Marketing Expense": 347000.0,
        "General And Administrative Expense": 11134000.0,
        "Insurance And Claims": 454000.0,
        "Salaries And Wages": 10680000.0,
        "Total Revenue": 18198000.0,
        "Operating Revenue": 18198000.0,
        "Occupancy And Equipment": 1939000.0,
        "Professional Expense And Contract Services Expense": 921000.0,
        "Other Non Interest Expense": 1442000.0
    },
    "2024-03-31": {
        "Tax Effect Of Unusual Items": 0.0,
        "Tax Rate For Calcs": 0.378,
        "Net Income From Continuing Operation Net Minority Interest": 2922000.0,
        "Reconciled Depreciation": 639000.0,
        "Net Interest Income": 22694000.0,
        "Interest Expense": 11452000.0,
        "Interest Income": 34146000.0,
        "Normalized Income": 2922000.0,
        "Net Income From Continuing And Discontinued Operation": 2922000.0,
        "Diluted Average Shares": 16092000.0,
        "Basic Average Shares": 16081000.0,
        "Diluted EPS": 0.18,
        "Basic EPS": 0.18,
        "Diluted NI Availto Com Stockholders": 2922000.0,
        "Net Income Common Stockholders": 2922000.0,
        "Net Income": 2922000.0,
        "Net Income Including Noncontrolling Interests": 2922000.0,
        "Net Income Continuous Operations": 2922000.0,
        "Tax Provision": 1007000.0,
        "Pretax Income": 3929000.0,
        "Gain On Sale Of Security": 0.0,
        "Depreciation Amortization Depletion Income Statement": 639000.0,
        "Depreciation And Amortization In Income Statement": 639000.0,
        "Amortization": 251000.0,
        "Amortization Of Intangibles Income Statement": 251000.0,
        "Depreciation Income Statement": 388000.0,
        "Selling General And Administration": 13132000.0,
        "Selling And Marketing Expense": 296000.0,
        "General And Administrative Expense": 12836000.0,
        "Insurance And Claims": 435000.0,
        "Salaries And Wages": 12401000.0,
        "Total Revenue": 24603000.0,
        "Operating Revenue": 24603000.0,
        "Occupancy And Equipment": 1969000.0,
        "Professional Expense And Contract Services Expense": 1078000.0,
        "Other Non Interest Expense": 3506000.0
    },
    "2024-06-30": {
        "Tax Effect Of Unusual Items": 0.0,
        "Tax Rate For Calcs": 0.362981,
        "Net Income From Continuing Operation Net Minority Interest": -21902000.0,
        "Reconciled Depreciation": 625000.0,
        "Net Interest Income": 22467000.0,
        "Interest Expense": 11865000.0,
        "Interest Income": 34332000.0,
        "Normalized Income": -21902000.0,
        "Net Income From Continuing And Discontinued Operation": -21902000.0,
        "Diluted Average Shares": NaN,
        "Basic Average Shares": NaN,
        "Diluted EPS": NaN,
        "Basic EPS": NaN,
        "Diluted NI Availto Com Stockholders": -21902000.0,
        "Net Income Common Stockholders": -21902000.0,
        "Net Income": -21902000.0,
        "Net Income Including Noncontrolling Interests": -21902000.0,
        "Net Income Continuous Operations": -21902000.0,
        "Tax Provision": -12480000.0,
        "Pretax Income": -34382000.0,
        "Gain On Sale Of Security": -32542000.0,
        "Depreciation Amortization Depletion Income Statement": 625000.0,
        "Depreciation And Amortization In Income Statement": 625000.0,
        "Amortization": 246000.0,
        "Amortization Of Intangibles Income Statement": 246000.0,
        "Depreciation Income Statement": 379000.0,
        "Selling General And Administration": 13420000.0,
        "Selling And Marketing Expense": 324000.0,
        "General And Administrative Expense": 13096000.0,
        "Insurance And Claims": 426000.0,
        "Salaries And Wages": 12670000.0,
        "Total Revenue": -8204000.0,
        "Operating Revenue": -8204000.0,
        "Occupancy And Equipment": 2049000.0,
        "Professional Expense And Contract Services Expense": 1043000.0,
        "Other Non Interest Expense": 3841000.0
    },
    "2024-09-30": {
        "Tax Effect Of Unusual Items": 0.0,
        "Tax Rate For Calcs": 0.238,
        "Net Income From Continuing Operation Net Minority Interest": 4570000.0,
        "Reconciled Depreciation": 599000.0,
        "Net Interest Income": 24269000.0,
        "Interest Expense": 12050000.0,
        "Interest Income": 36319000.0,
        "Normalized Income": 4570000.0,
        "Net Income From Continuing And Discontinued Operation": 4570000.0,
        "Diluted Average Shares": 16066000.0,
        "Basic Average Shares": 16038000.0,
        "Diluted EPS": 0.28,
        "Basic EPS": 0.28,
        "Diluted NI Availto Com Stockholders": 4570000.0,
        "Net Income Common Stockholders": 4570000.0,
        "Net Income": 4570000.0,
        "Net Income Including Noncontrolling Interests": 4570000.0,
        "Net Income Continuous Operations": 4570000.0,
        "Tax Provision": 2403000.0,
        "Pretax Income": 6973000.0,
        "Gain On Sale Of Security": 0.0,
        "Depreciation Amortization Depletion Income Statement": 599000.0,
        "Depreciation And Amortization In Income Statement": 599000.0,
        "Amortization": 241000.0,
        "Amortization Of Intangibles Income Statement": 241000.0,
        "Depreciation Income Statement": 358000.0,
        "Selling General And Administration": 11697000.0,
        "Selling And Marketing Expense": 178000.0,
        "General And Administrative Expense": 11697000.0,
        "Insurance And Claims": 582000.0,
        "Salaries And Wages": 11115000.0,
        "Total Revenue": 26230000.0,
        "Operating Revenue": 26230000.0,
        "Occupancy And Equipment": 2097000.0,
        "Professional Expense And Contract Services Expense": 1879000.0,
        "Other Non Interest Expense": 3218000.0
    },
    "2024-12-31": {
        "Tax Effect Of Unusual Items": 0.0,
        "Tax Rate For Calcs": 0.377812,
        "Net Income From Continuing Operation Net Minority Interest": 6001000.0,
        "Reconciled Depreciation": 578000.0,
        "Net Interest Income": 25230000.0,
        "Interest Expense": 11246000.0,
        "Interest Income": 36476000.0,
        "Normalized Income": 6001000.0,
        "Net Income From Continuing And Discontinued Operation": 6001000.0,
        "Diluted Average Shares": 15967000.0,
        "Basic Average Shares": 15941000.0,
        "Diluted EPS": 0.38,
        "Basic EPS": 0.38,
        "Diluted NI Availto Com Stockholders": 6001000.0,
        "Net Income Common Stockholders": 6001000.0,
        "Net Income": 6001000.0,
        "Net Income Including Noncontrolling Interests": 6001000.0,
        "Net Income Continuous Operations": 6001000.0,
        "Tax Provision": 3644000.0,
        "Pretax Income": 9645000.0,
        "Gain On Sale Of Security": 0.0,
        "Depreciation Amortization Depletion Income Statement": 578000.0,
        "Depreciation And Amortization In Income Statement": 578000.0,
        "Amortization": 237000.0,
        "Amortization Of Intangibles Income Statement": 237000.0,
        "Depreciation Income Statement": 341000.0,
        "Selling General And Administration": 10421000.0,
        "Selling And Marketing Expense": 291000.0,
        "General And Administrative Expense": 10130000.0,
        "Insurance And Claims": 420000.0,
        "Salaries And Wages": 9710000.0,
        "Total Revenue": 27145000.0,
        "Operating Revenue": 27145000.0,
        "Occupancy And Equipment": 2127000.0,
        "Professional Expense And Contract Services Expense": 1129000.0,
        "Other Non Interest Expense": 3245000.0
    },
    "2025-03-31": {
        "Tax Effect Of Unusual Items": 0.0,
        "Tax Rate For Calcs": 0.248,
        "Net Income From Continuing Operation Net Minority Interest": 4876000.0,
        "Reconciled Depreciation": 549000.0,
        "Net Interest Income": 24946000.0,
        "Interest Expense": 10293000.0,
        "Interest Income": 35239000.0,
        "Normalized Income": 4876000.0,
        "Net Income From Continuing And Discontinued Operation": 4876000.0,
        "Diluted Average Shares": 16002000.0,
        "Basic Average Shares": 15977000.0,
        "Diluted EPS": 0.3,
        "Basic EPS": 0.31,
        "Diluted NI Availto Com Stockholders": 4876000.0,
        "Net Income Common Stockholders": 4876000.0,
        "Net Income": 4876000.0,
        "Net Income Including Noncontrolling Interests": 4876000.0,
        "Net Income Continuous Operations": 4876000.0,
        "Tax Provision": 1605000.0,
        "Pretax Income": 6481000.0,
        "Gain On Sale Of Security": 0.0,
        "Depreciation Amortization Depletion Income Statement": 549000.0,
        "Depreciation And Amortization In Income Statement": 549000.0,
        "Amortization": 227000.0,
        "Amortization Of Intangibles Income Statement": 227000.0,
        "Depreciation Income Statement": 322000.0,
        "Selling General And Administration": 12968000.0,
        "Selling And Marketing Expense": 226000.0,
        "General And Administrative Expense": 12742000.0,
        "Insurance And Claims": 388000.0,
        "Salaries And Wages": 12354000.0,
        "Total Revenue": 26888000.0,
        "Operating Revenue": 26888000.0,
        "Occupancy And Equipment": 2106000.0,
        "Professional Expense And Contract Services Expense": 937000.0,
        "Other Non Interest Expense": 3772000.0
    },
    "2025-06-30": {
        "Tax Effect Of Unusual Items": 0.0,
        "Tax Rate For Calcs": 0.238,
        "Net Income From Continuing Operation Net Minority Interest": -8536000.0,
        "Reconciled Depreciation": 540000.0,
        "Net Interest Income": 25912000.0,
        "Interest Expense": 10376000.0,
        "Interest Income": 36288000.0,
        "Normalized Income": -8536000.0,
        "Net Income From Continuing And Discontinued Operation": -8536000.0,
        "Diluted Average Shares": 15989000.0,
        "Basic Average Shares": 15989000.0,
        "Diluted EPS": -0.53,
        "Basic EPS": -0.53,
        "Diluted NI Availto Com Stockholders": -8536000.0,
        "Net Income Common Stockholders": -8536000.0,
        "Net Income": -8536000.0,
        "Net Income Including Noncontrolling Interests": -8536000.0,
        "Net Income Continuous Operations": -8536000.0,
        "Tax Provision": -2663000.0,
        "Pretax Income": -11199000.0,
        "Gain On Sale Of Security": -18736000.0,
        "Depreciation Amortization Depletion Income Statement": 540000.0,
        "Depreciation And Amortization In Income Statement": 540000.0,
        "Amortization": 220000.0,
        "Amortization Of Intangibles Income Statement": 220000.0,
        "Depreciation Income Statement": 320000.0,
        "Selling General And Administration": 13014000.0,
        "Selling And Marketing Expense": 269000.0,
        "General And Administrative Expense": 12745000.0,
        "Insurance And Claims": 421000.0,
        "Salaries And Wages": 12324000.0,
        "Total Revenue": 9237000.0,
        "Operating Revenue": 9237000.0,
        "Occupancy And Equipment": 2226000.0,
        "Professional Expense And Contract Services Expense": 908000.0,
        "Other Non Interest Expense": 3748000.0
    },
    "2025-09-30": {
        "Tax Effect Of Unusual Items": 0.0,
        "Tax Rate For Calcs": 0.217,
        "Net Income From Continuing Operation Net Minority Interest": 7526000.0,
        "Reconciled Depreciation": 507000.0,
        "Net Interest Income": 28193000.0,
        "Interest Expense": 10876000.0,
        "Interest Income": 39069000.0,
        "Normalized Income": 7526000.0,
        "Net Income From Continuing And Discontinued Operation": 7526000.0,
        "Diluted Average Shares": 15934000.0,
        "Basic Average Shares": 15907000.0,
        "Diluted EPS": 0.47,
        "Basic EPS": 0.47,
        "Diluted NI Availto Com Stockholders": 7526000.0,
        "Net Income Common Stockholders": 7526000.0,
        "Net Income": 7526000.0,
        "Net Income Including Noncontrolling Interests": 7526000.0,
        "Net Income Continuous Operations": 7526000.0,
        "Tax Provision": 2084000.0,
        "Pretax Income": 9610000.0,
        "Gain On Sale Of Security": 0.0,
        "Depreciation Amortization Depletion Income Statement": 508000.0,
        "Depreciation And Amortization In Income Statement": 508000.0,
        "Amortization": 217000.0,
        "Amortization Of Intangibles Income Statement": 217000.0,
        "Depreciation Income Statement": 291000.0,
        "Selling General And Administration": 13011000.0,
        "Selling And Marketing Expense": 299000.0,
        "General And Administrative Expense": 12712000.0,
        "Insurance And Claims": 459000.0,
        "Salaries And Wages": 12253000.0,
        "Total Revenue": 29780000.0,
        "Operating Revenue": 29780000.0,
        "Occupancy And Equipment": 2079000.0,
        "Professional Expense And Contract Services Expense": 1115000.0,
        "Other Non Interest Expense": 3457000.0
    }
}