{
    "2023-06-30": {
        "Tax Effect Of Unusual Items": NaN,
        "Tax Rate For Calcs": NaN,
        "Normalized EBITDA": NaN,
        "Total Unusual Items": NaN,
        "Total Unusual Items Excluding Goodwill": NaN,
        "Net Income From Continuing Operation Net Minority Interest": NaN,
        "Reconciled Depreciation": NaN,
        "Reconciled Cost Of Revenue": NaN,
        "EBITDA": NaN,
        "EBIT": NaN,
        "Net Interest Income": NaN,
        "Interest Expense": NaN,
        "Interest Income": NaN,
        "Normalized Income": NaN,
        "Net Income From Continuing And Discontinued Operation": NaN,
        "Total Expenses": NaN,
        "Total Operating Income As Reported": NaN,
        "Diluted Average Shares": NaN,
        "Basic Average Shares": NaN,
        "Diluted EPS": NaN,
        "Basic EPS": NaN,
        "Diluted NI Availto Com Stockholders": NaN,
        "Average Dilution Earnings": NaN,
        "Net Income Common Stockholders": NaN,
        "Net Income": NaN,
        "Net Income Including Noncontrolling Interests": NaN,
        "Net Income Continuous Operations": NaN,
        "Tax Provision": NaN,
        "Pretax Income": NaN,
        "Other Income Expense": NaN,
        "Other Non Operating Income Expenses": NaN,
        "Special Income Charges": NaN,
        "Gain On Sale Of Ppe": NaN,
        "Restructuring And Mergern Acquisition": 0.0,
        "Net Non Operating Interest Income Expense": NaN,
        "Interest Expense Non Operating": NaN,
        "Interest Income Non Operating": NaN,
        "Operating Income": NaN,
        "Operating Expense": NaN,
        "Depreciation Amortization Depletion Income Statement": NaN,
        "Depreciation And Amortization In Income Statement": NaN,
        "Amortization": NaN,
        "Amortization Of Intangibles Income Statement": NaN,
        "Research And Development": NaN,
        "Selling General And Administration": NaN,
        "Selling And Marketing Expense": NaN,
        "General And Administrative Expense": NaN,
        "Other Gand A": NaN,
        "Gross Profit": NaN,
        "Cost Of Revenue": NaN,
        "Total Revenue": NaN,
        "Operating Revenue": NaN
    },
    "2023-03-31": {
        "Tax Effect Of Unusual Items": NaN,
        "Tax Rate For Calcs": NaN,
        "Normalized EBITDA": NaN,
        "Total Unusual Items": NaN,
        "Total Unusual Items Excluding Goodwill": NaN,
        "Net Income From Continuing Operation Net Minority Interest": NaN,
        "Reconciled Depreciation": NaN,
        "Reconciled Cost Of Revenue": NaN,
        "EBITDA": NaN,
        "EBIT": NaN,
        "Net Interest Income": NaN,
        "Interest Expense": NaN,
        "Interest Income": NaN,
        "Normalized Income": NaN,
        "Net Income From Continuing And Discontinued Operation": NaN,
        "Total Expenses": NaN,
        "Total Operating Income As Reported": NaN,
        "Diluted Average Shares": NaN,
        "Basic Average Shares": NaN,
        "Diluted EPS": NaN,
        "Basic EPS": NaN,
        "Diluted NI Availto Com Stockholders": NaN,
        "Average Dilution Earnings": NaN,
        "Net Income Common Stockholders": NaN,
        "Net Income": NaN,
        "Net Income Including Noncontrolling Interests": NaN,
        "Net Income Continuous Operations": NaN,
        "Tax Provision": NaN,
        "Pretax Income": NaN,
        "Other Income Expense": NaN,
        "Other Non Operating Income Expenses": NaN,
        "Special Income Charges": NaN,
        "Gain On Sale Of Ppe": NaN,
        "Restructuring And Mergern Acquisition": 0.0,
        "Net Non Operating Interest Income Expense": NaN,
        "Interest Expense Non Operating": NaN,
        "Interest Income Non Operating": NaN,
        "Operating Income": NaN,
        "Operating Expense": NaN,
        "Depreciation Amortization Depletion Income Statement": NaN,
        "Depreciation And Amortization In Income Statement": NaN,
        "Amortization": NaN,
        "Amortization Of Intangibles Income Statement": NaN,
        "Research And Development": NaN,
        "Selling General And Administration": NaN,
        "Selling And Marketing Expense": NaN,
        "General And Administrative Expense": NaN,
        "Other Gand A": NaN,
        "Gross Profit": NaN,
        "Cost Of Revenue": NaN,
        "Total Revenue": NaN,
        "Operating Revenue": NaN
    },
    "2022-12-31": {
        "Tax Effect Of Unusual Items": NaN,
        "Tax Rate For Calcs": NaN,
        "Normalized EBITDA": NaN,
        "Total Unusual Items": NaN,
        "Total Unusual Items Excluding Goodwill": NaN,
        "Net Income From Continuing Operation Net Minority Interest": NaN,
        "Reconciled Depreciation": NaN,
        "Reconciled Cost Of Revenue": NaN,
        "EBITDA": NaN,
        "EBIT": NaN,
        "Net Interest Income": NaN,
        "Interest Expense": NaN,
        "Interest Income": NaN,
        "Normalized Income": NaN,
        "Net Income From Continuing And Discontinued Operation": NaN,
        "Total Expenses": NaN,
        "Total Operating Income As Reported": NaN,
        "Diluted Average Shares": NaN,
        "Basic Average Shares": NaN,
        "Diluted EPS": NaN,
        "Basic EPS": NaN,
        "Diluted NI Availto Com Stockholders": NaN,
        "Average Dilution Earnings": NaN,
        "Net Income Common Stockholders": NaN,
        "Net Income": NaN,
        "Net Income Including Noncontrolling Interests": NaN,
        "Net Income Continuous Operations": NaN,
        "Tax Provision": NaN,
        "Pretax Income": NaN,
        "Other Income Expense": NaN,
        "Other Non Operating Income Expenses": NaN,
        "Special Income Charges": NaN,
        "Gain On Sale Of Ppe": NaN,
        "Restructuring And Mergern Acquisition": 600000.0,
        "Net Non Operating Interest Income Expense": NaN,
        "Interest Expense Non Operating": NaN,
        "Interest Income Non Operating": NaN,
        "Operating Income": NaN,
        "Operating Expense": NaN,
        "Depreciation Amortization Depletion Income Statement": NaN,
        "Depreciation And Amortization In Income Statement": NaN,
        "Amortization": NaN,
        "Amortization Of Intangibles Income Statement": NaN,
        "Research And Development": NaN,
        "Selling General And Administration": NaN,
        "Selling And Marketing Expense": NaN,
        "General And Administrative Expense": NaN,
        "Other Gand A": NaN,
        "Gross Profit": NaN,
        "Cost Of Revenue": NaN,
        "Total Revenue": NaN,
        "Operating Revenue": NaN
    },
    "2022-09-30": {
        "Tax Effect Of Unusual Items": 0.0,
        "Tax Rate For Calcs": 0.21,
        "Normalized EBITDA": 27577000.0,
        "Total Unusual Items": 0.0,
        "Total Unusual Items Excluding Goodwill": 0.0,
        "Net Income From Continuing Operation Net Minority Interest": -6652000.0,
        "Reconciled Depreciation": 24802000.0,
        "Reconciled Cost Of Revenue": 108314000.0,
        "EBITDA": 27577000.0,
        "EBIT": 2775000.0,
        "Net Interest Income": 320000.0,
        "Interest Expense": 4679000.0,
        "Interest Income": 4999000.0,
        "Normalized Income": -6652000.0,
        "Net Income From Continuing And Discontinued Operation": -6652000.0,
        "Total Expenses": 507761000.0,
        "Total Operating Income As Reported": -2417000.0,
        "Diluted Average Shares": 185597000.0,
        "Basic Average Shares": 185597000.0,
        "Diluted EPS": -0.04,
        "Basic EPS": -0.04,
        "Diluted NI Availto Com Stockholders": -6652000.0,
        "Average Dilution Earnings": 0.0,
        "Net Income Common Stockholders": -6652000.0,
        "Net Income": -6652000.0,
        "Net Income Including Noncontrolling Interests": -6652000.0,
        "Net Income Continuous Operations": -6652000.0,
        "Tax Provision": 4748000.0,
        "Pretax Income": -1904000.0,
        "Other Income Expense": 193000.0,
        "Other Non Operating Income Expenses": 193000.0,
        "Special Income Charges": 0.0,
        "Gain On Sale Of Ppe": 0.0,
        "Restructuring And Mergern Acquisition": 900000.0,
        "Net Non Operating Interest Income Expense": 320000.0,
        "Interest Expense Non Operating": 4679000.0,
        "Interest Income Non Operating": 4999000.0,
        "Operating Income": -2417000.0,
        "Operating Expense": 391473000.0,
        "Depreciation Amortization Depletion Income Statement": 16828000.0,
        "Depreciation And Amortization In Income Statement": 16828000.0,
        "Amortization": 16828000.0,
        "Amortization Of Intangibles Income Statement": 16828000.0,
        "Research And Development": 157829000.0,
        "Selling General And Administration": 216816000.0,
        "Selling And Marketing Expense": 111300000.0,
        "General And Administrative Expense": 105500000.0,
        "Other Gand A": 105500000.0,
        "Gross Profit": 389056000.0,
        "Cost Of Revenue": 116288000.0,
        "Total Revenue": 505344000.0,
        "Operating Revenue": 505344000.0
    },
    "2022-06-30": {
        "Tax Effect Of Unusual Items": 0.0,
        "Tax Rate For Calcs": 0.206221,
        "Normalized EBITDA": 63981000.0,
        "Total Unusual Items": 0.0,
        "Total Unusual Items Excluding Goodwill": 0.0,
        "Net Income From Continuing Operation Net Minority Interest": 27664000.0,
        "Reconciled Depreciation": 25271000.0,
        "Reconciled Cost Of Revenue": 114350000.0,
        "EBITDA": 63981000.0,
        "EBIT": 38710000.0,
        "Net Interest Income": -1354000.0,
        "Interest Expense": 3859000.0,
        "Interest Income": 2505000.0,
        "Normalized Income": 27664000.0,
        "Net Income From Continuing And Discontinued Operation": 27664000.0,
        "Total Expenses": 494646000.0,
        "Total Operating Income As Reported": 39152000.0,
        "Diluted Average Shares": 187448000.0,
        "Basic Average Shares": 185254000.0,
        "Diluted EPS": 0.15,
        "Basic EPS": 0.15,
        "Diluted NI Availto Com Stockholders": 27664000.0,
        "Average Dilution Earnings": 0.0,
        "Net Income Common Stockholders": 27664000.0,
        "Net Income": 27664000.0,
        "Net Income Including Noncontrolling Interests": 27664000.0,
        "Net Income Continuous Operations": 27664000.0,
        "Tax Provision": 7187000.0,
        "Pretax Income": 34851000.0,
        "Other Income Expense": -2947000.0,
        "Other Non Operating Income Expenses": -2947000.0,
        "Special Income Charges": 0.0,
        "Gain On Sale Of Ppe": 0.0,
        "Restructuring And Mergern Acquisition": 900000.0,
        "Net Non Operating Interest Income Expense": -1354000.0,
        "Interest Expense Non Operating": 3859000.0,
        "Interest Income Non Operating": 2505000.0,
        "Operating Income": 39152000.0,
        "Operating Expense": 371520000.0,
        "Depreciation Amortization Depletion Income Statement": 16495000.0,
        "Depreciation And Amortization In Income Statement": 16495000.0,
        "Amortization": 16495000.0,
        "Amortization Of Intangibles Income Statement": 16495000.0,
        "Research And Development": 158190000.0,
        "Selling General And Administration": 196835000.0,
        "Selling And Marketing Expense": 109400000.0,
        "General And Administrative Expense": 87400000.0,
        "Other Gand A": 87400000.0,
        "Gross Profit": 410672000.0,
        "Cost Of Revenue": 123126000.0,
        "Total Revenue": 533798000.0,
        "Operating Revenue": 533798000.0
    },
    "2022-03-31": {
        "Diluted EPS": 0.63,
        "Total Revenue": 519,
        "Gross Profit": 402,
        "Operating Income": 137,
        "EBIT": 166,
        "Net Income": 121
    },
    "2021-12-31": {
        "Diluted EPS": -0.31,
        "Total Revenue": 450,
        "Gross Profit": 330,
        "Operating Income": -66,
        "EBIT": -38,
        "Net Income": -58
    },
    "2021-09-30": {
        "Diluted EPS": -0.2,
        "Total Revenue": 409,
        "Gross Profit": 305,
        "Operating Income": -53,
        "EBIT": -25,
        "Net Income": -36
    },
    "2021-06-30": {
        "Diluted EPS": 0.07,
        "Total Revenue": 502,
        "Gross Profit": 375,
        "Operating Income": 12,
        "EBIT": 40,
        "Net Income": 13
    },
    "2021-03-31": {
        "Diluted EPS": 0.09,
        "Total Revenue": 486,
        "Gross Profit": 366,
        "Operating Income": 25,
        "EBIT": 54,
        "Net Income": 17
    },
    "2020-12-31": {
        "Diluted EPS": 0.21,
        "Total Revenue": 452,
        "Gross Profit": 326,
        "Operating Income": -52,
        "EBIT": -24,
        "Net Income": 17
    },
    "2020-09-30": {
        "Diluted EPS": 4.01,
        "Total Revenue": 477,
        "Gross Profit": 288,
        "Operating Income": -56,
        "EBIT": -29,
        "Net Income": 785
    },
    "2020-06-30": {
        "Diluted EPS": -0.16,
        "Total Revenue": 429,
        "Gross Profit": 332,
        "Operating Income": -41,
        "EBIT": -16,
        "Net Income": -29
    },
    "2020-03-31": {
        "Diluted EPS": 0.44,
        "Total Revenue": 502,
        "Gross Profit": 391,
        "Operating Income": 105,
        "EBIT": 131,
        "Net Income": 81
    },
    "2019-12-31": {
        "Diluted EPS": 0.1,
        "Total Revenue": 454,
        "Gross Profit": 359,
        "Operating Income": -9,
        "EBIT": 17,
        "Net Income": 15
    },
    "2019-09-30": {
        "Diluted EPS": 0.3,
        "Total Revenue": 461,
        "Gross Profit": 364,
        "Operating Income": 4,
        "EBIT": 34,
        "Net Income": 55
    },
    "2019-06-30": {
        "Diluted EPS": -0.21,
        "Total Revenue": 388,
        "Gross Profit": 310,
        "Operating Income": -41,
        "EBIT": -16,
        "Net Income": -37
    },
    "2019-03-31": {
        "Diluted EPS": -0.32,
        "Total Revenue": 401,
        "Gross Profit": 312,
        "Operating Income": -54,
        "EBIT": -32,
        "Net Income": -56
    },
    "2018-12-31": {
        "Diluted EPS": -0.02,
        "Total Revenue": 353,
        "Gross Profit": 278,
        "Operating Income": -38,
        "EBIT": -14,
        "Net Income": -4
    },
    "2018-09-30": {
        "Diluted EPS": -0.07,
        "Total Revenue": 392,
        "Gross Profit": 313,
        "Operating Income": -16,
        "EBIT": 11,
        "Net Income": -13
    },
    "2018-06-30": {
        "Diluted EPS": -0.09,
        "Total Revenue": 373,
        "Gross Profit": 294,
        "Operating Income": -25,
        "EBIT": -5,
        "Net Income": -17
    },
    "2018-03-31": {
        "Diluted EPS": -0.26,
        "Total Revenue": 373,
        "Gross Profit": 291,
        "Operating Income": -44,
        "EBIT": -20,
        "Net Income": -44
    },
    "2017-12-31": {
        "Diluted EPS": -0.3,
        "Total Revenue": 358,
        "Gross Profit": 282,
        "Operating Income": 58,
        "EBIT": 88,
        "Net Income": -51
    },
    "2017-09-30": {
        "Diluted EPS": -0.07,
        "Total Revenue": 334,
        "Gross Profit": 275,
        "Operating Income": -14,
        "EBIT": 8,
        "Net Income": -13
    },
    "2017-06-30": {
        "Diluted EPS": -0.21,
        "Total Revenue": 317,
        "Gross Profit": 261,
        "Operating Income": -39,
        "EBIT": -19,
        "Net Income": -37
    },
    "2017-03-31": {
        "Diluted EPS": -0.09,
        "Total Revenue": 304,
        "Gross Profit": 254,
        "Operating Income": -20,
        "EBIT": 0,
        "Net Income": -16
    },
    "2016-12-31": {
        "Diluted EPS": -0.5,
        "Total Revenue": 300,
        "Gross Profit": 236,
        "Operating Income": -90,
        "EBIT": -69,
        "Net Income": -91
    },
    "2016-09-30": {
        "Diluted EPS": -0.22,
        "Total Revenue": 280,
        "Gross Profit": 229,
        "Operating Income": -60,
        "EBIT": -31,
        "Net Income": -37
    },
    "2016-06-30": {
        "Diluted EPS": -2.58,
        "Total Revenue": 300,
        "Gross Profit": 249,
        "Operating Income": -573,
        "EBIT": -544,
        "Net Income": -419
    },
    "2016-03-31": {
        "Diluted EPS": -0.51,
        "Total Revenue": 237,
        "Gross Profit": 194,
        "Operating Income": -81,
        "EBIT": -62,
        "Net Income": -83
    },
    "2015-12-31": {
        "Diluted EPS": 0.47,
        "Total Revenue": 228,
        "Gross Profit": 180,
        "Operating Income": 101,
        "EBIT": 115,
        "Net Income": 69
    },
    "2015-09-30": {
        "Diluted EPS": -0.6,
        "Total Revenue": 209,
        "Gross Profit": 174,
        "Operating Income": -82,
        "EBIT": -69,
        "Net Income": -91
    },
    "2015-06-30": {
        "Diluted EPS": -0.51,
        "Total Revenue": 250,
        "Gross Profit": 212,
        "Operating Income": -64,
        "EBIT": -52,
        "Net Income": -82
    },
    "2015-03-31": {
        "Diluted EPS": -0.43,
        "Total Revenue": 203,
        "Gross Profit": 172,
        "Operating Income": -66,
        "EBIT": -55,
        "Net Income": -68
    },
    "2014-12-31": {
        "Diluted EPS": -0.47,
        "Total Revenue": 229,
        "Gross Profit": 191,
        "Operating Income": -59,
        "EBIT": -51,
        "Net Income": -70
    },
    "2014-09-30": {
        "Diluted EPS": 0.05,
        "Total Revenue": 177,
        "Gross Profit": 147,
        "Operating Income": 11,
        "EBIT": 27,
        "Net Income": 7
    },
    "2014-06-30": {
        "Diluted EPS": -0.23,
        "Total Revenue": 192,
        "Gross Profit": 161,
        "Operating Income": -19,
        "EBIT": -3,
        "Net Income": -34
    },
    "2014-03-31": {
        "Diluted EPS": -0.27,
        "Total Revenue": 152,
        "Gross Profit": 129,
        "Operating Income": -26,
        "EBIT": -13,
        "Net Income": -38
    },
    "2013-12-31": {
        "Diluted EPS": -0.43,
        "Total Revenue": 147,
        "Gross Profit": 130,
        "Operating Income": -52,
        "EBIT": -52,
        "Net Income": -62
    },
    "2013-09-30": {
        "Diluted EPS": -0.38,
        "Total Revenue": 137,
        "Gross Profit": 109,
        "Operating Income": -51,
        "EBIT": -36,
        "Net Income": -53
    },
    "2013-06-30": {
        "Diluted EPS": -0.16,
        "Total Revenue": 137,
        "Gross Profit": 114,
        "Operating Income": -20,
        "EBIT": -6,
        "Net Income": -22
    },
    "2013-03-31": {
        "Diluted EPS": -0.31,
        "Total Revenue": 128,
        "Gross Profit": 107,
        "Operating Income": -33,
        "EBIT": -20,
        "Net Income": -40
    },
    "2012-12-31": {
        "Diluted EPS": -0.43,
        "Total Revenue": 132,
        "Gross Profit": 105,
        "Operating Income": -47,
        "EBIT": -35,
        "Net Income": -53
    },
    "2012-09-30": {
        "Diluted EPS": -0.04,
        "Total Revenue": 128,
        "Gross Profit": 103,
        "Operating Income": -10,
        "EBIT": 3,
        "Net Income": -5
    },
    "2012-06-30": {
        "Diluted EPS": -0.27,
        "Total Revenue": 124,
        "Gross Profit": 100,
        "Operating Income": -31,
        "EBIT": -19,
        "Net Income": -32
    },
    "2012-03-31": {
        "Diluted EPS": -0.21,
        "Total Revenue": 117,
        "Gross Profit": 100,
        "Operating Income": -22,
        "EBIT": -10,
        "Net Income": -24
    },
    "2011-12-31": {
        "Diluted EPS": -0.23,
        "Total Revenue": 108,
        "Gross Profit": 86,
        "Operating Income": -21,
        "EBIT": -12,
        "Net Income": -27
    },
    "2011-09-30": {
        "Diluted EPS": -0.16,
        "Total Revenue": 113,
        "Gross Profit": 91,
        "Operating Income": -16,
        "EBIT": -5,
        "Net Income": -18
    },
    "2011-06-30": {
        "Diluted EPS": -0.05,
        "Total Revenue": 111,
        "Gross Profit": 91,
        "Operating Income": 1,
        "EBIT": 10,
        "Net Income": -5
    },
    "2011-03-31": {
        "Diluted EPS": -0.04,
        "Total Revenue": 109,
        "Gross Profit": 89,
        "Operating Income": 2,
        "EBIT": 12,
        "Net Income": -4
    },
    "2010-12-31": {
        "Diluted EPS": 0.05,
        "Total Revenue": 102,
        "Gross Profit": 81,
        "Operating Income": -3,
        "EBIT": 6,
        "Net Income": -12
    },
    "2010-09-30": {
        "Diluted EPS": 1.68,
        "Total Revenue": 98,
        "Gross Profit": 80,
        "Operating Income": -2,
        "EBIT": 7,
        "Net Income": 217
    },
    "2010-06-30": {
        "Diluted EPS": -0.01,
        "Total Revenue": 92,
        "Gross Profit": 78,
        "Operating Income": 3,
        "EBIT": 11,
        "Net Income": 0
    },
    "2010-03-31": {
        "Diluted EPS": 0.01,
        "Total Revenue": 85,
        "Gross Profit": 68,
        "Operating Income": 3,
        "EBIT": 9,
        "Net Income": 1
    },
    "2009-12-31": {
        "Diluted EPS": 0.05,
        "Total Revenue": 87,
        "Gross Profit": 70,
        "Operating Income": 6,
        "EBIT": 12,
        "Net Income": 5
    },
    "2009-09-30": {
        "Diluted EPS": 0.07,
        "Total Revenue": 81,
        "Gross Profit": 66,
        "Operating Income": 10,
        "EBIT": 16,
        "Net Income": 7
    },
    "2009-06-30": {
        "Diluted EPS": 0.01,
        "Total Revenue": 83,
        "Gross Profit": 63,
        "Operating Income": 4,
        "EBIT": 11,
        "Net Income": 1
    },
    "2009-03-31": {
        "Diluted EPS": -0.13,
        "Total Revenue": 74,
        "Gross Profit": 60,
        "Operating Income": -4,
        "EBIT": 0,
        "Net Income": -13
    },
    "2023-09-30": {
        "Tax Effect Of Unusual Items": NaN,
        "Tax Rate For Calcs": NaN,
        "Normalized EBITDA": NaN,
        "Total Unusual Items": NaN,
        "Total Unusual Items Excluding Goodwill": NaN,
        "Net Income From Continuing Operation Net Minority Interest": NaN,
        "Reconciled Depreciation": NaN,
        "Reconciled Cost Of Revenue": NaN,
        "EBITDA": NaN,
        "EBIT": NaN,
        "Net Interest Income": NaN,
        "Interest Expense": NaN,
        "Interest Income": NaN,
        "Normalized Income": NaN,
        "Net Income From Continuing And Discontinued Operation": NaN,
        "Total Expenses": NaN,
        "Total Operating Income As Reported": NaN,
        "Diluted Average Shares": NaN,
        "Basic Average Shares": NaN,
        "Diluted EPS": NaN,
        "Basic EPS": NaN,
        "Diluted NI Availto Com Stockholders": NaN,
        "Average Dilution Earnings": NaN,
        "Net Income Common Stockholders": NaN,
        "Net Income": NaN,
        "Net Income Including Noncontrolling Interests": NaN,
        "Net Income Continuous Operations": NaN,
        "Tax Provision": NaN,
        "Pretax Income": NaN,
        "Other Income Expense": NaN,
        "Other Non Operating Income Expenses": NaN,
        "Special Income Charges": NaN,
        "Gain On Sale Of Ppe": NaN,
        "Restructuring And Mergern Acquisition": 0.0,
        "Net Non Operating Interest Income Expense": NaN,
        "Interest Expense Non Operating": NaN,
        "Interest Income Non Operating": NaN,
        "Operating Income": NaN,
        "Operating Expense": NaN,
        "Depreciation Amortization Depletion Income Statement": NaN,
        "Depreciation And Amortization In Income Statement": NaN,
        "Amortization": NaN,
        "Amortization Of Intangibles Income Statement": NaN,
        "Research And Development": NaN,
        "Selling General And Administration": NaN,
        "Selling And Marketing Expense": NaN,
        "General And Administrative Expense": NaN,
        "Other Gand A": NaN,
        "Gross Profit": NaN,
        "Cost Of Revenue": NaN,
        "Total Revenue": NaN,
        "Operating Revenue": NaN
    },
    "2023-12-31": {
        "Tax Effect Of Unusual Items": NaN,
        "Tax Rate For Calcs": NaN,
        "Normalized EBITDA": NaN,
        "Total Unusual Items": NaN,
        "Total Unusual Items Excluding Goodwill": NaN,
        "Net Income From Continuing Operation Net Minority Interest": NaN,
        "Reconciled Depreciation": NaN,
        "Reconciled Cost Of Revenue": NaN,
        "EBITDA": NaN,
        "EBIT": NaN,
        "Net Interest Income": NaN,
        "Interest Expense": NaN,
        "Interest Income": NaN,
        "Normalized Income": NaN,
        "Net Income From Continuing And Discontinued Operation": NaN,
        "Total Expenses": NaN,
        "Total Operating Income As Reported": NaN,
        "Diluted Average Shares": NaN,
        "Basic Average Shares": NaN,
        "Diluted EPS": NaN,
        "Basic EPS": NaN,
        "Diluted NI Availto Com Stockholders": NaN,
        "Average Dilution Earnings": NaN,
        "Net Income Common Stockholders": NaN,
        "Net Income": NaN,
        "Net Income Including Noncontrolling Interests": NaN,
        "Net Income Continuous Operations": NaN,
        "Tax Provision": NaN,
        "Pretax Income": NaN,
        "Other Income Expense": NaN,
        "Other Non Operating Income Expenses": NaN,
        "Special Income Charges": NaN,
        "Gain On Sale Of Ppe": NaN,
        "Restructuring And Mergern Acquisition": 0.0,
        "Net Non Operating Interest Income Expense": NaN,
        "Interest Expense Non Operating": NaN,
        "Interest Income Non Operating": NaN,
        "Operating Income": NaN,
        "Operating Expense": NaN,
        "Depreciation Amortization Depletion Income Statement": NaN,
        "Depreciation And Amortization In Income Statement": NaN,
        "Amortization": NaN,
        "Amortization Of Intangibles Income Statement": NaN,
        "Research And Development": NaN,
        "Selling General And Administration": NaN,
        "Selling And Marketing Expense": NaN,
        "General And Administrative Expense": NaN,
        "Other Gand A": NaN,
        "Gross Profit": NaN,
        "Cost Of Revenue": NaN,
        "Total Revenue": NaN,
        "Operating Revenue": NaN
    },
    "2024-03-31": {
        "Tax Effect Of Unusual Items": 1599761.243806,
        "Tax Rate For Calcs": 0.159976,
        "Normalized EBITDA": 126444000.0,
        "Total Unusual Items": 10000000.0,
        "Total Unusual Items Excluding Goodwill": 10000000.0,
        "Net Income From Continuing Operation Net Minority Interest": 88662000.0,
        "Reconciled Depreciation": 27350000.0,
        "Reconciled Cost Of Revenue": 112128000.0,
        "EBITDA": 136444000.0,
        "EBIT": 109094000.0,
        "Net Interest Income": 15818000.0,
        "Interest Expense": 3547000.0,
        "Interest Income": 19365000.0,
        "Normalized Income": 80261761.243806,
        "Net Income From Continuing And Discontinued Operation": 88662000.0,
        "Total Expenses": 570365000.0,
        "Total Operating Income As Reported": 88462000.0,
        "Diluted Average Shares": 199262000.0,
        "Basic Average Shares": 188866000.0,
        "Diluted EPS": 0.46,
        "Basic EPS": 0.47,
        "Diluted NI Availto Com Stockholders": 91431000.0,
        "Average Dilution Earnings": 2769000.0,
        "Net Income Common Stockholders": 88662000.0,
        "Net Income": 88662000.0,
        "Net Income Including Noncontrolling Interests": 88662000.0,
        "Net Income Continuous Operations": 88662000.0,
        "Tax Provision": 16885000.0,
        "Pretax Income": 105547000.0,
        "Other Income Expense": 11267000.0,
        "Other Non Operating Income Expenses": 1267000.0,
        "Special Income Charges": 10000000.0,
        "Gain On Sale Of Ppe": 10000000.0,
        "Restructuring And Mergern Acquisition": NaN,
        "Net Non Operating Interest Income Expense": 15818000.0,
        "Interest Expense Non Operating": 3547000.0,
        "Interest Income Non Operating": 19365000.0,
        "Operating Income": 78468000.0,
        "Operating Expense": 445185000.0,
        "Depreciation Amortization Depletion Income Statement": 14298000.0,
        "Depreciation And Amortization In Income Statement": 14298000.0,
        "Amortization": 14298000.0,
        "Amortization Of Intangibles Income Statement": 14298000.0,
        "Research And Development": 204987000.0,
        "Selling General And Administration": 225900000.0,
        "Selling And Marketing Expense": 119400000.0,
        "General And Administrative Expense": 106500000.0,
        "Other Gand A": 106500000.0,
        "Gross Profit": 523653000.0,
        "Cost Of Revenue": 125180000.0,
        "Total Revenue": 648833000.0,
        "Operating Revenue": 648833000.0
    },
    "2024-06-30": {
        "Tax Effect Of Unusual Items": 0.0,
        "Tax Rate For Calcs": 0.188911,
        "Normalized EBITDA": 162173000.0,
        "Total Unusual Items": 0.0,
        "Total Unusual Items Excluding Goodwill": 0.0,
        "Net Income From Continuing Operation Net Minority Interest": 107174000.0,
        "Reconciled Depreciation": 26463000.0,
        "Reconciled Cost Of Revenue": 118295000.0,
        "EBITDA": 162173000.0,
        "EBIT": 135710000.0,
        "Net Interest Income": 16211000.0,
        "Interest Expense": 3574000.0,
        "Interest Income": 19785000.0,
        "Normalized Income": 107174000.0,
        "Net Income From Continuing And Discontinued Operation": 107174000.0,
        "Total Expenses": 591577000.0,
        "Total Operating Income As Reported": 120452000.0,
        "Diluted Average Shares": 200505000.0,
        "Basic Average Shares": 190114000.0,
        "Diluted EPS": 0.55,
        "Basic EPS": 0.56,
        "Diluted NI Availto Com Stockholders": 109943000.0,
        "Average Dilution Earnings": 2769000.0,
        "Net Income Common Stockholders": 107174000.0,
        "Net Income": 107174000.0,
        "Net Income Including Noncontrolling Interests": 107174000.0,
        "Net Income Continuous Operations": 107174000.0,
        "Tax Provision": 24962000.0,
        "Pretax Income": 132136000.0,
        "Other Income Expense": -4527000.0,
        "Other Non Operating Income Expenses": -4527000.0,
        "Special Income Charges": 0.0,
        "Gain On Sale Of Ppe": 0.0,
        "Restructuring And Mergern Acquisition": NaN,
        "Net Non Operating Interest Income Expense": 16211000.0,
        "Interest Expense Non Operating": 3574000.0,
        "Interest Income Non Operating": 19785000.0,
        "Operating Income": 120452000.0,
        "Operating Expense": 461118000.0,
        "Depreciation Amortization Depletion Income Statement": 14299000.0,
        "Depreciation And Amortization In Income Statement": 14299000.0,
        "Amortization": 14299000.0,
        "Amortization Of Intangibles Income Statement": 14299000.0,
        "Research And Development": 183787000.0,
        "Selling General And Administration": 263032000.0,
        "Selling And Marketing Expense": 122800000.0,
        "General And Administrative Expense": 140232000.0,
        "Other Gand A": 140232000.0,
        "Gross Profit": 581570000.0,
        "Cost Of Revenue": 130459000.0,
        "Total Revenue": 712029000.0,
        "Operating Revenue": 712029000.0
    },
    "2024-09-30": {
        "Tax Effect Of Unusual Items": 0.0,
        "Tax Rate For Calcs": 0.210955,
        "Normalized EBITDA": 156415000.0,
        "Total Unusual Items": 0.0,
        "Total Unusual Items Excluding Goodwill": 0.0,
        "Net Income From Continuing Operation Net Minority Interest": 106080000.0,
        "Reconciled Depreciation": 19006000.0,
        "Reconciled Cost Of Revenue": 174460000.0,
        "EBITDA": 156415000.0,
        "EBIT": 137409000.0,
        "Net Interest Income": 15085000.0,
        "Interest Expense": 2968000.0,
        "Interest Income": 18053000.0,
        "Normalized Income": 106080000.0,
        "Net Income From Continuing And Discontinued Operation": 106080000.0,
        "Total Expenses": 631867000.0,
        "Total Operating Income As Reported": 113893000.0,
        "Diluted Average Shares": 197147000.0,
        "Basic Average Shares": 190429000.0,
        "Diluted EPS": 0.55,
        "Basic EPS": 0.56,
        "Diluted NI Availto Com Stockholders": 107912000.0,
        "Average Dilution Earnings": 1832000.0,
        "Net Income Common Stockholders": 106080000.0,
        "Net Income": 106080000.0,
        "Net Income Including Noncontrolling Interests": 106080000.0,
        "Net Income Continuous Operations": 106080000.0,
        "Tax Provision": 28361000.0,
        "Pretax Income": 134441000.0,
        "Other Income Expense": 5463000.0,
        "Other Non Operating Income Expenses": 5463000.0,
        "Special Income Charges": 0.0,
        "Gain On Sale Of Ppe": 0.0,
        "Restructuring And Mergern Acquisition": NaN,
        "Net Non Operating Interest Income Expense": 15085000.0,
        "Interest Expense Non Operating": 2968000.0,
        "Interest Income Non Operating": 18053000.0,
        "Operating Income": 113873000.0,
        "Operating Expense": 443410000.0,
        "Depreciation Amortization Depletion Income Statement": 5009000.0,
        "Depreciation And Amortization In Income Statement": 5009000.0,
        "Amortization": 5009000.0,
        "Amortization Of Intangibles Income Statement": 5009000.0,
        "Research And Development": 184901000.0,
        "Selling General And Administration": 253500000.0,
        "Selling And Marketing Expense": 108900000.0,
        "General And Administrative Expense": 144600000.0,
        "Other Gand A": 144600000.0,
        "Gross Profit": 557283000.0,
        "Cost Of Revenue": 188457000.0,
        "Total Revenue": 745740000.0,
        "Operating Revenue": 745740000.0
    },
    "2024-12-31": {
        "Tax Effect Of Unusual Items": 0.0,
        "Tax Rate For Calcs": 0.263477,
        "Normalized EBITDA": 195496000.0,
        "Total Unusual Items": 0.0,
        "Total Unusual Items Excluding Goodwill": 0.0,
        "Net Income From Continuing Operation Net Minority Interest": 124943000.0,
        "Reconciled Depreciation": 23607000.0,
        "Reconciled Cost Of Revenue": 122226000.0,
        "EBITDA": 195496000.0,
        "EBIT": 171889000.0,
        "Net Interest Income": 15039000.0,
        "Interest Expense": 2250000.0,
        "Interest Income": 17680000.0,
        "Normalized Income": 124943000.0,
        "Net Income From Continuing And Discontinued Operation": 124943000.0,
        "Total Expenses": 585942000.0,
        "Total Operating Income As Reported": 161407000.0,
        "Diluted Average Shares": 196581000.0,
        "Basic Average Shares": 190688000.0,
        "Diluted EPS": 0.64,
        "Basic EPS": 0.66,
        "Diluted NI Availto Com Stockholders": 126775000.0,
        "Average Dilution Earnings": 1832000.0,
        "Net Income Common Stockholders": 124943000.0,
        "Net Income": 124943000.0,
        "Net Income Including Noncontrolling Interests": 124943000.0,
        "Net Income Continuous Operations": 124943000.0,
        "Tax Provision": 44696000.0,
        "Pretax Income": 169639000.0,
        "Other Income Expense": -6871000.0,
        "Other Non Operating Income Expenses": -6871000.0,
        "Special Income Charges": 0.0,
        "Gain On Sale Of Ppe": 0.0,
        "Restructuring And Mergern Acquisition": NaN,
        "Net Non Operating Interest Income Expense": 15039000.0,
        "Interest Expense Non Operating": 2250000.0,
        "Interest Income Non Operating": 17680000.0,
        "Operating Income": 161371000.0,
        "Operating Expense": 449803000.0,
        "Depreciation Amortization Depletion Income Statement": 9694000.0,
        "Depreciation And Amortization In Income Statement": 9694000.0,
        "Amortization": 9694000.0,
        "Amortization Of Intangibles Income Statement": 9694000.0,
        "Research And Development": 173509000.0,
        "Selling General And Administration": 266600000.0,
        "Selling And Marketing Expense": 125600000.0,
        "General And Administrative Expense": 141000000.0,
        "Other Gand A": 141000000.0,
        "Gross Profit": 611174000.0,
        "Cost Of Revenue": 136139000.0,
        "Total Revenue": 747313000.0,
        "Operating Revenue": 747313000.0
    },
    "2025-03-31": {
        "Tax Effect Of Unusual Items": 0.0,
        "Tax Rate For Calcs": 0.220098,
        "Normalized EBITDA": 263021000.0,
        "Total Unusual Items": 0.0,
        "Total Unusual Items Excluding Goodwill": 0.0,
        "Net Income From Continuing Operation Net Minority Interest": 185686000.0,
        "Reconciled Depreciation": 22069000.0,
        "Reconciled Cost Of Revenue": 134336000.0,
        "EBITDA": 263021000.0,
        "EBIT": 240952000.0,
        "Net Interest Income": 16150000.0,
        "Interest Expense": 2863000.0,
        "Interest Income": 19013000.0,
        "Normalized Income": 185686000.0,
        "Net Income From Continuing And Discontinued Operation": 185686000.0,
        "Total Expenses": 521236000.0,
        "Total Operating Income As Reported": 223893000.0,
        "Diluted Average Shares": 196474000.0,
        "Basic Average Shares": 190967000.0,
        "Diluted EPS": 0.95,
        "Basic EPS": 0.97,
        "Diluted NI Availto Com Stockholders": 187519000.0,
        "Average Dilution Earnings": 1833000.0,
        "Net Income Common Stockholders": 185686000.0,
        "Net Income": 185686000.0,
        "Net Income Including Noncontrolling Interests": 185686000.0,
        "Net Income Continuous Operations": 185686000.0,
        "Tax Provision": 52403000.0,
        "Pretax Income": 238089000.0,
        "Other Income Expense": -1954000.0,
        "Other Non Operating Income Expenses": -1954000.0,
        "Special Income Charges": 0.0,
        "Gain On Sale Of Ppe": 0.0,
        "Restructuring And Mergern Acquisition": NaN,
        "Net Non Operating Interest Income Expense": 16150000.0,
        "Interest Expense Non Operating": 2863000.0,
        "Interest Income Non Operating": 19013000.0,
        "Operating Income": 223909000.0,
        "Operating Expense": 369678000.0,
        "Depreciation Amortization Depletion Income Statement": 4847000.0,
        "Depreciation And Amortization In Income Statement": 4847000.0,
        "Amortization": 4847000.0,
        "Amortization Of Intangibles Income Statement": 4847000.0,
        "Research And Development": 158731000.0,
        "Selling General And Administration": 206100000.0,
        "Selling And Marketing Expense": 102500000.0,
        "General And Administrative Expense": 103600000.0,
        "Other Gand A": 103600000.0,
        "Gross Profit": 593587000.0,
        "Cost Of Revenue": 151558000.0,
        "Total Revenue": 745145000.0,
        "Operating Revenue": 745145000.0
    }
}