{
    "2023-03-31": {
        "Tax Effect Of Unusual Items": NaN,
        "Tax Rate For Calcs": NaN,
        "Net Income From Continuing Operation Net Minority Interest": NaN,
        "Reconciled Depreciation": -15000000.0,
        "EBIT": NaN,
        "Net Interest Income": NaN,
        "Interest Expense": NaN,
        "Normalized Income": NaN,
        "Net Income From Continuing And Discontinued Operation": NaN,
        "Total Expenses": NaN,
        "Diluted Average Shares": NaN,
        "Basic Average Shares": NaN,
        "Diluted EPS": NaN,
        "Basic EPS": NaN,
        "Diluted NI Availto Com Stockholders": NaN,
        "Net Income Common Stockholders": NaN,
        "Otherunder Preferred Stock Dividend": NaN,
        "Preferred Stock Dividends": NaN,
        "Net Income": NaN,
        "Minority Interests": NaN,
        "Net Income Including Noncontrolling Interests": NaN,
        "Net Income Continuous Operations": NaN,
        "Tax Provision": NaN,
        "Pretax Income": NaN,
        "Other Income Expense": 97000000.0,
        "Net Non Operating Interest Income Expense": NaN,
        "Interest Expense Non Operating": NaN,
        "Other Operating Expenses": NaN,
        "Total Revenue": NaN,
        "Operating Revenue": NaN,
        "Loss Adjustment Expense": NaN,
        "Net Policyholder Benefits And Claims": NaN,
        "Policyholder Benefits Gross": 854000000.0,
        "Policyholder Benefits Ceded": 98000000.0
    },
    "2022-12-31": {
        "Tax Effect Of Unusual Items": NaN,
        "Tax Rate For Calcs": NaN,
        "Net Income From Continuing Operation Net Minority Interest": NaN,
        "Reconciled Depreciation": -2000000.0,
        "EBIT": NaN,
        "Net Interest Income": NaN,
        "Interest Expense": NaN,
        "Normalized Income": NaN,
        "Net Income From Continuing And Discontinued Operation": NaN,
        "Total Expenses": NaN,
        "Diluted Average Shares": NaN,
        "Basic Average Shares": NaN,
        "Diluted EPS": NaN,
        "Basic EPS": NaN,
        "Diluted NI Availto Com Stockholders": NaN,
        "Net Income Common Stockholders": NaN,
        "Otherunder Preferred Stock Dividend": NaN,
        "Preferred Stock Dividends": NaN,
        "Net Income": NaN,
        "Minority Interests": NaN,
        "Net Income Including Noncontrolling Interests": NaN,
        "Net Income Continuous Operations": NaN,
        "Tax Provision": NaN,
        "Pretax Income": NaN,
        "Other Income Expense": 97000000.0,
        "Net Non Operating Interest Income Expense": NaN,
        "Interest Expense Non Operating": NaN,
        "Other Operating Expenses": NaN,
        "Total Revenue": NaN,
        "Operating Revenue": NaN,
        "Loss Adjustment Expense": NaN,
        "Net Policyholder Benefits And Claims": NaN,
        "Policyholder Benefits Gross": 1016000000.0,
        "Policyholder Benefits Ceded": -135000000.0
    },
    "2022-09-30": {
        "Tax Effect Of Unusual Items": NaN,
        "Tax Rate For Calcs": NaN,
        "Net Income From Continuing Operation Net Minority Interest": NaN,
        "Reconciled Depreciation": NaN,
        "EBIT": NaN,
        "Net Interest Income": NaN,
        "Interest Expense": NaN,
        "Normalized Income": NaN,
        "Net Income From Continuing And Discontinued Operation": NaN,
        "Total Expenses": NaN,
        "Diluted Average Shares": NaN,
        "Basic Average Shares": NaN,
        "Diluted EPS": NaN,
        "Basic EPS": NaN,
        "Diluted NI Availto Com Stockholders": NaN,
        "Net Income Common Stockholders": NaN,
        "Otherunder Preferred Stock Dividend": 2000000.0,
        "Preferred Stock Dividends": 28000000.0,
        "Net Income": NaN,
        "Minority Interests": NaN,
        "Net Income Including Noncontrolling Interests": NaN,
        "Net Income Continuous Operations": NaN,
        "Tax Provision": NaN,
        "Pretax Income": NaN,
        "Other Income Expense": NaN,
        "Net Non Operating Interest Income Expense": NaN,
        "Interest Expense Non Operating": NaN,
        "Other Operating Expenses": NaN,
        "Total Revenue": NaN,
        "Operating Revenue": NaN
    },
    "2022-06-30": {
        "Tax Effect Of Unusual Items": 0.0,
        "Tax Rate For Calcs": 0.4,
        "Net Income From Continuing Operation Net Minority Interest": 1000000.0,
        "Reconciled Depreciation": NaN,
        "EBIT": 41000000.0,
        "Net Interest Income": -34000000.0,
        "Interest Expense": 34000000.0,
        "Normalized Income": 1000000.0,
        "Net Income From Continuing And Discontinued Operation": 1000000.0,
        "Total Expenses": 1277000000.0,
        "Diluted Average Shares": 45717003.0,
        "Basic Average Shares": 45717003.0,
        "Diluted EPS": 0.568716,
        "Basic EPS": 0.568716,
        "Diluted NI Availto Com Stockholders": 1000000.0,
        "Net Income Common Stockholders": 1000000.0,
        "Otherunder Preferred Stock Dividend": NaN,
        "Net Income": 1000000.0,
        "Minority Interests": NaN,
        "Net Income Including Noncontrolling Interests": 1000000.0,
        "Net Income Continuous Operations": 1000000.0,
        "Tax Provision": 6000000.0,
        "Pretax Income": 7000000.0,
        "Other Income Expense": 31000000.0,
        "Net Non Operating Interest Income Expense": -34000000.0,
        "Interest Expense Non Operating": 34000000.0,
        "Other Operating Expenses": 81000000.0,
        "Total Revenue": 1284000000.0,
        "Operating Revenue": 1284000000.0
    },
    "2022-03-31": {
        "Diluted EPS": 6.54,
        "Total Revenue": 278,
        "Gross Profit": 155,
        "Operating Income": 154,
        "EBIT": 157,
        "Net Income": 154
    },
    "2021-12-31": {
        "Diluted EPS": -2.16,
        "Total Revenue": NaN,
        "Gross Profit": NaN,
        "Operating Income": -32,
        "EBIT": -32,
        "Net Income": -45
    },
    "2021-09-30": {
        "Diluted EPS": -0.42,
        "Total Revenue": NaN,
        "Gross Profit": NaN,
        "Operating Income": -8,
        "EBIT": -8,
        "Net Income": -7
    },
    "2021-06-30": {
        "Diluted EPS": 0.0,
        "Total Revenue": 89,
        "Gross Profit": 74,
        "Operating Income": 3,
        "EBIT": 3,
        "Net Income": NaN
    },
    "2021-03-31": {
        "Diluted EPS": 0.0,
        "Total Revenue": -60,
        "Gross Profit": -71,
        "Operating Income": 4,
        "EBIT": 4,
        "Net Income": NaN
    },
    "2020-12-31": {
        "Diluted EPS": 0.0,
        "Total Revenue": NaN,
        "Gross Profit": NaN,
        "Operating Income": NaN,
        "EBIT": NaN,
        "Net Income": NaN
    },
    "2020-06-30": {
        "Diluted EPS": 0.0,
        "Total Revenue": 77,
        "Gross Profit": 67,
        "Operating Income": -1,
        "EBIT": -1,
        "Net Income": -1
    },
    "2023-06-30": {
        "Tax Effect Of Unusual Items": 0.0,
        "Tax Rate For Calcs": 0.03,
        "Net Income From Continuing Operation Net Minority Interest": 363000000.0,
        "Reconciled Depreciation": 32000000.0,
        "EBIT": 749000000.0,
        "Net Interest Income": -376000000.0,
        "Interest Expense": 376000000.0,
        "Normalized Income": 363000000.0,
        "Net Income From Continuing And Discontinued Operation": 363000000.0,
        "Total Expenses": 1667000000.0,
        "Diluted Average Shares": 51789843.0,
        "Basic Average Shares": 51789843.0,
        "Diluted EPS": 7.009096,
        "Basic EPS": 7.009096,
        "Diluted NI Availto Com Stockholders": 362000000.0,
        "Net Income Common Stockholders": 362000000.0,
        "Otherunder Preferred Stock Dividend": 1000000.0,
        "Preferred Stock Dividends": NaN,
        "Net Income": 363000000.0,
        "Minority Interests": 3000000.0,
        "Net Income Including Noncontrolling Interests": 360000000.0,
        "Net Income Continuous Operations": 360000000.0,
        "Tax Provision": 13000000.0,
        "Pretax Income": 373000000.0,
        "Other Income Expense": 103000000.0,
        "Net Non Operating Interest Income Expense": -376000000.0,
        "Interest Expense Non Operating": 376000000.0,
        "Other Operating Expenses": 172000000.0,
        "Total Revenue": 2040000000.0,
        "Operating Revenue": 2040000000.0,
        "Loss Adjustment Expense": 1156000000.0,
        "Net Policyholder Benefits And Claims": 1156000000.0,
        "Policyholder Benefits Gross": NaN,
        "Policyholder Benefits Ceded": NaN
    },
    "2023-09-30": {
        "Tax Effect Of Unusual Items": 0.0,
        "Tax Rate For Calcs": 0.4,
        "Net Income From Continuing Operation Net Minority Interest": 76000000.0,
        "Reconciled Depreciation": 11000000.0,
        "EBIT": 418000000.0,
        "Net Interest Income": -351000000.0,
        "Interest Expense": 351000000.0,
        "Normalized Income": 76000000.0,
        "Net Income From Continuing And Discontinued Operation": 76000000.0,
        "Total Expenses": 1383000000.0,
        "Diluted Average Shares": 71685838.0,
        "Basic Average Shares": 71685838.0,
        "Diluted EPS": 0.65,
        "Basic EPS": 0.65,
        "Diluted NI Availto Com Stockholders": 47000000.0,
        "Net Income Common Stockholders": 47000000.0,
        "Otherunder Preferred Stock Dividend": 1000000.0,
        "Preferred Stock Dividends": 28000000.0,
        "Net Income": 76000000.0,
        "Minority Interests": -1000000.0,
        "Net Income Including Noncontrolling Interests": 77000000.0,
        "Net Income Continuous Operations": 77000000.0,
        "Tax Provision": -10000000.0,
        "Pretax Income": 67000000.0,
        "Other Income Expense": 106000000.0,
        "Net Non Operating Interest Income Expense": -351000000.0,
        "Interest Expense Non Operating": 351000000.0,
        "Other Operating Expenses": 226000000.0,
        "Total Revenue": 1450000000.0,
        "Operating Revenue": 1450000000.0,
        "Loss Adjustment Expense": 924000000.0,
        "Net Policyholder Benefits And Claims": 924000000.0,
        "Policyholder Benefits Gross": NaN,
        "Policyholder Benefits Ceded": NaN
    },
    "2023-12-31": {
        "Tax Effect Of Unusual Items": 0.0,
        "Tax Rate For Calcs": 0.052301,
        "Net Income From Continuing Operation Net Minority Interest": 455000000.0,
        "Reconciled Depreciation": 22000000.0,
        "EBIT": 796000000.0,
        "Net Interest Income": -318000000.0,
        "Interest Expense": 318000000.0,
        "Normalized Income": 455000000.0,
        "Net Income From Continuing And Discontinued Operation": 455000000.0,
        "Total Expenses": 1849000000.0,
        "Diluted Average Shares": 145466310.0,
        "Basic Average Shares": 145466310.0,
        "Diluted EPS": 3.127872,
        "Basic EPS": 3.127872,
        "Diluted NI Availto Com Stockholders": 422000000.0,
        "Net Income Common Stockholders": 422000000.0,
        "Otherunder Preferred Stock Dividend": 2000000.0,
        "Preferred Stock Dividends": 31000000.0,
        "Net Income": 455000000.0,
        "Minority Interests": 2000000.0,
        "Net Income Including Noncontrolling Interests": 453000000.0,
        "Net Income Continuous Operations": 453000000.0,
        "Tax Provision": 25000000.0,
        "Pretax Income": 478000000.0,
        "Other Income Expense": 107000000.0,
        "Net Non Operating Interest Income Expense": -318000000.0,
        "Interest Expense Non Operating": 318000000.0,
        "Other Operating Expenses": 248000000.0,
        "Total Revenue": 2327000000.0,
        "Operating Revenue": 2327000000.0,
        "Loss Adjustment Expense": 1111000000.0,
        "Net Policyholder Benefits And Claims": 1111000000.0,
        "Policyholder Benefits Gross": NaN,
        "Policyholder Benefits Ceded": NaN
    },
    "2024-03-31": {
        "Tax Effect Of Unusual Items": 0.0,
        "Tax Rate For Calcs": 0.069061,
        "Net Income From Continuing Operation Net Minority Interest": 335000000.0,
        "Reconciled Depreciation": NaN,
        "EBIT": 676000000.0,
        "Net Interest Income": -314000000.0,
        "Interest Expense": 314000000.0,
        "Normalized Income": 335000000.0,
        "Net Income From Continuing And Discontinued Operation": 335000000.0,
        "Total Expenses": 2224000000.0,
        "Diluted Average Shares": 145466310.0,
        "Basic Average Shares": 145466310.0,
        "Diluted EPS": 2.302939,
        "Basic EPS": 2.302939,
        "Diluted NI Availto Com Stockholders": 335000000.0,
        "Net Income Common Stockholders": 335000000.0,
        "Otherunder Preferred Stock Dividend": NaN,
        "Preferred Stock Dividends": NaN,
        "Net Income": 335000000.0,
        "Minority Interests": -2000000.0,
        "Net Income Including Noncontrolling Interests": 337000000.0,
        "Net Income Continuous Operations": 337000000.0,
        "Tax Provision": 25000000.0,
        "Pretax Income": 362000000.0,
        "Other Income Expense": NaN,
        "Net Non Operating Interest Income Expense": -314000000.0,
        "Interest Expense Non Operating": 314000000.0,
        "Other Operating Expenses": 326000000.0,
        "Total Revenue": 2586000000.0,
        "Operating Revenue": 2586000000.0,
        "Loss Adjustment Expense": 1433000000.0,
        "Net Policyholder Benefits And Claims": 1433000000.0,
        "Policyholder Benefits Gross": NaN,
        "Policyholder Benefits Ceded": NaN
    },
    "2024-06-30": {
        "Tax Effect Of Unusual Items": 0.0,
        "Tax Rate For Calcs": 0.15,
        "Net Income From Continuing Operation Net Minority Interest": 264000000.0,
        "Reconciled Depreciation": NaN,
        "EBIT": 488000000.0,
        "Net Interest Income": -517000000.0,
        "Interest Expense": 517000000.0,
        "Normalized Income": 264000000.0,
        "Net Income From Continuing And Discontinued Operation": 264000000.0,
        "Total Expenses": 2944000000.0,
        "Diluted Average Shares": 145486126.0,
        "Basic Average Shares": 145486126.0,
        "Diluted EPS": 1.814606,
        "Basic EPS": 1.814606,
        "Diluted NI Availto Com Stockholders": 264000000.0,
        "Net Income Common Stockholders": 264000000.0,
        "Otherunder Preferred Stock Dividend": NaN,
        "Preferred Stock Dividends": NaN,
        "Net Income": 264000000.0,
        "Minority Interests": -5000000.0,
        "Net Income Including Noncontrolling Interests": 269000000.0,
        "Net Income Continuous Operations": 269000000.0,
        "Tax Provision": -298000000.0,
        "Pretax Income": -29000000.0,
        "Other Income Expense": NaN,
        "Net Non Operating Interest Income Expense": -517000000.0,
        "Interest Expense Non Operating": 517000000.0,
        "Other Operating Expenses": 461000000.0,
        "Total Revenue": 2915000000.0,
        "Operating Revenue": 2915000000.0,
        "Loss Adjustment Expense": 1690000000.0,
        "Net Policyholder Benefits And Claims": 1690000000.0,
        "Policyholder Benefits Gross": NaN,
        "Policyholder Benefits Ceded": NaN
    }
}