{
    "2024-06-30": {
        "Tax Effect Of Unusual Items": NaN,
        "Tax Rate For Calcs": NaN,
        "Net Income From Continuing Operation Net Minority Interest": NaN,
        "Reconciled Depreciation": 57000000.0,
        "EBIT": NaN,
        "Net Interest Income": NaN,
        "Interest Expense": NaN,
        "Normalized Income": NaN,
        "Net Income From Continuing And Discontinued Operation": NaN,
        "Total Expenses": NaN,
        "Diluted Average Shares": NaN,
        "Basic Average Shares": NaN,
        "Diluted EPS": NaN,
        "Basic EPS": NaN,
        "Diluted NI Availto Com Stockholders": NaN,
        "Net Income Common Stockholders": NaN,
        "Otherunder Preferred Stock Dividend": NaN,
        "Preferred Stock Dividends": 28000000.0,
        "Net Income": NaN,
        "Minority Interests": NaN,
        "Net Income Including Noncontrolling Interests": NaN,
        "Net Income Continuous Operations": NaN,
        "Tax Provision": NaN,
        "Pretax Income": NaN,
        "Other Income Expense": 200000000.0,
        "Net Non Operating Interest Income Expense": NaN,
        "Interest Expense Non Operating": NaN,
        "Other Operating Expenses": NaN,
        "Total Revenue": NaN,
        "Operating Revenue": NaN,
        "Loss Adjustment Expense": NaN,
        "Net Policyholder Benefits And Claims": NaN,
        "Policyholder Benefits Gross": NaN,
        "Policyholder Benefits Ceded": 498000000.0
    },
    "2024-03-31": {
        "Tax Effect Of Unusual Items": NaN,
        "Tax Rate For Calcs": NaN,
        "Net Income From Continuing Operation Net Minority Interest": NaN,
        "Reconciled Depreciation": NaN,
        "EBIT": NaN,
        "Net Interest Income": NaN,
        "Interest Expense": NaN,
        "Normalized Income": NaN,
        "Net Income From Continuing And Discontinued Operation": NaN,
        "Total Expenses": NaN,
        "Diluted Average Shares": NaN,
        "Basic Average Shares": NaN,
        "Diluted EPS": NaN,
        "Basic EPS": NaN,
        "Diluted NI Availto Com Stockholders": NaN,
        "Net Income Common Stockholders": NaN,
        "Otherunder Preferred Stock Dividend": 3000000.0,
        "Preferred Stock Dividends": 28000000.0,
        "Net Income": NaN,
        "Minority Interests": NaN,
        "Net Income Including Noncontrolling Interests": NaN,
        "Net Income Continuous Operations": NaN,
        "Tax Provision": NaN,
        "Pretax Income": NaN,
        "Other Income Expense": NaN,
        "Net Non Operating Interest Income Expense": NaN,
        "Interest Expense Non Operating": NaN,
        "Other Operating Expenses": NaN,
        "Total Revenue": NaN,
        "Operating Revenue": NaN,
        "Loss Adjustment Expense": NaN,
        "Net Policyholder Benefits And Claims": NaN,
        "Policyholder Benefits Gross": NaN,
        "Policyholder Benefits Ceded": 315000000.0
    },
    "2023-12-31": {
        "Tax Effect Of Unusual Items": NaN,
        "Tax Rate For Calcs": NaN,
        "Net Income From Continuing Operation Net Minority Interest": NaN,
        "Reconciled Depreciation": NaN,
        "EBIT": NaN,
        "Net Interest Income": NaN,
        "Interest Expense": NaN,
        "Normalized Income": NaN,
        "Net Income From Continuing And Discontinued Operation": NaN,
        "Total Expenses": NaN,
        "Diluted Average Shares": NaN,
        "Basic Average Shares": NaN,
        "Diluted EPS": NaN,
        "Basic EPS": NaN,
        "Diluted NI Availto Com Stockholders": NaN,
        "Net Income Common Stockholders": NaN,
        "Otherunder Preferred Stock Dividend": 2000000.0,
        "Preferred Stock Dividends": 31000000.0,
        "Net Income": NaN,
        "Minority Interests": NaN,
        "Net Income Including Noncontrolling Interests": NaN,
        "Net Income Continuous Operations": NaN,
        "Tax Provision": NaN,
        "Pretax Income": NaN,
        "Other Income Expense": NaN,
        "Net Non Operating Interest Income Expense": NaN,
        "Interest Expense Non Operating": NaN,
        "Other Operating Expenses": NaN,
        "Total Revenue": NaN,
        "Operating Revenue": NaN,
        "Loss Adjustment Expense": NaN,
        "Net Policyholder Benefits And Claims": NaN,
        "Policyholder Benefits Gross": NaN,
        "Policyholder Benefits Ceded": NaN
    },
    "2023-09-30": {
        "Tax Effect Of Unusual Items": NaN,
        "Tax Rate For Calcs": NaN,
        "Net Income From Continuing Operation Net Minority Interest": NaN,
        "Reconciled Depreciation": 11000000.0,
        "EBIT": NaN,
        "Net Interest Income": NaN,
        "Interest Expense": NaN,
        "Normalized Income": NaN,
        "Net Income From Continuing And Discontinued Operation": NaN,
        "Total Expenses": NaN,
        "Diluted Average Shares": NaN,
        "Basic Average Shares": NaN,
        "Diluted EPS": NaN,
        "Basic EPS": NaN,
        "Diluted NI Availto Com Stockholders": NaN,
        "Net Income Common Stockholders": NaN,
        "Otherunder Preferred Stock Dividend": 1000000.0,
        "Preferred Stock Dividends": 28000000.0,
        "Net Income": NaN,
        "Minority Interests": NaN,
        "Net Income Including Noncontrolling Interests": NaN,
        "Net Income Continuous Operations": NaN,
        "Tax Provision": NaN,
        "Pretax Income": NaN,
        "Other Income Expense": 106000000.0,
        "Net Non Operating Interest Income Expense": NaN,
        "Interest Expense Non Operating": NaN,
        "Other Operating Expenses": NaN,
        "Total Revenue": NaN,
        "Operating Revenue": NaN,
        "Loss Adjustment Expense": NaN,
        "Net Policyholder Benefits And Claims": NaN,
        "Policyholder Benefits Gross": NaN
    },
    "2023-06-30": {
        "Tax Effect Of Unusual Items": NaN,
        "Tax Rate For Calcs": NaN,
        "Net Income From Continuing Operation Net Minority Interest": NaN,
        "Reconciled Depreciation": 32000000.0,
        "EBIT": NaN,
        "Net Interest Income": NaN,
        "Interest Expense": NaN,
        "Normalized Income": NaN,
        "Net Income From Continuing And Discontinued Operation": NaN,
        "Total Expenses": NaN,
        "Diluted Average Shares": NaN,
        "Basic Average Shares": NaN,
        "Diluted EPS": NaN,
        "Basic EPS": NaN,
        "Diluted NI Availto Com Stockholders": NaN,
        "Net Income Common Stockholders": NaN,
        "Otherunder Preferred Stock Dividend": 1000000.0,
        "Preferred Stock Dividends": 28000000.0,
        "Net Income": NaN,
        "Minority Interests": NaN,
        "Net Income Including Noncontrolling Interests": NaN,
        "Net Income Continuous Operations": NaN,
        "Tax Provision": NaN,
        "Pretax Income": NaN,
        "Other Income Expense": 103000000.0,
        "Net Non Operating Interest Income Expense": NaN,
        "Interest Expense Non Operating": NaN,
        "Other Operating Expenses": NaN,
        "Total Revenue": NaN,
        "Operating Revenue": NaN,
        "Loss Adjustment Expense": NaN,
        "Net Policyholder Benefits And Claims": NaN
    },
    "2023-03-31": {
        "Tax Effect Of Unusual Items": NaN,
        "Tax Rate For Calcs": NaN,
        "Net Income From Continuing Operation Net Minority Interest": NaN,
        "Reconciled Depreciation": -15000000.0,
        "EBIT": NaN,
        "Net Interest Income": NaN,
        "Interest Expense": NaN,
        "Normalized Income": NaN,
        "Net Income From Continuing And Discontinued Operation": NaN,
        "Total Expenses": NaN,
        "Diluted Average Shares": NaN,
        "Basic Average Shares": NaN,
        "Diluted EPS": NaN,
        "Basic EPS": NaN,
        "Diluted NI Availto Com Stockholders": NaN,
        "Net Income Common Stockholders": NaN,
        "Otherunder Preferred Stock Dividend": NaN,
        "Preferred Stock Dividends": NaN,
        "Net Income": NaN,
        "Minority Interests": NaN,
        "Net Income Including Noncontrolling Interests": NaN,
        "Net Income Continuous Operations": NaN,
        "Tax Provision": NaN,
        "Pretax Income": NaN,
        "Other Income Expense": NaN,
        "Net Non Operating Interest Income Expense": NaN,
        "Interest Expense Non Operating": NaN,
        "Other Operating Expenses": NaN,
        "Total Revenue": NaN,
        "Operating Revenue": NaN,
        "Loss Adjustment Expense": NaN,
        "Net Policyholder Benefits And Claims": NaN,
        "Policyholder Benefits Gross": 854000000.0,
        "Policyholder Benefits Ceded": 98000000.0
    },
    "2022-12-31": {
        "Tax Effect Of Unusual Items": NaN,
        "Tax Rate For Calcs": NaN,
        "Net Income From Continuing Operation Net Minority Interest": NaN,
        "Reconciled Depreciation": -2000000.0,
        "EBIT": NaN,
        "Net Interest Income": NaN,
        "Interest Expense": NaN,
        "Normalized Income": NaN,
        "Net Income From Continuing And Discontinued Operation": NaN,
        "Total Expenses": NaN,
        "Diluted Average Shares": NaN,
        "Basic Average Shares": NaN,
        "Diluted EPS": NaN,
        "Basic EPS": NaN,
        "Diluted NI Availto Com Stockholders": NaN,
        "Net Income Common Stockholders": NaN,
        "Otherunder Preferred Stock Dividend": NaN,
        "Preferred Stock Dividends": NaN,
        "Net Income": NaN,
        "Minority Interests": NaN,
        "Net Income Including Noncontrolling Interests": NaN,
        "Net Income Continuous Operations": NaN,
        "Tax Provision": NaN,
        "Pretax Income": NaN,
        "Other Income Expense": 97000000.0,
        "Net Non Operating Interest Income Expense": NaN,
        "Interest Expense Non Operating": NaN,
        "Other Operating Expenses": NaN,
        "Total Revenue": NaN,
        "Operating Revenue": NaN,
        "Loss Adjustment Expense": NaN,
        "Net Policyholder Benefits And Claims": NaN,
        "Policyholder Benefits Gross": 1016000000.0,
        "Policyholder Benefits Ceded": -135000000.0
    },
    "2024-09-30": {
        "Tax Effect Of Unusual Items": 0.0,
        "Tax Rate For Calcs": 0.15,
        "Net Income From Continuing Operation Net Minority Interest": 52000000.0,
        "Reconciled Depreciation": 63000000.0,
        "EBIT": 54000000.0,
        "Net Interest Income": -99000000.0,
        "Interest Expense": 99000000.0,
        "Normalized Income": 52000000.0,
        "Net Income From Continuing And Discontinued Operation": 52000000.0,
        "Total Expenses": 2795000000.0,
        "Diluted Average Shares": 193792456.0,
        "Basic Average Shares": 193792456.0,
        "Diluted EPS": 0.268328,
        "Basic EPS": 0.268328,
        "Diluted NI Availto Com Stockholders": 24000000.0,
        "Net Income Common Stockholders": 52000000.0,
        "Otherunder Preferred Stock Dividend": NaN,
        "Preferred Stock Dividends": 28000000.0,
        "Net Income": 52000000.0,
        "Minority Interests": -13000000.0,
        "Net Income Including Noncontrolling Interests": 65000000.0,
        "Net Income Continuous Operations": 65000000.0,
        "Tax Provision": -110000000.0,
        "Pretax Income": -45000000.0,
        "Other Income Expense": 217000000.0,
        "Net Non Operating Interest Income Expense": -99000000.0,
        "Interest Expense Non Operating": 99000000.0,
        "Other Operating Expenses": 330000000.0,
        "Total Revenue": 2750000000.0,
        "Operating Revenue": 2969000000.0,
        "Loss Adjustment Expense": 1443000000.0,
        "Net Policyholder Benefits And Claims": 1443000000.0,
        "Policyholder Benefits Gross": 1443000000.0,
        "Policyholder Benefits Ceded": NaN
    },
    "2024-12-31": {
        "Tax Effect Of Unusual Items": 0.0,
        "Tax Rate For Calcs": 0.377297,
        "Net Income From Continuing Operation Net Minority Interest": 563000000.0,
        "Reconciled Depreciation": 50000000.0,
        "EBIT": 1021000000.0,
        "Net Interest Income": -96000000.0,
        "Interest Expense": 96000000.0,
        "Normalized Income": 563000000.0,
        "Net Income From Continuing And Discontinued Operation": 563000000.0,
        "Total Expenses": 5056000000.0,
        "Diluted Average Shares": 263295421.0,
        "Basic Average Shares": 263295421.0,
        "Diluted EPS": 2.12309,
        "Basic EPS": 2.12309,
        "Diluted NI Availto Com Stockholders": 528000000.0,
        "Net Income Common Stockholders": 528000000.0,
        "Otherunder Preferred Stock Dividend": NaN,
        "Preferred Stock Dividends": 21000000.0,
        "Net Income": 563000000.0,
        "Minority Interests": -13000000.0,
        "Net Income Including Noncontrolling Interests": 576000000.0,
        "Net Income Continuous Operations": 576000000.0,
        "Tax Provision": 349000000.0,
        "Pretax Income": 925000000.0,
        "Other Income Expense": 252000000.0,
        "Net Non Operating Interest Income Expense": -96000000.0,
        "Interest Expense Non Operating": 96000000.0,
        "Other Operating Expenses": 332000000.0,
        "Total Revenue": 5981000000.0,
        "Operating Revenue": 5981000000.0,
        "Loss Adjustment Expense": 3548000000.0,
        "Net Policyholder Benefits And Claims": 3548000000.0,
        "Policyholder Benefits Gross": 6895000000.0,
        "Policyholder Benefits Ceded": NaN
    },
    "2025-03-31": {
        "Tax Effect Of Unusual Items": 0.0,
        "Tax Rate For Calcs": 0.236,
        "Net Income From Continuing Operation Net Minority Interest": -326000000.0,
        "Reconciled Depreciation": 64000000.0,
        "EBIT": -296000000.0,
        "Net Interest Income": -73000000.0,
        "Interest Expense": 73000000.0,
        "Normalized Income": -326000000.0,
        "Net Income From Continuing And Discontinued Operation": -326000000.0,
        "Total Expenses": 2787000000.0,
        "Diluted Average Shares": 201116647.0,
        "Basic Average Shares": 201116647.0,
        "Diluted EPS": -1.64,
        "Basic EPS": -1.64,
        "Diluted NI Availto Com Stockholders": -330000000.0,
        "Net Income Common Stockholders": -330000000.0,
        "Otherunder Preferred Stock Dividend": 4000000.0,
        "Preferred Stock Dividends": NaN,
        "Net Income": -326000000.0,
        "Minority Interests": -44000000.0,
        "Net Income Including Noncontrolling Interests": -282000000.0,
        "Net Income Continuous Operations": -282000000.0,
        "Tax Provision": -87000000.0,
        "Pretax Income": -369000000.0,
        "Other Income Expense": 179000000.0,
        "Net Non Operating Interest Income Expense": -73000000.0,
        "Interest Expense Non Operating": 73000000.0,
        "Other Operating Expenses": 382000000.0,
        "Total Revenue": 2418000000.0,
        "Operating Revenue": 2418000000.0,
        "Loss Adjustment Expense": 1469000000.0,
        "Net Policyholder Benefits And Claims": 1469000000.0,
        "Policyholder Benefits Gross": 1771000000.0,
        "Policyholder Benefits Ceded": 302000000.0
    },
    "2025-06-30": {
        "Tax Effect Of Unusual Items": 0.0,
        "Tax Rate For Calcs": 0.15,
        "Net Income From Continuing Operation Net Minority Interest": 501000000.0,
        "Reconciled Depreciation": 43000000.0,
        "EBIT": 689000000.0,
        "Net Interest Income": -82000000.0,
        "Interest Expense": 82000000.0,
        "Normalized Income": 501000000.0,
        "Net Income From Continuing And Discontinued Operation": 501000000.0,
        "Total Expenses": 2299000000.0,
        "Diluted Average Shares": 304930967.0,
        "Basic Average Shares": 304930967.0,
        "Diluted EPS": 1.642995,
        "Basic EPS": 1.642995,
        "Diluted NI Availto Com Stockholders": 501000000.0,
        "Net Income Common Stockholders": 501000000.0,
        "Otherunder Preferred Stock Dividend": NaN,
        "Preferred Stock Dividends": NaN,
        "Net Income": 501000000.0,
        "Minority Interests": -15000000.0,
        "Net Income Including Noncontrolling Interests": 516000000.0,
        "Net Income Continuous Operations": 516000000.0,
        "Tax Provision": 91000000.0,
        "Pretax Income": 607000000.0,
        "Other Income Expense": 200000000.0,
        "Net Non Operating Interest Income Expense": -82000000.0,
        "Interest Expense Non Operating": 82000000.0,
        "Other Operating Expenses": 323000000.0,
        "Total Revenue": 2906000000.0,
        "Operating Revenue": 2906000000.0,
        "Loss Adjustment Expense": 1034000000.0,
        "Net Policyholder Benefits And Claims": 1034000000.0,
        "Policyholder Benefits Gross": 1423000000.0,
        "Policyholder Benefits Ceded": 389000000.0
    },
    "2025-09-30": {
        "Tax Effect Of Unusual Items": 0.0,
        "Tax Rate For Calcs": 0.19683,
        "Net Income From Continuing Operation Net Minority Interest": 583000000.0,
        "Reconciled Depreciation": NaN,
        "EBIT": 869000000.0,
        "Net Interest Income": -112000000.0,
        "Interest Expense": 112000000.0,
        "Normalized Income": 583000000.0,
        "Net Income From Continuing And Discontinued Operation": 583000000.0,
        "Total Expenses": 2354000000.0,
        "Diluted Average Shares": 304930967.0,
        "Basic Average Shares": 304930967.0,
        "Diluted EPS": 1.911908,
        "Basic EPS": 1.911908,
        "Diluted NI Availto Com Stockholders": 583000000.0,
        "Net Income Common Stockholders": 583000000.0,
        "Otherunder Preferred Stock Dividend": NaN,
        "Preferred Stock Dividends": NaN,
        "Net Income": 583000000.0,
        "Minority Interests": -25000000.0,
        "Net Income Including Noncontrolling Interests": 608000000.0,
        "Net Income Continuous Operations": 608000000.0,
        "Tax Provision": 149000000.0,
        "Pretax Income": 757000000.0,
        "Other Income Expense": NaN,
        "Net Non Operating Interest Income Expense": -112000000.0,
        "Interest Expense Non Operating": 112000000.0,
        "Other Operating Expenses": 272000000.0,
        "Total Revenue": 3111000000.0,
        "Operating Revenue": 3111000000.0,
        "Loss Adjustment Expense": 871000000.0,
        "Net Policyholder Benefits And Claims": 1056000000.0,
        "Policyholder Benefits Gross": 1056000000.0,
        "Policyholder Benefits Ceded": NaN
    }
}