{
    "2023-03-31": {
        "Tax Effect Of Unusual Items": 178100.0,
        "Tax Rate For Calcs": 0.4,
        "Normalized EBITDA": -611743.0,
        "Total Unusual Items": 445250.0,
        "Total Unusual Items Excluding Goodwill": 445250.0,
        "Net Income From Continuing Operation Net Minority Interest": 278757.0,
        "EBITDA": -166493.0,
        "EBIT": -166493.0,
        "Normalized Income": 11607.0,
        "Net Income From Continuing And Discontinued Operation": 278757.0,
        "Total Expenses": 166493.0,
        "Total Operating Income As Reported": -166493.0,
        "Diluted Average Shares": 22586946.0,
        "Basic Average Shares": 22586946.0,
        "Diluted EPS": 0.01,
        "Basic EPS": 0.01,
        "Diluted NI Availto Com Stockholders": 278757.0,
        "Net Income Common Stockholders": 278757.0,
        "Net Income": 278757.0,
        "Net Income Including Noncontrolling Interests": 278757.0,
        "Net Income Continuous Operations": 278757.0,
        "Pretax Income": 278757.0,
        "Other Income Expense": 445250.0,
        "Gain On Sale Of Security": 445250.0,
        "Operating Income": -166493.0,
        "Operating Expense": 166493.0,
        "Selling General And Administration": 166493.0,
        "General And Administrative Expense": 166493.0,
        "Other Gand A": 166493.0,
        "Salaries And Wages": 0.0,
        "Total Revenue": 0.0,
        "Operating Revenue": 0.0
    },
    "2022-12-31": {
        "Tax Effect Of Unusual Items": 0.0,
        "Tax Rate For Calcs": 0.0,
        "Normalized EBITDA": 631342.0,
        "Total Unusual Items": -890500.0,
        "Total Unusual Items Excluding Goodwill": -890500.0,
        "Net Income From Continuing Operation Net Minority Interest": -1149658.0,
        "EBITDA": -259158.0,
        "EBIT": -259158.0,
        "Normalized Income": -259158.0,
        "Net Income From Continuing And Discontinued Operation": -1149658.0,
        "Total Expenses": 259158.0,
        "Total Operating Income As Reported": -259158.0,
        "Diluted Average Shares": 22586946.0,
        "Basic Average Shares": 22586946.0,
        "Diluted EPS": 0.08,
        "Basic EPS": 0.08,
        "Diluted NI Availto Com Stockholders": -1149658.0,
        "Net Income Common Stockholders": -1149658.0,
        "Net Income": -1149658.0,
        "Net Income Including Noncontrolling Interests": -1149658.0,
        "Net Income Continuous Operations": -1149658.0,
        "Pretax Income": -1149658.0,
        "Other Income Expense": -890500.0,
        "Gain On Sale Of Security": -890500.0,
        "Operating Income": -259158.0,
        "Operating Expense": 259158.0,
        "Selling General And Administration": 259158.0,
        "General And Administrative Expense": 259158.0,
        "Other Gand A": 250317.0,
        "Salaries And Wages": 8841.0,
        "Total Revenue": 0.0,
        "Operating Revenue": 0.0
    },
    "2022-09-30": {
        "Tax Effect Of Unusual Items": 2322438.8,
        "Tax Rate For Calcs": 0.4,
        "Normalized EBITDA": -6253302.0,
        "Total Unusual Items": 5806097.0,
        "Total Unusual Items Excluding Goodwill": 5806097.0,
        "Net Income From Continuing Operation Net Minority Interest": 5358892.0,
        "EBITDA": -447205.0,
        "EBIT": -447205.0,
        "Normalized Income": 1875233.8,
        "Net Income From Continuing And Discontinued Operation": 5358892.0,
        "Total Expenses": 447205.0,
        "Total Operating Income As Reported": -447205.0,
        "Diluted Average Shares": 70718424.0,
        "Basic Average Shares": 70718424.0,
        "Diluted EPS": 0.08,
        "Basic EPS": 0.08,
        "Diluted NI Availto Com Stockholders": 5358892.0,
        "Net Income Common Stockholders": 5358892.0,
        "Net Income": 5358892.0,
        "Net Income Including Noncontrolling Interests": 5358892.0,
        "Net Income Continuous Operations": 5358892.0,
        "Pretax Income": 5358892.0,
        "Other Income Expense": 5806097.0,
        "Gain On Sale Of Security": 5806097.0,
        "Operating Income": -447205.0,
        "Operating Expense": 447205.0,
        "Selling General And Administration": 447205.0,
        "General And Administrative Expense": 447205.0,
        "Other Gand A": 420683.0,
        "Salaries And Wages": 26522.0,
        "Total Revenue": 0.0,
        "Operating Revenue": 0.0
    },
    "2022-06-30": {
        "Tax Effect Of Unusual Items": 2540085.6,
        "Tax Rate For Calcs": 0.4,
        "Normalized EBITDA": -6533366.0,
        "Total Unusual Items": 6350214.0,
        "Total Unusual Items Excluding Goodwill": 6350214.0,
        "Net Income From Continuing Operation Net Minority Interest": 6167062.0,
        "EBITDA": -183152.0,
        "EBIT": -183152.0,
        "Normalized Income": 2356933.6,
        "Net Income From Continuing And Discontinued Operation": 6167062.0,
        "Total Expenses": 183152.0,
        "Total Operating Income As Reported": -183152.0,
        "Diluted Average Shares": 75937500.0,
        "Basic Average Shares": 15187500.0,
        "Diluted EPS": 0.08,
        "Basic EPS": 0.08,
        "Diluted NI Availto Com Stockholders": 6167062.0,
        "Net Income Common Stockholders": 6167062.0,
        "Net Income": 6167062.0,
        "Net Income Including Noncontrolling Interests": 6167062.0,
        "Net Income Continuous Operations": 6167062.0,
        "Pretax Income": 6167062.0,
        "Other Income Expense": 6350214.0,
        "Gain On Sale Of Security": 6350214.0,
        "Operating Income": -183152.0,
        "Operating Expense": 183152.0,
        "Selling General And Administration": 183152.0,
        "General And Administrative Expense": 183152.0,
        "Other Gand A": 156630.0,
        "Salaries And Wages": 26522.0,
        "Total Revenue": 0.0,
        "Operating Revenue": 0.0
    },
    "2022-03-31": {
        "Diluted EPS": 0.29,
        "Total Revenue": NaN,
        "Gross Profit": NaN,
        "Operating Income": 0,
        "EBIT": 0,
        "Net Income": 22
    },
    "2021-12-31": {
        "Diluted EPS": 0.09,
        "Total Revenue": NaN,
        "Gross Profit": NaN,
        "Operating Income": 0,
        "EBIT": 0,
        "Net Income": 7
    },
    "2021-09-30": {
        "Diluted EPS": 0.2,
        "Total Revenue": NaN,
        "Gross Profit": NaN,
        "Operating Income": 0,
        "EBIT": 0,
        "Net Income": 15
    },
    "2021-06-30": {
        "Diluted EPS": 0.09,
        "Total Revenue": NaN,
        "Gross Profit": NaN,
        "Operating Income": 0,
        "EBIT": 0,
        "Net Income": 7
    },
    "2021-03-31": {
        "Diluted EPS": 0.29,
        "Total Revenue": NaN,
        "Gross Profit": NaN,
        "Operating Income": 0,
        "EBIT": 0,
        "Net Income": 22
    },
    "2020-12-31": {
        "Diluted EPS": 0.0,
        "Total Revenue": NaN,
        "Gross Profit": NaN,
        "Operating Income": NaN,
        "EBIT": NaN,
        "Net Income": NaN
    },
    "2020-09-30": {
        "Diluted EPS": 0.0,
        "Total Revenue": NaN,
        "Gross Profit": NaN,
        "Operating Income": 0,
        "EBIT": 0,
        "Net Income": 0
    },
    "2023-06-30": {
        "Tax Effect Of Unusual Items": 1781000.0,
        "Tax Rate For Calcs": 0.4,
        "Normalized EBITDA": -4670502.0,
        "Total Unusual Items": 4452500.0,
        "Total Unusual Items Excluding Goodwill": 4452500.0,
        "Net Income From Continuing Operation Net Minority Interest": 4234498.0,
        "EBITDA": -218002.0,
        "EBIT": -218002.0,
        "Normalized Income": 1562998.0,
        "Net Income From Continuing And Discontinued Operation": 4234498.0,
        "Total Expenses": 218002.0,
        "Total Operating Income As Reported": -218002.0,
        "Diluted Average Shares": 22586946.0,
        "Basic Average Shares": 15187500.0,
        "Diluted EPS": 0.19,
        "Basic EPS": 0.19,
        "Diluted NI Availto Com Stockholders": 4234498.0,
        "Net Income Common Stockholders": 4234498.0,
        "Net Income": 4234498.0,
        "Net Income Including Noncontrolling Interests": 4234498.0,
        "Net Income Continuous Operations": 4234498.0,
        "Pretax Income": 4234498.0,
        "Other Income Expense": 4452500.0,
        "Gain On Sale Of Security": 4452500.0,
        "Operating Income": -218002.0,
        "Operating Expense": 218002.0,
        "Selling General And Administration": 218002.0,
        "General And Administrative Expense": 218002.0,
        "Other Gand A": 218002.0,
        "Salaries And Wages": 0.0,
        "Total Revenue": 0.0,
        "Operating Revenue": 0.0
    }
}