{
    "2023-06-30": {
        "Tax Effect Of Unusual Items": 0.0,
        "Tax Rate For Calcs": 0.2457,
        "Total Unusual Items": NaN,
        "Total Unusual Items Excluding Goodwill": NaN,
        "Net Income From Continuing Operation Net Minority Interest": 46061000.0,
        "Reconciled Depreciation": 8540000.0,
        "Net Interest Income": 124348000.0,
        "Interest Expense": 75403000.0,
        "Interest Income": 199751000.0,
        "Normalized Income": 46061000.0,
        "Net Income From Continuing And Discontinued Operation": 46061000.0,
        "Diluted Average Shares": 39317521.0,
        "Basic Average Shares": 39241559.0,
        "Diluted EPS": 1.12,
        "Basic EPS": 1.12,
        "Diluted NI Availto Com Stockholders": 44092000.0,
        "Net Income Common Stockholders": 44092000.0,
        "Preferred Stock Dividends": 1969000.0,
        "Net Income": 46061000.0,
        "Net Income Including Noncontrolling Interests": 46061000.0,
        "Net Income Continuous Operations": 46061000.0,
        "Tax Provision": 15006000.0,
        "Pretax Income": 61067000.0,
        "Special Income Charges": NaN,
        "Gain On Sale Of Security": -1310000.0,
        "Selling General And Administration": 61340000.0,
        "Selling And Marketing Expense": 1992000.0,
        "General And Administrative Expense": 59348000.0,
        "Insurance And Claims": 3173000.0,
        "Salaries And Wages": 56175000.0,
        "Total Revenue": 166024000.0,
        "Operating Revenue": 166024000.0,
        "Occupancy And Equipment": 20564000.0,
        "Professional Expense And Contract Services Expense": 4651000.0,
        "Other Non Interest Expense": 15902000.0
    },
    "2023-03-31": {
        "Tax Effect Of Unusual Items": 0.0,
        "Tax Rate For Calcs": 0.2538,
        "Total Unusual Items": NaN,
        "Total Unusual Items Excluding Goodwill": NaN,
        "Net Income From Continuing Operation Net Minority Interest": 46842000.0,
        "Reconciled Depreciation": 8793000.0,
        "Net Interest Income": 135955000.0,
        "Interest Expense": 52377000.0,
        "Interest Income": 188332000.0,
        "Normalized Income": 46842000.0,
        "Net Income From Continuing And Discontinued Operation": 46842000.0,
        "Diluted Average Shares": 39465889.0,
        "Basic Average Shares": 39276833.0,
        "Diluted EPS": 1.14,
        "Basic EPS": 1.14,
        "Diluted NI Availto Com Stockholders": 44873000.0,
        "Net Income Common Stockholders": 44873000.0,
        "Preferred Stock Dividends": 1969000.0,
        "Net Income": 46842000.0,
        "Net Income Including Noncontrolling Interests": 46842000.0,
        "Net Income Continuous Operations": 46842000.0,
        "Tax Provision": 15931000.0,
        "Pretax Income": 62773000.0,
        "Special Income Charges": NaN,
        "Gain On Sale Of Security": -1792000.0,
        "Selling General And Administration": 70367000.0,
        "Selling And Marketing Expense": 2045000.0,
        "General And Administrative Expense": 68322000.0,
        "Insurance And Claims": 3234000.0,
        "Salaries And Wages": 65088000.0,
        "Total Revenue": 175039000.0,
        "Operating Revenue": 175039000.0,
        "Occupancy And Equipment": 20247000.0,
        "Professional Expense And Contract Services Expense": 3883000.0,
        "Other Non Interest Expense": 15769000.0
    },
    "2022-12-31": {
        "Tax Effect Of Unusual Items": 0.0,
        "Tax Rate For Calcs": 0.224031,
        "Total Unusual Items": NaN,
        "Total Unusual Items Excluding Goodwill": NaN,
        "Net Income From Continuing Operation Net Minority Interest": 61307000.0,
        "Reconciled Depreciation": 8334000.0,
        "Net Interest Income": 140738000.0,
        "Interest Expense": 31575000.0,
        "Interest Income": 172313000.0,
        "Normalized Income": 61307000.0,
        "Net Income From Continuing And Discontinued Operation": 61307000.0,
        "Diluted Average Shares": 39618896.0,
        "Basic Average Shares": 39395338.0,
        "Diluted EPS": 1.5,
        "Basic EPS": 1.51,
        "Diluted NI Availto Com Stockholders": 59338000.0,
        "Net Income Common Stockholders": 59338000.0,
        "Preferred Stock Dividends": 1969000.0,
        "Net Income": 61307000.0,
        "Net Income Including Noncontrolling Interests": 61307000.0,
        "Net Income Continuous Operations": 61307000.0,
        "Tax Provision": 17700000.0,
        "Pretax Income": 79007000.0,
        "Special Income Charges": NaN,
        "Gain On Sale Of Security": -1124000.0,
        "Selling General And Administration": 61960000.0,
        "Selling And Marketing Expense": 2547000.0,
        "General And Administrative Expense": 59413000.0,
        "Insurance And Claims": 1774000.0,
        "Salaries And Wages": 57639000.0,
        "Total Revenue": 180380000.0,
        "Operating Revenue": 180380000.0
    },
    "2022-09-30": {
        "Tax Effect Of Unusual Items": 0.0,
        "Tax Rate For Calcs": 0.207,
        "Total Unusual Items": NaN,
        "Total Unusual Items Excluding Goodwill": NaN,
        "Net Income From Continuing Operation Net Minority Interest": 52801000.0,
        "Reconciled Depreciation": 8481000.0,
        "Net Interest Income": 141655000.0,
        "Interest Expense": 13263000.0,
        "Interest Income": 154918000.0,
        "Normalized Income": 52801000.0,
        "Net Income From Continuing And Discontinued Operation": 52801000.0,
        "Diluted Average Shares": 39758209.0,
        "Basic Average Shares": 39567047.0,
        "Diluted EPS": 1.28,
        "Basic EPS": 1.28,
        "Diluted NI Availto Com Stockholders": 50832000.0,
        "Net Income Common Stockholders": 50832000.0,
        "Preferred Stock Dividends": 1969000.0,
        "Net Income": 52801000.0,
        "Net Income Including Noncontrolling Interests": 52801000.0,
        "Net Income Continuous Operations": 52801000.0,
        "Tax Provision": 13765000.0,
        "Pretax Income": 66566000.0,
        "Special Income Charges": NaN,
        "Gain On Sale Of Security": -2147000.0,
        "Selling General And Administration": 61618000.0,
        "Selling And Marketing Expense": 2376000.0,
        "General And Administrative Expense": 61618000.0,
        "Insurance And Claims": 1680000.0,
        "Salaries And Wages": 59938000.0,
        "Total Revenue": 172315000.0,
        "Operating Revenue": 172315000.0
    },
    "2022-06-30": {
        "Tax Effect Of Unusual Items": 0.0,
        "Tax Rate For Calcs": 0.238,
        "Net Income From Continuing Operation Net Minority Interest": 56862000.0,
        "Reconciled Depreciation": 8194000.0,
        "Net Interest Income": 132902000.0,
        "Interest Expense": 6660000.0,
        "Interest Income": 139562000.0,
        "Normalized Income": 56862000.0,
        "Net Income From Continuing And Discontinued Operation": 56862000.0,
        "Diluted Average Shares": 39842608.0,
        "Basic Average Shares": 39693593.0,
        "Diluted EPS": 1.38,
        "Basic EPS": 1.38,
        "Diluted NI Availto Com Stockholders": 54893000.0,
        "Net Income Common Stockholders": 54893000.0,
        "Preferred Stock Dividends": 1969000.0,
        "Net Income": 56862000.0,
        "Net Income Including Noncontrolling Interests": 56862000.0,
        "Net Income Continuous Operations": 56862000.0,
        "Tax Provision": 17759000.0,
        "Pretax Income": 74621000.0,
        "Gain On Sale Of Security": -1295000.0,
        "Selling General And Administration": 59359000.0,
        "Selling And Marketing Expense": 2430000.0,
        "General And Administrative Expense": 59359000.0,
        "Insurance And Claims": 1590000.0,
        "Salaries And Wages": 57769000.0,
        "Total Revenue": 175060000.0,
        "Operating Revenue": 175060000.0
    },
    "2022-03-31": {
        "Diluted EPS": 1.32,
        "Total Revenue": 174,
        "Gross Profit": 169,
        "Operating Income": 70,
        "EBIT": NaN,
        "Net Income": 53
    },
    "2021-12-31": {
        "Diluted EPS": 1.55,
        "Total Revenue": 175,
        "Gross Profit": 169,
        "Operating Income": 77,
        "EBIT": NaN,
        "Net Income": 62
    },
    "2021-09-30": {
        "Diluted EPS": 1.52,
        "Total Revenue": 176,
        "Gross Profit": 168,
        "Operating Income": 82,
        "EBIT": NaN,
        "Net Income": 61
    },
    "2021-06-30": {
        "Diluted EPS": 1.68,
        "Total Revenue": 176,
        "Gross Profit": 168,
        "Operating Income": 88,
        "EBIT": NaN,
        "Net Income": 68
    },
    "2021-03-31": {
        "Diluted EPS": 1.5,
        "Total Revenue": 172,
        "Gross Profit": 164,
        "Operating Income": 79,
        "EBIT": NaN,
        "Net Income": 60
    },
    "2020-12-31": {
        "Diluted EPS": 1.06,
        "Total Revenue": 174,
        "Gross Profit": 165,
        "Operating Income": 51,
        "EBIT": NaN,
        "Net Income": 42
    },
    "2020-09-30": {
        "Diluted EPS": 0.95,
        "Total Revenue": 176,
        "Gross Profit": 166,
        "Operating Income": 47,
        "EBIT": NaN,
        "Net Income": 38
    },
    "2020-06-30": {
        "Diluted EPS": 0.98,
        "Total Revenue": 190,
        "Gross Profit": 178,
        "Operating Income": 49,
        "EBIT": NaN,
        "Net Income": 39
    },
    "2020-03-31": {
        "Diluted EPS": 0.87,
        "Total Revenue": 191,
        "Gross Profit": 172,
        "Operating Income": 42,
        "EBIT": NaN,
        "Net Income": 35
    },
    "2019-12-31": {
        "Diluted EPS": 1.44,
        "Total Revenue": 193,
        "Gross Profit": 172,
        "Operating Income": 74,
        "EBIT": NaN,
        "Net Income": 58
    },
    "2019-09-30": {
        "Diluted EPS": 1.29,
        "Total Revenue": 195,
        "Gross Profit": 171,
        "Operating Income": 67,
        "EBIT": NaN,
        "Net Income": 52
    },
    "2019-06-30": {
        "Diluted EPS": 1.4,
        "Total Revenue": 194,
        "Gross Profit": 170,
        "Operating Income": 73,
        "EBIT": NaN,
        "Net Income": 57
    },
    "2019-03-31": {
        "Diluted EPS": 1.43,
        "Total Revenue": 189,
        "Gross Profit": 169,
        "Operating Income": 72,
        "EBIT": NaN,
        "Net Income": 59
    },
    "2018-12-31": {
        "Diluted EPS": 1.29,
        "Total Revenue": 185,
        "Gross Profit": 166,
        "Operating Income": 68,
        "EBIT": NaN,
        "Net Income": 54
    },
    "2018-09-30": {
        "Diluted EPS": 1.36,
        "Total Revenue": 181,
        "Gross Profit": 164,
        "Operating Income": 70,
        "EBIT": NaN,
        "Net Income": 57
    },
    "2018-06-30": {
        "Diluted EPS": 1.3,
        "Total Revenue": 177,
        "Gross Profit": 162,
        "Operating Income": 68,
        "EBIT": NaN,
        "Net Income": 55
    },
    "2018-03-31": {
        "Diluted EPS": 1.28,
        "Total Revenue": 176,
        "Gross Profit": 163,
        "Operating Income": 64,
        "EBIT": NaN,
        "Net Income": 54
    },
    "2017-12-31": {
        "Diluted EPS": 1.0,
        "Total Revenue": 173,
        "Gross Profit": 161,
        "Operating Income": 64,
        "EBIT": NaN,
        "Net Income": 43
    },
    "2017-09-30": {
        "Diluted EPS": 1.08,
        "Total Revenue": 171,
        "Gross Profit": 159,
        "Operating Income": 66,
        "EBIT": NaN,
        "Net Income": 46
    },
    "2017-06-30": {
        "Diluted EPS": 1.05,
        "Total Revenue": 169,
        "Gross Profit": 158,
        "Operating Income": 65,
        "EBIT": NaN,
        "Net Income": 45
    },
    "2017-03-31": {
        "Diluted EPS": 1.2,
        "Total Revenue": 176,
        "Gross Profit": 166,
        "Operating Income": 73,
        "EBIT": NaN,
        "Net Income": 51
    },
    "2016-12-31": {
        "Diluted EPS": 1.02,
        "Total Revenue": 164,
        "Gross Profit": 154,
        "Operating Income": 61,
        "EBIT": NaN,
        "Net Income": 44
    },
    "2016-09-30": {
        "Diluted EPS": 1.02,
        "Total Revenue": 162,
        "Gross Profit": 152,
        "Operating Income": 62,
        "EBIT": NaN,
        "Net Income": 43
    },
    "2016-06-30": {
        "Diluted EPS": 1.03,
        "Total Revenue": 160,
        "Gross Profit": 150,
        "Operating Income": 63,
        "EBIT": NaN,
        "Net Income": 44
    },
    "2016-03-31": {
        "Diluted EPS": 1.16,
        "Total Revenue": 169,
        "Gross Profit": 159,
        "Operating Income": 74,
        "EBIT": NaN,
        "Net Income": 50
    },
    "2015-12-31": {
        "Diluted EPS": 0.99,
        "Total Revenue": 156,
        "Gross Profit": 146,
        "Operating Income": 61,
        "EBIT": NaN,
        "Net Income": 43
    },
    "2015-09-30": {
        "Diluted EPS": 0.79,
        "Total Revenue": 151,
        "Gross Profit": 141,
        "Operating Income": 49,
        "EBIT": NaN,
        "Net Income": 34
    },
    "2015-06-30": {
        "Diluted EPS": 0.95,
        "Total Revenue": 153,
        "Gross Profit": 144,
        "Operating Income": 60,
        "EBIT": NaN,
        "Net Income": 41
    },
    "2015-03-31": {
        "Diluted EPS": 0.97,
        "Total Revenue": 158,
        "Gross Profit": 149,
        "Operating Income": 62,
        "EBIT": NaN,
        "Net Income": 42
    },
    "2014-12-31": {
        "Diluted EPS": 0.93,
        "Total Revenue": 152,
        "Gross Profit": 142,
        "Operating Income": 61,
        "EBIT": NaN,
        "Net Income": 41
    },
    "2014-09-30": {
        "Diluted EPS": 0.95,
        "Total Revenue": 150,
        "Gross Profit": 140,
        "Operating Income": 62,
        "EBIT": NaN,
        "Net Income": 42
    },
    "2014-06-30": {
        "Diluted EPS": 0.94,
        "Total Revenue": 148,
        "Gross Profit": 139,
        "Operating Income": 60,
        "EBIT": NaN,
        "Net Income": 41
    },
    "2014-03-31": {
        "Diluted EPS": 0.87,
        "Total Revenue": 147,
        "Gross Profit": 138,
        "Operating Income": 54,
        "EBIT": NaN,
        "Net Income": 39
    },
    "2013-12-31": {
        "Diluted EPS": 0.87,
        "Total Revenue": 147,
        "Gross Profit": 137,
        "Operating Income": 55,
        "EBIT": NaN,
        "Net Income": 39
    },
    "2013-09-30": {
        "Diluted EPS": 0.85,
        "Total Revenue": 146,
        "Gross Profit": 136,
        "Operating Income": 53,
        "EBIT": NaN,
        "Net Income": 38
    },
    "2013-06-30": {
        "Diluted EPS": 0.85,
        "Total Revenue": 145,
        "Gross Profit": 135,
        "Operating Income": 54,
        "EBIT": NaN,
        "Net Income": 38
    },
    "2013-03-31": {
        "Diluted EPS": 0.81,
        "Total Revenue": 147,
        "Gross Profit": 136,
        "Operating Income": 52,
        "EBIT": NaN,
        "Net Income": 36
    },
    "2012-12-31": {
        "Diluted EPS": 0.9,
        "Total Revenue": 154,
        "Gross Profit": 143,
        "Operating Income": 60,
        "EBIT": NaN,
        "Net Income": 40
    },
    "2012-09-30": {
        "Diluted EPS": 0.92,
        "Total Revenue": 157,
        "Gross Profit": 146,
        "Operating Income": 61,
        "EBIT": NaN,
        "Net Income": 41
    },
    "2012-06-30": {
        "Diluted EPS": 0.9,
        "Total Revenue": 153,
        "Gross Profit": 142,
        "Operating Income": 61,
        "EBIT": NaN,
        "Net Income": 41
    },
    "2012-03-31": {
        "Diluted EPS": 0.95,
        "Total Revenue": 157,
        "Gross Profit": 146,
        "Operating Income": 60,
        "EBIT": NaN,
        "Net Income": 44
    },
    "2011-12-31": {
        "Diluted EPS": 0.85,
        "Total Revenue": 151,
        "Gross Profit": 140,
        "Operating Income": 53,
        "EBIT": NaN,
        "Net Income": 39
    },
    "2011-09-30": {
        "Diluted EPS": 0.92,
        "Total Revenue": 160,
        "Gross Profit": 148,
        "Operating Income": 61,
        "EBIT": NaN,
        "Net Income": 43
    },
    "2011-06-30": {
        "Diluted EPS": 0.74,
        "Total Revenue": 160,
        "Gross Profit": 147,
        "Operating Income": 50,
        "EBIT": NaN,
        "Net Income": 35
    },
    "2011-03-31": {
        "Diluted EPS": 0.88,
        "Total Revenue": 166,
        "Gross Profit": 154,
        "Operating Income": 63,
        "EBIT": NaN,
        "Net Income": 42
    },
    "2010-12-31": {
        "Diluted EPS": 0.84,
        "Total Revenue": 161,
        "Gross Profit": 148,
        "Operating Income": 54,
        "EBIT": NaN,
        "Net Income": 41
    },
    "2010-09-30": {
        "Diluted EPS": 0.91,
        "Total Revenue": 176,
        "Gross Profit": 162,
        "Operating Income": 59,
        "EBIT": NaN,
        "Net Income": 44
    },
    "2010-06-30": {
        "Diluted EPS": 0.96,
        "Total Revenue": 188,
        "Gross Profit": 173,
        "Operating Income": 71,
        "EBIT": NaN,
        "Net Income": 47
    },
    "2010-03-31": {
        "Diluted EPS": 1.09,
        "Total Revenue": 195,
        "Gross Profit": 179,
        "Operating Income": 77,
        "EBIT": NaN,
        "Net Income": 53
    },
    "2009-12-31": {
        "Diluted EPS": 0.84,
        "Total Revenue": 202,
        "Gross Profit": 184,
        "Operating Income": 69,
        "EBIT": NaN,
        "Net Income": 41
    },
    "2009-09-30": {
        "Diluted EPS": 0.76,
        "Total Revenue": 186,
        "Gross Profit": 166,
        "Operating Income": 54,
        "EBIT": NaN,
        "Net Income": 36
    },
    "2009-06-30": {
        "Diluted EPS": 0.65,
        "Total Revenue": 185,
        "Gross Profit": 163,
        "Operating Income": 44,
        "EBIT": NaN,
        "Net Income": 31
    },
    "2009-03-31": {
        "Diluted EPS": 0.75,
        "Total Revenue": 193,
        "Gross Profit": 167,
        "Operating Income": 55,
        "EBIT": NaN,
        "Net Income": 36
    },
    "2023-09-30": {
        "Tax Effect Of Unusual Items": NaN,
        "Tax Rate For Calcs": NaN,
        "Total Unusual Items": 14700000.0,
        "Total Unusual Items Excluding Goodwill": 14700000.0,
        "Net Income From Continuing Operation Net Minority Interest": NaN,
        "Reconciled Depreciation": NaN,
        "Net Interest Income": NaN,
        "Interest Expense": NaN,
        "Interest Income": NaN,
        "Normalized Income": NaN,
        "Net Income From Continuing And Discontinued Operation": NaN,
        "Diluted Average Shares": NaN,
        "Basic Average Shares": NaN,
        "Diluted EPS": NaN,
        "Basic EPS": NaN,
        "Diluted NI Availto Com Stockholders": NaN,
        "Net Income Common Stockholders": NaN,
        "Preferred Stock Dividends": NaN,
        "Net Income": NaN,
        "Net Income Including Noncontrolling Interests": NaN,
        "Net Income Continuous Operations": NaN,
        "Tax Provision": NaN,
        "Pretax Income": NaN,
        "Special Income Charges": 14700000.0,
        "Gain On Sale Of Security": NaN,
        "Selling General And Administration": NaN,
        "Selling And Marketing Expense": NaN,
        "General And Administrative Expense": NaN,
        "Insurance And Claims": NaN,
        "Salaries And Wages": NaN,
        "Total Revenue": NaN,
        "Operating Revenue": NaN,
        "Occupancy And Equipment": NaN,
        "Professional Expense And Contract Services Expense": NaN,
        "Other Non Interest Expense": NaN
    },
    "2023-12-31": {
        "Tax Effect Of Unusual Items": NaN,
        "Tax Rate For Calcs": NaN,
        "Total Unusual Items": -14700000.0,
        "Total Unusual Items Excluding Goodwill": -14700000.0,
        "Net Income From Continuing Operation Net Minority Interest": NaN,
        "Reconciled Depreciation": NaN,
        "Net Interest Income": NaN,
        "Interest Expense": NaN,
        "Interest Income": NaN,
        "Normalized Income": NaN,
        "Net Income From Continuing And Discontinued Operation": NaN,
        "Diluted Average Shares": NaN,
        "Basic Average Shares": NaN,
        "Diluted EPS": NaN,
        "Basic EPS": NaN,
        "Diluted NI Availto Com Stockholders": NaN,
        "Net Income Common Stockholders": NaN,
        "Preferred Stock Dividends": NaN,
        "Net Income": NaN,
        "Net Income Including Noncontrolling Interests": NaN,
        "Net Income Continuous Operations": NaN,
        "Tax Provision": NaN,
        "Pretax Income": NaN,
        "Special Income Charges": -14700000.0,
        "Other Special Charges": NaN,
        "Gain On Sale Of Security": NaN,
        "Selling General And Administration": NaN,
        "Selling And Marketing Expense": NaN,
        "General And Administrative Expense": NaN,
        "Insurance And Claims": NaN,
        "Salaries And Wages": NaN,
        "Total Revenue": NaN,
        "Operating Revenue": NaN,
        "Occupancy And Equipment": NaN,
        "Professional Expense And Contract Services Expense": NaN,
        "Other Non Interest Expense": NaN
    },
    "2024-03-31": {
        "Tax Effect Of Unusual Items": 0.0,
        "Tax Rate For Calcs": 0.2476,
        "Total Unusual Items": NaN,
        "Total Unusual Items Excluding Goodwill": NaN,
        "Net Income From Continuing Operation Net Minority Interest": 36391000.0,
        "Reconciled Depreciation": 8249000.0,
        "Net Interest Income": 113938000.0,
        "Interest Expense": 96418000.0,
        "Interest Income": 210356000.0,
        "Normalized Income": 36391000.0,
        "Net Income From Continuing And Discontinued Operation": 36391000.0,
        "Diluted Average Shares": 39626463.0,
        "Basic Average Shares": 39350390.0,
        "Diluted EPS": 0.87,
        "Basic EPS": 0.87,
        "Diluted NI Availto Com Stockholders": 34422000.0,
        "Net Income Common Stockholders": 34422000.0,
        "Preferred Stock Dividends": 1969000.0,
        "Net Income": 36391000.0,
        "Net Income Including Noncontrolling Interests": 36391000.0,
        "Net Income Continuous Operations": 36391000.0,
        "Tax Provision": 11973000.0,
        "Pretax Income": 48364000.0,
        "Special Income Charges": NaN,
        "Gain On Sale Of Security": -1497000.0,
        "Selling General And Administration": 63762000.0,
        "Selling And Marketing Expense": 1933000.0,
        "General And Administrative Expense": 61829000.0,
        "Insurance And Claims": 3614000.0,
        "Salaries And Wages": 58215000.0,
        "Total Revenue": 154558000.0,
        "Operating Revenue": 154558000.0,
        "Occupancy And Equipment": 20559000.0,
        "Professional Expense And Contract Services Expense": 4677000.0,
        "Other Non Interest Expense": 15196000.0
    },
    "2024-06-30": {
        "Tax Effect Of Unusual Items": 0.0,
        "Tax Rate For Calcs": 0.248,
        "Total Unusual Items": NaN,
        "Total Unusual Items Excluding Goodwill": NaN,
        "Net Income From Continuing Operation Net Minority Interest": 34083000.0,
        "Reconciled Depreciation": 8007000.0,
        "Net Interest Income": 114846000.0,
        "Interest Expense": 98684000.0,
        "Interest Income": 213530000.0,
        "Normalized Income": 34083000.0,
        "Net Income From Continuing And Discontinued Operation": 34083000.0,
        "Diluted Average Shares": 39618705.0,
        "Basic Average Shares": 39450551.0,
        "Diluted EPS": 0.81,
        "Basic EPS": 0.81,
        "Diluted NI Availto Com Stockholders": 32114000.0,
        "Net Income Common Stockholders": 32114000.0,
        "Preferred Stock Dividends": 1969000.0,
        "Net Income": 34083000.0,
        "Net Income Including Noncontrolling Interests": 34083000.0,
        "Net Income Continuous Operations": 34083000.0,
        "Tax Provision": 11224000.0,
        "Pretax Income": 45307000.0,
        "Special Income Charges": NaN,
        "Other Special Charges": NaN,
        "Gain On Sale Of Security": -1601000.0,
        "Selling General And Administration": 65904000.0,
        "Selling And Marketing Expense": 1701000.0,
        "General And Administrative Expense": 64203000.0,
        "Insurance And Claims": 7170000.0,
        "Salaries And Wages": 57033000.0,
        "Total Revenue": 155288000.0,
        "Operating Revenue": 155288000.0,
        "Occupancy And Equipment": 20914000.0,
        "Professional Expense And Contract Services Expense": 4929000.0,
        "Other Non Interest Expense": 15834000.0
    },
    "2024-09-30": {
        "Tax Effect Of Unusual Items": 0.0,
        "Tax Rate For Calcs": 0.2333,
        "Total Unusual Items": NaN,
        "Total Unusual Items Excluding Goodwill": NaN,
        "Net Income From Continuing Operation Net Minority Interest": 40358000.0,
        "Reconciled Depreciation": 7884000.0,
        "Net Interest Income": 117618000.0,
        "Interest Expense": 103030000.0,
        "Interest Income": 220648000.0,
        "Normalized Income": 40358000.0,
        "Net Income From Continuing And Discontinued Operation": 40358000.0,
        "Diluted Average Shares": 39736492.0,
        "Basic Average Shares": 39488187.0,
        "Diluted EPS": 0.93,
        "Basic EPS": 0.94,
        "Diluted NI Availto Com Stockholders": 36922000.0,
        "Net Income Common Stockholders": 36922000.0,
        "Preferred Stock Dividends": 3436000.0,
        "Net Income": 40358000.0,
        "Net Income Including Noncontrolling Interests": 40358000.0,
        "Net Income Continuous Operations": 40358000.0,
        "Tax Provision": 12278000.0,
        "Pretax Income": 52636000.0,
        "Special Income Charges": NaN,
        "Other Special Charges": NaN,
        "Gain On Sale Of Security": -1103000.0,
        "Selling General And Administration": 64149000.0,
        "Selling And Marketing Expense": 2168000.0,
        "General And Administrative Expense": 61981000.0,
        "Insurance And Claims": 3355000.0,
        "Salaries And Wages": 58626000.0,
        "Total Revenue": 161026000.0,
        "Operating Revenue": 161026000.0,
        "Occupancy And Equipment": 20926000.0,
        "Professional Expense And Contract Services Expense": 4725000.0,
        "Other Non Interest Expense": 15590000.0
    },
    "2024-12-31": {
        "Tax Effect Of Unusual Items": 0.0,
        "Tax Rate For Calcs": 0.240222,
        "Total Unusual Items": NaN,
        "Total Unusual Items Excluding Goodwill": NaN,
        "Net Income From Continuing Operation Net Minority Interest": 39162000.0,
        "Reconciled Depreciation": 7382000.0,
        "Net Interest Income": 120178000.0,
        "Interest Expense": 99039000.0,
        "Interest Income": 219217000.0,
        "Normalized Income": 39162000.0,
        "Net Income From Continuing And Discontinued Operation": 39162000.0,
        "Diluted Average Shares": 39836758.0,
        "Basic Average Shares": 39513210.0,
        "Diluted EPS": 0.85,
        "Basic EPS": 0.86,
        "Diluted NI Availto Com Stockholders": 33893000.0,
        "Net Income Common Stockholders": 33893000.0,
        "Preferred Stock Dividends": 5269000.0,
        "Net Income": 39162000.0,
        "Net Income Including Noncontrolling Interests": 39162000.0,
        "Net Income Continuous Operations": 39162000.0,
        "Tax Provision": 12382000.0,
        "Pretax Income": 51544000.0,
        "Special Income Charges": NaN,
        "Other Special Charges": NaN,
        "Gain On Sale Of Security": -3306000.0,
        "Selling General And Administration": 62541000.0,
        "Selling And Marketing Expense": 2040000.0,
        "General And Administrative Expense": 60501000.0,
        "Insurance And Claims": 1811000.0,
        "Salaries And Wages": 58690000.0,
        "Total Revenue": 161465000.0,
        "Operating Revenue": 161465000.0,
        "Occupancy And Equipment": 20571000.0,
        "Professional Expense And Contract Services Expense": 4988000.0,
        "Other Non Interest Expense": 16171000.0
    },
    "2025-03-31": {
        "Tax Effect Of Unusual Items": 0.0,
        "Tax Rate For Calcs": 0.2167,
        "Total Unusual Items": NaN,
        "Total Unusual Items Excluding Goodwill": NaN,
        "Net Income From Continuing Operation Net Minority Interest": 43985000.0,
        "Reconciled Depreciation": 7567000.0,
        "Net Interest Income": 125807000.0,
        "Interest Expense": 88479000.0,
        "Interest Income": 214286000.0,
        "Normalized Income": 43985000.0,
        "Net Income From Continuing And Discontinued Operation": 43985000.0,
        "Diluted Average Shares": 39876406.0,
        "Basic Average Shares": 39554834.0,
        "Diluted EPS": 0.97,
        "Basic EPS": 0.98,
        "Diluted NI Availto Com Stockholders": 38716000.0,
        "Net Income Common Stockholders": 38716000.0,
        "Preferred Stock Dividends": 5269000.0,
        "Net Income": 43985000.0,
        "Net Income Including Noncontrolling Interests": 43985000.0,
        "Net Income Continuous Operations": 43985000.0,
        "Tax Provision": 12171000.0,
        "Pretax Income": 56156000.0,
        "Special Income Charges": NaN,
        "Other Special Charges": NaN,
        "Gain On Sale Of Security": -1607000.0,
        "Selling General And Administration": 66689000.0,
        "Selling And Marketing Expense": 2163000.0,
        "General And Administrative Expense": 64526000.0,
        "Insurance And Claims": 1642000.0,
        "Salaries And Wages": 62884000.0,
        "Total Revenue": 168124000.0,
        "Operating Revenue": 168124000.0,
        "Occupancy And Equipment": 20751000.0,
        "Professional Expense And Contract Services Expense": 4264000.0,
        "Other Non Interest Expense": 17014000.0
    },
    "2025-06-30": {
        "Tax Effect Of Unusual Items": 0.0,
        "Tax Rate For Calcs": 0.212,
        "Total Unusual Items": 1400000.0,
        "Total Unusual Items Excluding Goodwill": 1400000.0,
        "Net Income From Continuing Operation Net Minority Interest": 47637000.0,
        "Reconciled Depreciation": 7589000.0,
        "Net Interest Income": 129683000.0,
        "Interest Expense": 88852000.0,
        "Interest Income": 218535000.0,
        "Normalized Income": 47637000.0,
        "Net Income From Continuing And Discontinued Operation": 47637000.0,
        "Diluted Average Shares": 39895093.0,
        "Basic Average Shares": 39622998.0,
        "Diluted EPS": 1.06,
        "Basic EPS": 1.07,
        "Diluted NI Availto Com Stockholders": 42368000.0,
        "Net Income Common Stockholders": 42368000.0,
        "Preferred Stock Dividends": 5269000.0,
        "Net Income": 47637000.0,
        "Net Income Including Noncontrolling Interests": 47637000.0,
        "Net Income Continuous Operations": 47637000.0,
        "Tax Provision": 12808000.0,
        "Pretax Income": 60445000.0,
        "Special Income Charges": 1400000.0,
        "Other Special Charges": -1400000.0,
        "Gain On Sale Of Security": -1126000.0,
        "Selling General And Administration": 66824000.0,
        "Selling And Marketing Expense": 1876000.0,
        "General And Administrative Expense": 64948000.0,
        "Insurance And Claims": 3640000.0,
        "Salaries And Wages": 61308000.0,
        "Total Revenue": 172793000.0,
        "Operating Revenue": 172793000.0,
        "Occupancy And Equipment": 20476000.0,
        "Professional Expense And Contract Services Expense": 4263000.0,
        "Other Non Interest Expense": 17535000.0
    },
    "2025-09-30": {
        "Tax Effect Of Unusual Items": 0.0,
        "Tax Rate For Calcs": 0.213,
        "Total Unusual Items": NaN,
        "Total Unusual Items Excluding Goodwill": NaN,
        "Net Income From Continuing Operation Net Minority Interest": 53345000.0,
        "Reconciled Depreciation": 7722000.0,
        "Net Interest Income": 136675000.0,
        "Interest Expense": 91033000.0,
        "Interest Income": 227708000.0,
        "Normalized Income": 53345000.0,
        "Net Income From Continuing And Discontinued Operation": 53345000.0,
        "Diluted Average Shares": 39980931.0,
        "Basic Average Shares": 39655741.0,
        "Diluted EPS": 1.2,
        "Basic EPS": 1.21,
        "Diluted NI Availto Com Stockholders": 48076000.0,
        "Net Income Common Stockholders": 48076000.0,
        "Preferred Stock Dividends": 5269000.0,
        "Net Income": 53345000.0,
        "Net Income Including Noncontrolling Interests": 53345000.0,
        "Net Income Continuous Operations": 53345000.0,
        "Tax Provision": 14409000.0,
        "Pretax Income": 67754000.0,
        "Special Income Charges": NaN,
        "Other Special Charges": NaN,
        "Gain On Sale Of Security": -1945000.0,
        "Selling General And Administration": 68472000.0,
        "Selling And Marketing Expense": 2059000.0,
        "General And Administrative Expense": 66413000.0,
        "Insurance And Claims": 3508000.0,
        "Salaries And Wages": 62905000.0,
        "Total Revenue": 180904000.0,
        "Operating Revenue": 180904000.0,
        "Occupancy And Equipment": 21217000.0,
        "Professional Expense And Contract Services Expense": 4022000.0,
        "Other Non Interest Expense": 16939000.0
    }
}