{
    "2023-03-31": {
        "Tax Effect Of Unusual Items": NaN,
        "Tax Rate For Calcs": NaN,
        "Normalized EBITDA": NaN,
        "Total Unusual Items": 0.0,
        "Total Unusual Items Excluding Goodwill": 0.0,
        "Net Income From Continuing Operation Net Minority Interest": NaN,
        "Reconciled Depreciation": NaN,
        "Reconciled Cost Of Revenue": NaN,
        "EBITDA": NaN,
        "EBIT": NaN,
        "Net Interest Income": NaN,
        "Interest Expense": NaN,
        "Normalized Income": NaN,
        "Net Income From Continuing And Discontinued Operation": NaN,
        "Total Expenses": NaN,
        "Total Operating Income As Reported": NaN,
        "Diluted Average Shares": 19462636.0,
        "Basic Average Shares": 19462636.0,
        "Diluted EPS": -0.01,
        "Basic EPS": -0.01,
        "Diluted NI Availto Com Stockholders": NaN,
        "Average Dilution Earnings": NaN,
        "Net Income Common Stockholders": NaN,
        "Otherunder Preferred Stock Dividend": NaN,
        "Net Income": NaN,
        "Minority Interests": NaN,
        "Net Income Including Noncontrolling Interests": NaN,
        "Net Income Continuous Operations": NaN,
        "Tax Provision": NaN,
        "Pretax Income": NaN,
        "Other Income Expense": NaN,
        "Other Non Operating Income Expenses": NaN,
        "Special Income Charges": 0.0,
        "Restructuring And Mergern Acquisition": 0.0,
        "Net Non Operating Interest Income Expense": NaN,
        "Interest Expense Non Operating": NaN,
        "Operating Income": NaN,
        "Operating Expense": NaN,
        "Other Operating Expenses": NaN,
        "Depreciation Amortization Depletion Income Statement": NaN,
        "Depreciation And Amortization In Income Statement": NaN,
        "Amortization": NaN,
        "Amortization Of Intangibles Income Statement": NaN,
        "Selling General And Administration": NaN,
        "Selling And Marketing Expense": NaN,
        "General And Administrative Expense": NaN,
        "Other Gand A": NaN,
        "Salaries And Wages": NaN,
        "Gross Profit": NaN,
        "Cost Of Revenue": NaN,
        "Total Revenue": NaN,
        "Operating Revenue": NaN
    },
    "2022-12-31": {
        "Tax Effect Of Unusual Items": NaN,
        "Tax Rate For Calcs": NaN,
        "Normalized EBITDA": NaN,
        "Total Unusual Items": -129000.0,
        "Total Unusual Items Excluding Goodwill": -129000.0,
        "Net Income From Continuing Operation Net Minority Interest": NaN,
        "Reconciled Depreciation": NaN,
        "Reconciled Cost Of Revenue": NaN,
        "EBITDA": NaN,
        "EBIT": NaN,
        "Net Interest Income": NaN,
        "Interest Expense": NaN,
        "Normalized Income": NaN,
        "Net Income From Continuing And Discontinued Operation": NaN,
        "Total Expenses": NaN,
        "Total Operating Income As Reported": NaN,
        "Diluted Average Shares": NaN,
        "Basic Average Shares": NaN,
        "Diluted EPS": NaN,
        "Basic EPS": NaN,
        "Diluted NI Availto Com Stockholders": NaN,
        "Average Dilution Earnings": NaN,
        "Net Income Common Stockholders": NaN,
        "Otherunder Preferred Stock Dividend": 137000.0,
        "Net Income": NaN,
        "Minority Interests": NaN,
        "Net Income Including Noncontrolling Interests": NaN,
        "Net Income Continuous Operations": NaN,
        "Tax Provision": NaN,
        "Pretax Income": NaN,
        "Other Income Expense": NaN,
        "Other Non Operating Income Expenses": NaN,
        "Special Income Charges": -129000.0,
        "Restructuring And Mergern Acquisition": 129000.0,
        "Net Non Operating Interest Income Expense": NaN,
        "Interest Expense Non Operating": NaN,
        "Operating Income": NaN,
        "Operating Expense": NaN,
        "Other Operating Expenses": NaN,
        "Depreciation Amortization Depletion Income Statement": NaN,
        "Depreciation And Amortization In Income Statement": NaN,
        "Amortization": NaN,
        "Amortization Of Intangibles Income Statement": NaN,
        "Selling General And Administration": NaN,
        "Selling And Marketing Expense": NaN,
        "General And Administrative Expense": NaN,
        "Other Gand A": NaN,
        "Gross Profit": NaN,
        "Cost Of Revenue": NaN,
        "Total Revenue": NaN,
        "Operating Revenue": NaN
    },
    "2022-09-30": {
        "Tax Effect Of Unusual Items": -2408.170213,
        "Tax Rate For Calcs": 0.301021,
        "Normalized EBITDA": 24455000.0,
        "Total Unusual Items": -8000.0,
        "Total Unusual Items Excluding Goodwill": -8000.0,
        "Net Income From Continuing Operation Net Minority Interest": 8973000.0,
        "Reconciled Depreciation": 10926000.0,
        "Reconciled Cost Of Revenue": 119586000.0,
        "EBITDA": 24447000.0,
        "EBIT": 13521000.0,
        "Net Interest Income": -1771000.0,
        "Interest Expense": 1771000.0,
        "Normalized Income": 8978591.829787,
        "Net Income From Continuing And Discontinued Operation": 8973000.0,
        "Total Expenses": 161056000.0,
        "Total Operating Income As Reported": 13401000.0,
        "Diluted Average Shares": 19381794.0,
        "Basic Average Shares": 19381489.0,
        "Diluted EPS": 0.46,
        "Basic EPS": 0.46,
        "Diluted NI Availto Com Stockholders": 8837000.0,
        "Average Dilution Earnings": 0.0,
        "Net Income Common Stockholders": 8837000.0,
        "Otherunder Preferred Stock Dividend": 136000.0,
        "Net Income": 8973000.0,
        "Minority Interests": 760000.0,
        "Net Income Including Noncontrolling Interests": 8213000.0,
        "Net Income Continuous Operations": 8213000.0,
        "Tax Provision": 3537000.0,
        "Pretax Income": 11750000.0,
        "Other Income Expense": 112000.0,
        "Other Non Operating Income Expenses": 120000.0,
        "Special Income Charges": -8000.0,
        "Restructuring And Mergern Acquisition": 8000.0,
        "Net Non Operating Interest Income Expense": -1771000.0,
        "Interest Expense Non Operating": 1771000.0,
        "Operating Income": 13409000.0,
        "Operating Expense": 37929000.0,
        "Depreciation Amortization Depletion Income Statement": 7385000.0,
        "Depreciation And Amortization In Income Statement": 7385000.0,
        "Amortization": 7385000.0,
        "Amortization Of Intangibles Income Statement": 7385000.0,
        "Selling General And Administration": 30544000.0,
        "Selling And Marketing Expense": 10748000.0,
        "General And Administrative Expense": 19796000.0,
        "Other Gand A": 19796000.0,
        "Gross Profit": 51338000.0,
        "Cost Of Revenue": 123127000.0,
        "Total Revenue": 174465000.0,
        "Operating Revenue": 174465000.0
    },
    "2022-06-30": {
        "Tax Effect Of Unusual Items": -3374.068554,
        "Tax Rate For Calcs": 0.259544,
        "Normalized EBITDA": 26470000.0,
        "Total Unusual Items": -13000.0,
        "Total Unusual Items Excluding Goodwill": -13000.0,
        "Net Income From Continuing Operation Net Minority Interest": 4017000.0,
        "Reconciled Depreciation": 16471000.0,
        "Reconciled Cost Of Revenue": 110054000.0,
        "EBITDA": 26457000.0,
        "EBIT": 9986000.0,
        "Net Interest Income": -1263000.0,
        "Interest Expense": 1263000.0,
        "Normalized Income": 4026625.931446,
        "Net Income From Continuing And Discontinued Operation": 4017000.0,
        "Total Expenses": 155886000.0,
        "Total Operating Income As Reported": 9932000.0,
        "Diluted Average Shares": 19374736.0,
        "Basic Average Shares": 19374714.0,
        "Diluted EPS": 0.2,
        "Basic EPS": 0.2,
        "Diluted NI Availto Com Stockholders": 3957000.0,
        "Average Dilution Earnings": 0.0,
        "Net Income Common Stockholders": 3957000.0,
        "Otherunder Preferred Stock Dividend": 60000.0,
        "Net Income": 4017000.0,
        "Minority Interests": -2442000.0,
        "Net Income Including Noncontrolling Interests": 6459000.0,
        "Net Income Continuous Operations": 6459000.0,
        "Tax Provision": 2264000.0,
        "Pretax Income": 8723000.0,
        "Other Income Expense": 41000.0,
        "Other Non Operating Income Expenses": 54000.0,
        "Special Income Charges": -13000.0,
        "Restructuring And Mergern Acquisition": 13000.0,
        "Net Non Operating Interest Income Expense": -1263000.0,
        "Interest Expense Non Operating": 1263000.0,
        "Operating Income": 9945000.0,
        "Operating Expense": 42154000.0,
        "Depreciation Amortization Depletion Income Statement": 12793000.0,
        "Depreciation And Amortization In Income Statement": 12793000.0,
        "Amortization": 12793000.0,
        "Amortization Of Intangibles Income Statement": 12793000.0,
        "Selling General And Administration": 29361000.0,
        "Selling And Marketing Expense": 10545000.0,
        "General And Administrative Expense": 18816000.0,
        "Other Gand A": 18816000.0,
        "Gross Profit": 52099000.0,
        "Cost Of Revenue": 113732000.0,
        "Total Revenue": 165831000.0,
        "Operating Revenue": 165831000.0
    },
    "2022-03-31": {
        "Diluted EPS": -0.47,
        "Total Revenue": 139,
        "Gross Profit": 37,
        "Operating Income": -4,
        "EBIT": 13,
        "Net Income": -9
    },
    "2021-12-31": {
        "Diluted EPS": -0.41,
        "Total Revenue": 72,
        "Gross Profit": 13,
        "Operating Income": -5,
        "EBIT": -2,
        "Net Income": -3
    },
    "2021-09-30": {
        "Diluted EPS": 0.02,
        "Total Revenue": 67,
        "Gross Profit": 17,
        "Operating Income": 1,
        "EBIT": 4,
        "Net Income": 0
    },
    "2021-06-30": {
        "Diluted EPS": 0.1,
        "Total Revenue": 65,
        "Gross Profit": 17,
        "Operating Income": 3,
        "EBIT": 6,
        "Net Income": 2
    },
    "2021-03-31": {
        "Diluted EPS": 0.03,
        "Total Revenue": 56,
        "Gross Profit": 13,
        "Operating Income": -1,
        "EBIT": 2,
        "Net Income": 0
    },
    "2020-12-31": {
        "Diluted EPS": -0.07,
        "Total Revenue": 57,
        "Gross Profit": 12,
        "Operating Income": -1,
        "EBIT": 2,
        "Net Income": -1
    },
    "2020-09-30": {
        "Diluted EPS": 0.07,
        "Total Revenue": 55,
        "Gross Profit": 14,
        "Operating Income": 1,
        "EBIT": 4,
        "Net Income": 1
    },
    "2020-06-30": {
        "Diluted EPS": -0.38,
        "Total Revenue": 43,
        "Gross Profit": 7,
        "Operating Income": -8,
        "EBIT": -5,
        "Net Income": -6
    },
    "2020-03-31": {
        "Diluted EPS": 0.28,
        "Total Revenue": 74,
        "Gross Profit": 24,
        "Operating Income": 6,
        "EBIT": 9,
        "Net Income": 4
    },
    "2019-12-31": {
        "Diluted EPS": -0.34,
        "Total Revenue": 86,
        "Gross Profit": 30,
        "Operating Income": 0,
        "EBIT": 3,
        "Net Income": -5
    },
    "2019-09-30": {
        "Diluted EPS": 0.46,
        "Total Revenue": 100,
        "Gross Profit": 36,
        "Operating Income": 13,
        "EBIT": 15,
        "Net Income": 7
    },
    "2019-06-30": {
        "Diluted EPS": 1.15,
        "Total Revenue": 111,
        "Gross Profit": 42,
        "Operating Income": 25,
        "EBIT": 27,
        "Net Income": 17
    },
    "2019-03-31": {
        "Diluted EPS": 1.01,
        "Total Revenue": 100,
        "Gross Profit": 36,
        "Operating Income": 20,
        "EBIT": 23,
        "Net Income": 15
    },
    "2018-12-31": {
        "Diluted EPS": 1.02,
        "Total Revenue": 90,
        "Gross Profit": 31,
        "Operating Income": 13,
        "EBIT": 15,
        "Net Income": 15
    },
    "2018-09-30": {
        "Diluted EPS": 0.33,
        "Total Revenue": 88,
        "Gross Profit": 30,
        "Operating Income": 9,
        "EBIT": 11,
        "Net Income": 5
    },
    "2018-06-30": {
        "Diluted EPS": 0.43,
        "Total Revenue": 81,
        "Gross Profit": 27,
        "Operating Income": 10,
        "EBIT": 13,
        "Net Income": 6
    },
    "2018-03-31": {
        "Diluted EPS": 0.26,
        "Total Revenue": 67,
        "Gross Profit": 23,
        "Operating Income": 5,
        "EBIT": 8,
        "Net Income": 4
    },
    "2017-12-31": {
        "Diluted EPS": -0.13,
        "Total Revenue": 54,
        "Gross Profit": 18,
        "Operating Income": 1,
        "EBIT": 3,
        "Net Income": -2
    },
    "2017-09-30": {
        "Diluted EPS": -0.98,
        "Total Revenue": 52,
        "Gross Profit": 17,
        "Operating Income": -12,
        "EBIT": 8,
        "Net Income": -14
    },
    "2017-06-30": {
        "Diluted EPS": 0.01,
        "Total Revenue": 47,
        "Gross Profit": 14,
        "Operating Income": 2,
        "EBIT": 5,
        "Net Income": 0
    },
    "2017-03-31": {
        "Diluted EPS": -0.21,
        "Total Revenue": 39,
        "Gross Profit": 10,
        "Operating Income": -2,
        "EBIT": 1,
        "Net Income": -3
    },
    "2016-12-31": {
        "Diluted EPS": -0.16,
        "Total Revenue": 40,
        "Gross Profit": 10,
        "Operating Income": -2,
        "EBIT": 1,
        "Net Income": -2
    },
    "2016-09-30": {
        "Diluted EPS": -0.22,
        "Total Revenue": 37,
        "Gross Profit": 8,
        "Operating Income": -2,
        "EBIT": 0,
        "Net Income": -3
    },
    "2016-06-30": {
        "Diluted EPS": -0.05,
        "Total Revenue": 41,
        "Gross Profit": 10,
        "Operating Income": -1,
        "EBIT": 2,
        "Net Income": -1
    },
    "2016-03-31": {
        "Diluted EPS": -0.03,
        "Total Revenue": 41,
        "Gross Profit": 10,
        "Operating Income": 0,
        "EBIT": 2,
        "Net Income": 0
    },
    "2015-12-31": {
        "Diluted EPS": -1.15,
        "Total Revenue": 42,
        "Gross Profit": 2,
        "Operating Income": -19,
        "EBIT": -5,
        "Net Income": -16
    },
    "2015-09-30": {
        "Diluted EPS": -0.3,
        "Total Revenue": 40,
        "Gross Profit": 10,
        "Operating Income": -1,
        "EBIT": 2,
        "Net Income": -4
    },
    "2015-06-30": {
        "Diluted EPS": -0.1,
        "Total Revenue": 45,
        "Gross Profit": 13,
        "Operating Income": 0,
        "EBIT": 3,
        "Net Income": -1
    },
    "2015-03-31": {
        "Diluted EPS": -0.17,
        "Total Revenue": 41,
        "Gross Profit": 11,
        "Operating Income": -3,
        "EBIT": 0,
        "Net Income": -2
    },
    "2014-12-31": {
        "Diluted EPS": -0.27,
        "Total Revenue": 52,
        "Gross Profit": 16,
        "Operating Income": -4,
        "EBIT": 0,
        "Net Income": -3
    },
    "2014-09-30": {
        "Diluted EPS": 0.17,
        "Total Revenue": 52,
        "Gross Profit": 15,
        "Operating Income": 3,
        "EBIT": 7,
        "Net Income": 2
    },
    "2014-06-30": {
        "Diluted EPS": 0.17,
        "Total Revenue": 52,
        "Gross Profit": 16,
        "Operating Income": 4,
        "EBIT": 7,
        "Net Income": 2
    },
    "2014-03-31": {
        "Diluted EPS": 0.11,
        "Total Revenue": 47,
        "Gross Profit": 15,
        "Operating Income": 3,
        "EBIT": 6,
        "Net Income": 1
    },
    "2013-12-31": {
        "Diluted EPS": -0.06,
        "Total Revenue": 46,
        "Gross Profit": 12,
        "Operating Income": 1,
        "EBIT": 4,
        "Net Income": -1
    },
    "2013-09-30": {
        "Diluted EPS": 0.26,
        "Total Revenue": 52,
        "Gross Profit": 16,
        "Operating Income": 5,
        "EBIT": 8,
        "Net Income": 4
    },
    "2013-06-30": {
        "Diluted EPS": 0.25,
        "Total Revenue": 58,
        "Gross Profit": 17,
        "Operating Income": 6,
        "EBIT": 9,
        "Net Income": 3
    },
    "2013-03-31": {
        "Diluted EPS": 0.02,
        "Total Revenue": 46,
        "Gross Profit": 13,
        "Operating Income": -1,
        "EBIT": 2,
        "Net Income": 0
    },
    "2012-12-31": {
        "Diluted EPS": 0.14,
        "Total Revenue": 44,
        "Gross Profit": 14,
        "Operating Income": 3,
        "EBIT": 6,
        "Net Income": 2
    },
    "2012-09-30": {
        "Diluted EPS": 0.28,
        "Total Revenue": 50,
        "Gross Profit": 15,
        "Operating Income": 5,
        "EBIT": 8,
        "Net Income": 4
    },
    "2012-06-30": {
        "Diluted EPS": 0.2,
        "Total Revenue": 49,
        "Gross Profit": 14,
        "Operating Income": 4,
        "EBIT": 7,
        "Net Income": 3
    },
    "2012-03-31": {
        "Diluted EPS": 0.18,
        "Total Revenue": 50,
        "Gross Profit": 14,
        "Operating Income": 4,
        "EBIT": 7,
        "Net Income": 2
    },
    "2011-12-31": {
        "Diluted EPS": 0.26,
        "Total Revenue": 54,
        "Gross Profit": 15,
        "Operating Income": 5,
        "EBIT": 8,
        "Net Income": 4
    },
    "2011-09-30": {
        "Diluted EPS": 0.32,
        "Total Revenue": 55,
        "Gross Profit": 15,
        "Operating Income": 6,
        "EBIT": 9,
        "Net Income": 4
    },
    "2011-06-30": {
        "Diluted EPS": 0.29,
        "Total Revenue": 54,
        "Gross Profit": 15,
        "Operating Income": 6,
        "EBIT": 9,
        "Net Income": 4
    },
    "2011-03-31": {
        "Diluted EPS": 0.06,
        "Total Revenue": 46,
        "Gross Profit": 10,
        "Operating Income": 1,
        "EBIT": 4,
        "Net Income": 1
    },
    "2010-12-31": {
        "Diluted EPS": 0.1,
        "Total Revenue": 45,
        "Gross Profit": 10,
        "Operating Income": 2,
        "EBIT": 5,
        "Net Income": 1
    },
    "2010-09-30": {
        "Diluted EPS": 0.1,
        "Total Revenue": 41,
        "Gross Profit": 11,
        "Operating Income": 3,
        "EBIT": 6,
        "Net Income": 1
    },
    "2010-06-30": {
        "Diluted EPS": 0.23,
        "Total Revenue": 38,
        "Gross Profit": 9,
        "Operating Income": 2,
        "EBIT": 5,
        "Net Income": 3
    },
    "2010-03-31": {
        "Diluted EPS": -0.03,
        "Total Revenue": 30,
        "Gross Profit": 7,
        "Operating Income": 0,
        "EBIT": 3,
        "Net Income": 0
    },
    "2009-12-31": {
        "Diluted EPS": 0.08,
        "Total Revenue": 43,
        "Gross Profit": 10,
        "Operating Income": 2,
        "EBIT": 5,
        "Net Income": 1
    },
    "2009-09-30": {
        "Diluted EPS": 0.08,
        "Total Revenue": 35,
        "Gross Profit": 9,
        "Operating Income": 3,
        "EBIT": 5,
        "Net Income": 1
    },
    "2009-06-30": {
        "Diluted EPS": 0.12,
        "Total Revenue": 38,
        "Gross Profit": 9,
        "Operating Income": 3,
        "EBIT": 6,
        "Net Income": 1
    },
    "2009-03-31": {
        "Diluted EPS": 0.38,
        "Total Revenue": 50,
        "Gross Profit": 15,
        "Operating Income": 8,
        "EBIT": 11,
        "Net Income": 5
    },
    "2023-06-30": {
        "Tax Effect Of Unusual Items": NaN,
        "Tax Rate For Calcs": NaN,
        "Normalized EBITDA": NaN,
        "Total Unusual Items": 0.0,
        "Total Unusual Items Excluding Goodwill": 0.0,
        "Net Income From Continuing Operation Net Minority Interest": NaN,
        "Reconciled Depreciation": NaN,
        "Reconciled Cost Of Revenue": NaN,
        "EBITDA": NaN,
        "EBIT": NaN,
        "Net Interest Income": NaN,
        "Interest Expense": NaN,
        "Normalized Income": NaN,
        "Net Income From Continuing And Discontinued Operation": NaN,
        "Total Expenses": NaN,
        "Total Operating Income As Reported": NaN,
        "Diluted Average Shares": NaN,
        "Basic Average Shares": NaN,
        "Diluted EPS": NaN,
        "Basic EPS": NaN,
        "Diluted NI Availto Com Stockholders": NaN,
        "Average Dilution Earnings": NaN,
        "Net Income Common Stockholders": NaN,
        "Otherunder Preferred Stock Dividend": NaN,
        "Net Income": NaN,
        "Minority Interests": NaN,
        "Net Income Including Noncontrolling Interests": NaN,
        "Net Income Continuous Operations": NaN,
        "Tax Provision": NaN,
        "Pretax Income": NaN,
        "Other Income Expense": NaN,
        "Other Non Operating Income Expenses": NaN,
        "Special Income Charges": 0.0,
        "Impairment Of Capital Assets": NaN,
        "Restructuring And Mergern Acquisition": 0.0,
        "Net Non Operating Interest Income Expense": NaN,
        "Interest Expense Non Operating": NaN,
        "Operating Income": NaN,
        "Operating Expense": NaN,
        "Other Operating Expenses": NaN,
        "Depreciation Amortization Depletion Income Statement": NaN,
        "Depreciation And Amortization In Income Statement": NaN,
        "Amortization": NaN,
        "Amortization Of Intangibles Income Statement": NaN,
        "Selling General And Administration": NaN,
        "Selling And Marketing Expense": NaN,
        "General And Administrative Expense": NaN,
        "Other Gand A": NaN,
        "Salaries And Wages": NaN,
        "Gross Profit": NaN,
        "Cost Of Revenue": NaN,
        "Total Revenue": NaN,
        "Operating Revenue": NaN
    },
    "2023-09-30": {
        "Tax Effect Of Unusual Items": NaN,
        "Tax Rate For Calcs": NaN,
        "Normalized EBITDA": NaN,
        "Total Unusual Items": -515000.0,
        "Total Unusual Items Excluding Goodwill": -515000.0,
        "Net Income From Continuing Operation Net Minority Interest": NaN,
        "Reconciled Depreciation": NaN,
        "Reconciled Cost Of Revenue": NaN,
        "EBITDA": NaN,
        "EBIT": NaN,
        "Net Interest Income": NaN,
        "Interest Expense": NaN,
        "Normalized Income": NaN,
        "Net Income From Continuing And Discontinued Operation": NaN,
        "Total Expenses": NaN,
        "Total Operating Income As Reported": NaN,
        "Diluted Average Shares": 19596575.0,
        "Basic Average Shares": 19543251.0,
        "Diluted EPS": 0.38,
        "Basic EPS": 0.38,
        "Diluted NI Availto Com Stockholders": NaN,
        "Average Dilution Earnings": NaN,
        "Net Income Common Stockholders": NaN,
        "Otherunder Preferred Stock Dividend": NaN,
        "Net Income": NaN,
        "Minority Interests": NaN,
        "Net Income Including Noncontrolling Interests": NaN,
        "Net Income Continuous Operations": NaN,
        "Tax Provision": NaN,
        "Pretax Income": NaN,
        "Other Income Expense": NaN,
        "Other Non Operating Income Expenses": NaN,
        "Special Income Charges": -515000.0,
        "Impairment Of Capital Assets": 0.0,
        "Restructuring And Mergern Acquisition": 515000.0,
        "Net Non Operating Interest Income Expense": NaN,
        "Interest Expense Non Operating": NaN,
        "Operating Income": NaN,
        "Operating Expense": NaN,
        "Other Operating Expenses": NaN,
        "Depreciation Amortization Depletion Income Statement": NaN,
        "Depreciation And Amortization In Income Statement": NaN,
        "Amortization": NaN,
        "Amortization Of Intangibles Income Statement": NaN,
        "Selling General And Administration": NaN,
        "Selling And Marketing Expense": NaN,
        "General And Administrative Expense": NaN,
        "Other Gand A": NaN,
        "Salaries And Wages": NaN,
        "Gross Profit": NaN,
        "Cost Of Revenue": NaN,
        "Total Revenue": NaN,
        "Operating Revenue": NaN
    },
    "2023-12-31": {
        "Tax Effect Of Unusual Items": -1142163.395129,
        "Tax Rate For Calcs": 0.351327,
        "Normalized EBITDA": 20276000.0,
        "Total Unusual Items": -3251000.0,
        "Total Unusual Items Excluding Goodwill": -3251000.0,
        "Net Income From Continuing Operation Net Minority Interest": 183000.0,
        "Reconciled Depreciation": 9212000.0,
        "Reconciled Cost Of Revenue": 125136000.0,
        "EBITDA": 17025000.0,
        "EBIT": 7813000.0,
        "Net Interest Income": -2311000.0,
        "Interest Expense": 2311000.0,
        "Normalized Income": 2291836.604871,
        "Net Income From Continuing And Discontinued Operation": 183000.0,
        "Total Expenses": 161527000.0,
        "Total Operating Income As Reported": 9258000.0,
        "Diluted Average Shares": 19580750.0,
        "Basic Average Shares": 19561494.0,
        "Diluted EPS": 0.01,
        "Basic EPS": 0.01,
        "Diluted NI Availto Com Stockholders": 206000.0,
        "Average Dilution Earnings": -1000.0,
        "Net Income Common Stockholders": 207000.0,
        "Otherunder Preferred Stock Dividend": -24000.0,
        "Net Income": 183000.0,
        "Minority Interests": -3386000.0,
        "Net Income Including Noncontrolling Interests": 3569000.0,
        "Net Income Continuous Operations": 3569000.0,
        "Tax Provision": 1933000.0,
        "Pretax Income": 5502000.0,
        "Other Income Expense": -4696000.0,
        "Other Non Operating Income Expenses": -1445000.0,
        "Special Income Charges": -3251000.0,
        "Impairment Of Capital Assets": NaN,
        "Restructuring And Mergern Acquisition": 3251000.0,
        "Net Non Operating Interest Income Expense": -2311000.0,
        "Interest Expense Non Operating": 2311000.0,
        "Operating Income": 12509000.0,
        "Operating Expense": 32845000.0,
        "Other Operating Expenses": NaN,
        "Depreciation Amortization Depletion Income Statement": 5666000.0,
        "Depreciation And Amortization In Income Statement": 5666000.0,
        "Amortization": 5666000.0,
        "Amortization Of Intangibles Income Statement": 5666000.0,
        "Selling General And Administration": 27179000.0,
        "Selling And Marketing Expense": 12123000.0,
        "General And Administrative Expense": 15056000.0,
        "Other Gand A": 15056000.0,
        "Salaries And Wages": NaN,
        "Gross Profit": 45354000.0,
        "Cost Of Revenue": 128682000.0,
        "Total Revenue": 174036000.0,
        "Operating Revenue": 174036000.0
    },
    "2024-03-31": {
        "Tax Effect Of Unusual Items": 0.0,
        "Tax Rate For Calcs": 0.21,
        "Normalized EBITDA": 14990000.0,
        "Total Unusual Items": NaN,
        "Total Unusual Items Excluding Goodwill": NaN,
        "Net Income From Continuing Operation Net Minority Interest": 256000.0,
        "Reconciled Depreciation": 8711000.0,
        "Reconciled Cost Of Revenue": 121098000.0,
        "EBITDA": 14990000.0,
        "EBIT": 6279000.0,
        "Net Interest Income": -2317000.0,
        "Interest Expense": 2317000.0,
        "Normalized Income": 256000.0,
        "Net Income From Continuing And Discontinued Operation": 256000.0,
        "Total Expenses": 160181000.0,
        "Total Operating Income As Reported": 6688000.0,
        "Diluted Average Shares": 19622455.0,
        "Basic Average Shares": 19610644.0,
        "Diluted EPS": 0.01,
        "Basic EPS": 0.01,
        "Diluted NI Availto Com Stockholders": 251000.0,
        "Average Dilution Earnings": 0.0,
        "Net Income Common Stockholders": 251000.0,
        "Otherunder Preferred Stock Dividend": 5000.0,
        "Net Income": 256000.0,
        "Minority Interests": -2063000.0,
        "Net Income Including Noncontrolling Interests": 2319000.0,
        "Net Income Continuous Operations": 2319000.0,
        "Tax Provision": 1643000.0,
        "Pretax Income": 3962000.0,
        "Other Income Expense": -409000.0,
        "Other Non Operating Income Expenses": -409000.0,
        "Special Income Charges": NaN,
        "Impairment Of Capital Assets": NaN,
        "Restructuring And Mergern Acquisition": NaN,
        "Net Non Operating Interest Income Expense": -2317000.0,
        "Interest Expense Non Operating": 2317000.0,
        "Operating Income": 6688000.0,
        "Operating Expense": 35664000.0,
        "Other Operating Expenses": 2169000.0,
        "Depreciation Amortization Depletion Income Statement": 5292000.0,
        "Depreciation And Amortization In Income Statement": 5292000.0,
        "Amortization": 5292000.0,
        "Amortization Of Intangibles Income Statement": 5292000.0,
        "Selling General And Administration": 28203000.0,
        "Selling And Marketing Expense": 12223000.0,
        "General And Administrative Expense": 15980000.0,
        "Other Gand A": 15980000.0,
        "Salaries And Wages": NaN,
        "Gross Profit": 42352000.0,
        "Cost Of Revenue": 124517000.0,
        "Total Revenue": 166869000.0,
        "Operating Revenue": 166869000.0
    },
    "2024-06-30": {
        "Tax Effect Of Unusual Items": -85742.212438,
        "Tax Rate For Calcs": 0.30732,
        "Normalized EBITDA": 20418000.0,
        "Total Unusual Items": -279000.0,
        "Total Unusual Items Excluding Goodwill": -279000.0,
        "Net Income From Continuing Operation Net Minority Interest": 4805000.0,
        "Reconciled Depreciation": 8738000.0,
        "Reconciled Cost Of Revenue": 121335000.0,
        "EBITDA": 20139000.0,
        "EBIT": 11401000.0,
        "Net Interest Income": -2316000.0,
        "Interest Expense": 2316000.0,
        "Normalized Income": 4998257.787562,
        "Net Income From Continuing And Discontinued Operation": 4805000.0,
        "Total Expenses": 159215000.0,
        "Total Operating Income As Reported": 11685000.0,
        "Diluted Average Shares": 19671169.0,
        "Basic Average Shares": 19659908.0,
        "Diluted EPS": 0.24,
        "Basic EPS": 0.24,
        "Diluted NI Availto Com Stockholders": 4705000.0,
        "Average Dilution Earnings": 0.0,
        "Net Income Common Stockholders": 4705000.0,
        "Otherunder Preferred Stock Dividend": 100000.0,
        "Net Income": 4805000.0,
        "Minority Interests": -1488000.0,
        "Net Income Including Noncontrolling Interests": 6293000.0,
        "Net Income Continuous Operations": 6293000.0,
        "Tax Provision": 2792000.0,
        "Pretax Income": 9085000.0,
        "Other Income Expense": -563000.0,
        "Other Non Operating Income Expenses": -284000.0,
        "Special Income Charges": -279000.0,
        "Impairment Of Capital Assets": NaN,
        "Restructuring And Mergern Acquisition": 279000.0,
        "Net Non Operating Interest Income Expense": -2316000.0,
        "Interest Expense Non Operating": 2316000.0,
        "Operating Income": 11964000.0,
        "Operating Expense": 34449000.0,
        "Other Operating Expenses": 21000.0,
        "Depreciation Amortization Depletion Income Statement": 5307000.0,
        "Depreciation And Amortization In Income Statement": 5307000.0,
        "Amortization": 5307000.0,
        "Amortization Of Intangibles Income Statement": 5307000.0,
        "Selling General And Administration": 29121000.0,
        "Selling And Marketing Expense": 11499000.0,
        "General And Administrative Expense": 17622000.0,
        "Other Gand A": 16653000.0,
        "Salaries And Wages": 969000.0,
        "Gross Profit": 46413000.0,
        "Cost Of Revenue": 124766000.0,
        "Total Revenue": 171179000.0,
        "Operating Revenue": 171179000.0
    },
    "2024-09-30": {
        "Tax Effect Of Unusual Items": -30196740.0,
        "Tax Rate For Calcs": 0.21,
        "Normalized EBITDA": 3061000.0,
        "Total Unusual Items": -143794000.0,
        "Total Unusual Items Excluding Goodwill": -143794000.0,
        "Net Income From Continuing Operation Net Minority Interest": -163010000.0,
        "Reconciled Depreciation": 8722000.0,
        "Reconciled Cost Of Revenue": 118880000.0,
        "EBITDA": -140733000.0,
        "EBIT": -149455000.0,
        "Net Interest Income": -2113000.0,
        "Interest Expense": 2113000.0,
        "Normalized Income": -49412740.0,
        "Net Income From Continuing And Discontinued Operation": -163010000.0,
        "Total Expenses": 157570000.0,
        "Total Operating Income As Reported": -148935000.0,
        "Diluted Average Shares": 19706587.0,
        "Basic Average Shares": 19706587.0,
        "Diluted EPS": -8.27,
        "Basic EPS": -8.27,
        "Diluted NI Availto Com Stockholders": -163010000.0,
        "Average Dilution Earnings": 0.0,
        "Net Income Common Stockholders": -163010000.0,
        "Otherunder Preferred Stock Dividend": 0.0,
        "Net Income": -163010000.0,
        "Minority Interests": -3594000.0,
        "Net Income Including Noncontrolling Interests": -159416000.0,
        "Net Income Continuous Operations": -159416000.0,
        "Tax Provision": 7848000.0,
        "Pretax Income": -151568000.0,
        "Other Income Expense": -144314000.0,
        "Other Non Operating Income Expenses": -520000.0,
        "Special Income Charges": -143794000.0,
        "Impairment Of Capital Assets": 141725000.0,
        "Restructuring And Mergern Acquisition": 2069000.0,
        "Net Non Operating Interest Income Expense": -2113000.0,
        "Interest Expense Non Operating": 2113000.0,
        "Operating Income": -5141000.0,
        "Operating Expense": 35246000.0,
        "Other Operating Expenses": 1763000.0,
        "Depreciation Amortization Depletion Income Statement": 5278000.0,
        "Depreciation And Amortization In Income Statement": 5278000.0,
        "Amortization": 5278000.0,
        "Amortization Of Intangibles Income Statement": 5278000.0,
        "Selling General And Administration": 28205000.0,
        "Selling And Marketing Expense": 13856000.0,
        "General And Administrative Expense": 14349000.0,
        "Other Gand A": 14349000.0,
        "Salaries And Wages": NaN,
        "Gross Profit": 30105000.0,
        "Cost Of Revenue": 122324000.0,
        "Total Revenue": 152429000.0,
        "Operating Revenue": 152429000.0
    },
    "2024-12-31": {
        "Tax Effect Of Unusual Items": -37380.0,
        "Tax Rate For Calcs": 0.21,
        "Normalized EBITDA": 8502000.0,
        "Total Unusual Items": -178000.0,
        "Total Unusual Items Excluding Goodwill": -178000.0,
        "Net Income From Continuing Operation Net Minority Interest": -763000.0,
        "Reconciled Depreciation": 8875000.0,
        "Reconciled Cost Of Revenue": 117078000.0,
        "EBITDA": 8324000.0,
        "EBIT": -551000.0,
        "Net Interest Income": -1918000.0,
        "Interest Expense": 1918000.0,
        "Normalized Income": -622380.0,
        "Net Income From Continuing And Discontinued Operation": -763000.0,
        "Total Expenses": 152892000.0,
        "Total Operating Income As Reported": -696000.0,
        "Diluted Average Shares": NaN,
        "Basic Average Shares": NaN,
        "Diluted EPS": NaN,
        "Basic EPS": NaN,
        "Diluted NI Availto Com Stockholders": -3263000.0,
        "Average Dilution Earnings": 0.0,
        "Net Income Common Stockholders": -3263000.0,
        "Otherunder Preferred Stock Dividend": 2500000.0,
        "Net Income": -763000.0,
        "Minority Interests": 393000.0,
        "Net Income Including Noncontrolling Interests": -1156000.0,
        "Net Income Continuous Operations": -1156000.0,
        "Tax Provision": -1313000.0,
        "Pretax Income": -2469000.0,
        "Other Income Expense": -33000.0,
        "Other Non Operating Income Expenses": 145000.0,
        "Special Income Charges": -178000.0,
        "Impairment Of Capital Assets": 0.0,
        "Restructuring And Mergern Acquisition": 178000.0,
        "Net Non Operating Interest Income Expense": -1918000.0,
        "Interest Expense Non Operating": 1918000.0,
        "Operating Income": -518000.0,
        "Operating Expense": 32217000.0,
        "Other Operating Expenses": 1813000.0,
        "Depreciation Amortization Depletion Income Statement": 5278000.0,
        "Depreciation And Amortization In Income Statement": 5278000.0,
        "Amortization": 5278000.0,
        "Amortization Of Intangibles Income Statement": 5278000.0,
        "Selling General And Administration": 25126000.0,
        "Selling And Marketing Expense": 9677000.0,
        "General And Administrative Expense": 15449000.0,
        "Other Gand A": 15449000.0,
        "Salaries And Wages": NaN,
        "Gross Profit": 31699000.0,
        "Cost Of Revenue": 120675000.0,
        "Total Revenue": 152374000.0,
        "Operating Revenue": 152374000.0
    }
}