{
    "2023-03-31": {
        "Tax Effect Of Unusual Items": NaN,
        "Tax Rate For Calcs": NaN,
        "Normalized EBITDA": NaN,
        "Net Income From Continuing Operation Net Minority Interest": NaN,
        "Reconciled Depreciation": NaN,
        "Reconciled Cost Of Revenue": NaN,
        "EBITDA": NaN,
        "EBIT": NaN,
        "Net Interest Income": NaN,
        "Interest Expense": NaN,
        "Normalized Income": NaN,
        "Net Income From Continuing And Discontinued Operation": NaN,
        "Total Expenses": NaN,
        "Total Operating Income As Reported": NaN,
        "Diluted Average Shares": 30422000.0,
        "Basic Average Shares": 29847000.0,
        "Diluted EPS": 1.53,
        "Basic EPS": 1.55,
        "Diluted NI Availto Com Stockholders": NaN,
        "Net Income Common Stockholders": NaN,
        "Net Income": NaN,
        "Net Income Including Noncontrolling Interests": NaN,
        "Net Income Continuous Operations": NaN,
        "Tax Provision": NaN,
        "Pretax Income": NaN,
        "Other Income Expense": NaN,
        "Other Non Operating Income Expenses": NaN,
        "Net Non Operating Interest Income Expense": NaN,
        "Interest Expense Non Operating": NaN,
        "Operating Income": NaN,
        "Operating Expense": NaN,
        "Selling General And Administration": NaN,
        "Gross Profit": NaN,
        "Cost Of Revenue": NaN,
        "Total Revenue": NaN,
        "Operating Revenue": NaN
    },
    "2022-12-31": {
        "Tax Effect Of Unusual Items": NaN,
        "Tax Rate For Calcs": NaN,
        "Normalized EBITDA": NaN,
        "Net Income From Continuing Operation Net Minority Interest": NaN,
        "Reconciled Depreciation": NaN,
        "Reconciled Cost Of Revenue": NaN,
        "EBITDA": NaN,
        "EBIT": NaN,
        "Net Interest Income": NaN,
        "Interest Expense": NaN,
        "Normalized Income": NaN,
        "Net Income From Continuing And Discontinued Operation": NaN,
        "Total Expenses": NaN,
        "Total Operating Income As Reported": NaN,
        "Diluted Average Shares": 30294000.0,
        "Basic Average Shares": 29813000.0,
        "Diluted EPS": 1.74,
        "Basic EPS": 1.77,
        "Diluted NI Availto Com Stockholders": NaN,
        "Net Income Common Stockholders": NaN,
        "Net Income": NaN,
        "Net Income Including Noncontrolling Interests": NaN,
        "Net Income Continuous Operations": NaN,
        "Tax Provision": NaN,
        "Pretax Income": NaN,
        "Other Income Expense": NaN,
        "Other Non Operating Income Expenses": NaN,
        "Net Non Operating Interest Income Expense": NaN,
        "Interest Expense Non Operating": NaN,
        "Operating Income": NaN,
        "Operating Expense": NaN,
        "Selling General And Administration": NaN,
        "Gross Profit": NaN,
        "Cost Of Revenue": NaN,
        "Total Revenue": NaN,
        "Operating Revenue": NaN
    },
    "2022-09-30": {
        "Tax Effect Of Unusual Items": 0.0,
        "Tax Rate For Calcs": 0.250865,
        "Normalized EBITDA": 44150000.0,
        "Net Income From Continuing Operation Net Minority Interest": 32054000.0,
        "Reconciled Depreciation": 8786000.0,
        "Reconciled Cost Of Revenue": 222449000.0,
        "EBITDA": 44150000.0,
        "EBIT": 44150000.0,
        "Net Interest Income": -1362000.0,
        "Interest Expense": 1362000.0,
        "Normalized Income": 32054000.0,
        "Net Income From Continuing And Discontinued Operation": 32054000.0,
        "Total Expenses": 307395000.0,
        "Total Operating Income As Reported": 44150000.0,
        "Diluted Average Shares": 30313000.0,
        "Basic Average Shares": 29808000.0,
        "Diluted EPS": 1.06,
        "Basic EPS": 1.08,
        "Diluted NI Availto Com Stockholders": 32054000.0,
        "Net Income Common Stockholders": 32054000.0,
        "Net Income": 32054000.0,
        "Net Income Including Noncontrolling Interests": 32054000.0,
        "Net Income Continuous Operations": 32054000.0,
        "Tax Provision": 10734000.0,
        "Pretax Income": 42788000.0,
        "Other Income Expense": NaN,
        "Other Non Operating Income Expenses": NaN,
        "Net Non Operating Interest Income Expense": -1362000.0,
        "Interest Expense Non Operating": 1362000.0,
        "Operating Income": 44150000.0,
        "Operating Expense": 84946000.0,
        "Selling General And Administration": 84946000.0,
        "Gross Profit": 129096000.0,
        "Cost Of Revenue": 222449000.0,
        "Total Revenue": 351545000.0,
        "Operating Revenue": 351545000.0
    },
    "2022-06-30": {
        "Tax Effect Of Unusual Items": 0.0,
        "Tax Rate For Calcs": 0.235,
        "Normalized EBITDA": 60190000.0,
        "Net Income From Continuing Operation Net Minority Interest": 39318000.0,
        "Reconciled Depreciation": 8038000.0,
        "Reconciled Cost Of Revenue": 228026000.0,
        "EBITDA": 60190000.0,
        "EBIT": 52152000.0,
        "Net Interest Income": -725000.0,
        "Interest Expense": 725000.0,
        "Normalized Income": 39318000.0,
        "Net Income From Continuing And Discontinued Operation": 39318000.0,
        "Total Expenses": 313431000.0,
        "Total Operating Income As Reported": 52425000.0,
        "Diluted Average Shares": 30386000.0,
        "Basic Average Shares": 29747000.0,
        "Diluted EPS": 1.29,
        "Basic EPS": 1.32,
        "Diluted NI Availto Com Stockholders": 39318000.0,
        "Net Income Common Stockholders": 39318000.0,
        "Net Income": 39318000.0,
        "Net Income Including Noncontrolling Interests": 39318000.0,
        "Net Income Continuous Operations": 39318000.0,
        "Tax Provision": 12109000.0,
        "Pretax Income": 51427000.0,
        "Other Income Expense": -273000.0,
        "Other Non Operating Income Expenses": -273000.0,
        "Net Non Operating Interest Income Expense": -725000.0,
        "Interest Expense Non Operating": 725000.0,
        "Operating Income": 52425000.0,
        "Operating Expense": 85405000.0,
        "Selling General And Administration": 85405000.0,
        "Gross Profit": 137830000.0,
        "Cost Of Revenue": 228026000.0,
        "Total Revenue": 365856000.0,
        "Operating Revenue": 365856000.0
    },
    "2023-06-30": {
        "Tax Effect Of Unusual Items": NaN,
        "Tax Rate For Calcs": NaN,
        "Normalized EBITDA": NaN,
        "Net Income From Continuing Operation Net Minority Interest": NaN,
        "Reconciled Depreciation": NaN,
        "Reconciled Cost Of Revenue": NaN,
        "EBITDA": NaN,
        "EBIT": NaN,
        "Net Interest Income": NaN,
        "Interest Expense": NaN,
        "Normalized Income": NaN,
        "Net Income From Continuing And Discontinued Operation": NaN,
        "Total Expenses": NaN,
        "Total Operating Income As Reported": NaN,
        "Diluted Average Shares": 30444000.0,
        "Basic Average Shares": 29922000.0,
        "Diluted EPS": 1.13,
        "Basic EPS": 1.14,
        "Diluted NI Availto Com Stockholders": NaN,
        "Net Income Common Stockholders": NaN,
        "Net Income": NaN,
        "Net Income Including Noncontrolling Interests": NaN,
        "Net Income Continuous Operations": NaN,
        "Tax Provision": NaN,
        "Pretax Income": NaN,
        "Other Income Expense": NaN,
        "Other Non Operating Income Expenses": NaN,
        "Net Non Operating Interest Income Expense": NaN,
        "Interest Expense Non Operating": NaN,
        "Operating Income": NaN,
        "Operating Expense": NaN,
        "Selling General And Administration": NaN,
        "Gross Profit": NaN,
        "Cost Of Revenue": NaN,
        "Total Revenue": NaN,
        "Operating Revenue": NaN
    },
    "2022-03-31": {
        "Diluted EPS": 1.46,
        "Total Revenue": 383,
        "Gross Profit": 149,
        "Operating Income": 62,
        "EBIT": 81,
        "Net Income": 45
    },
    "2021-12-31": {
        "Diluted EPS": 2.27,
        "Total Revenue": 486,
        "Gross Profit": 192,
        "Operating Income": 92,
        "EBIT": 128,
        "Net Income": 69
    },
    "2021-09-30": {
        "Diluted EPS": 1.25,
        "Total Revenue": 313,
        "Gross Profit": 118,
        "Operating Income": 50,
        "EBIT": 57,
        "Net Income": 38
    },
    "2021-06-30": {
        "Diluted EPS": 1.35,
        "Total Revenue": 306,
        "Gross Profit": 116,
        "Operating Income": 54,
        "EBIT": 61,
        "Net Income": 41
    },
    "2021-03-31": {
        "Diluted EPS": 0.83,
        "Total Revenue": 259,
        "Gross Profit": 92,
        "Operating Income": 33,
        "EBIT": 48,
        "Net Income": 25
    },
    "2020-12-31": {
        "Diluted EPS": 1.0,
        "Total Revenue": 302,
        "Gross Profit": 107,
        "Operating Income": 42,
        "EBIT": 73,
        "Net Income": 30
    },
    "2020-09-30": {
        "Diluted EPS": 0.2,
        "Total Revenue": 185,
        "Gross Profit": 55,
        "Operating Income": 10,
        "EBIT": 8,
        "Net Income": 6
    },
    "2020-06-30": {
        "Diluted EPS": -0.02,
        "Total Revenue": 148,
        "Gross Profit": 40,
        "Operating Income": 2,
        "EBIT": 16,
        "Net Income": 0
    },
    "2020-03-31": {
        "Diluted EPS": 0.2,
        "Total Revenue": 189,
        "Gross Profit": 58,
        "Operating Income": 10,
        "EBIT": 24,
        "Net Income": 6
    },
    "2019-12-31": {
        "Diluted EPS": 0.85,
        "Total Revenue": 284,
        "Gross Profit": 97,
        "Operating Income": 35,
        "EBIT": 49,
        "Net Income": 25
    },
    "2019-09-30": {
        "Diluted EPS": 0.26,
        "Total Revenue": 187,
        "Gross Profit": 59,
        "Operating Income": 13,
        "EBIT": 26,
        "Net Income": 8
    },
    "2019-06-30": {
        "Diluted EPS": 0.33,
        "Total Revenue": 186,
        "Gross Profit": 62,
        "Operating Income": 16,
        "EBIT": 29,
        "Net Income": 10
    },
    "2019-03-31": {
        "Diluted EPS": 0.29,
        "Total Revenue": 193,
        "Gross Profit": 63,
        "Operating Income": 16,
        "EBIT": 22,
        "Net Income": 9
    },
    "2018-12-31": {
        "Diluted EPS": 0.66,
        "Total Revenue": 254,
        "Gross Profit": 86,
        "Operating Income": 29,
        "EBIT": 34,
        "Net Income": 19
    },
    "2018-09-30": {
        "Diluted EPS": 0.16,
        "Total Revenue": 168,
        "Gross Profit": 51,
        "Operating Income": 9,
        "EBIT": 14,
        "Net Income": 5
    },
    "2018-06-30": {
        "Diluted EPS": 0.24,
        "Total Revenue": 162,
        "Gross Profit": 51,
        "Operating Income": 10,
        "EBIT": 15,
        "Net Income": 7
    },
    "2018-03-31": {
        "Diluted EPS": 0.25,
        "Total Revenue": 171,
        "Gross Profit": 53,
        "Operating Income": 11,
        "EBIT": 16,
        "Net Income": 7
    },
    "2017-12-31": {
        "Diluted EPS": 0.73,
        "Total Revenue": 225,
        "Gross Profit": 72,
        "Operating Income": 24,
        "EBIT": 29,
        "Net Income": 20
    },
    "2017-09-30": {
        "Diluted EPS": 0.04,
        "Total Revenue": 143,
        "Gross Profit": 42,
        "Operating Income": 6,
        "EBIT": 10,
        "Net Income": 1
    },
    "2017-06-30": {
        "Diluted EPS": 0.03,
        "Total Revenue": 139,
        "Gross Profit": 41,
        "Operating Income": 5,
        "EBIT": 9,
        "Net Income": 1
    },
    "2017-03-31": {
        "Diluted EPS": 0.1,
        "Total Revenue": 163,
        "Gross Profit": 49,
        "Operating Income": 8,
        "EBIT": 13,
        "Net Income": 3
    },
    "2016-12-31": {
        "Diluted EPS": 0.39,
        "Total Revenue": 199,
        "Gross Profit": 63,
        "Operating Income": 21,
        "EBIT": 25,
        "Net Income": 11
    },
    "2016-09-30": {
        "Diluted EPS": 0.02,
        "Total Revenue": 134,
        "Gross Profit": 36,
        "Operating Income": 4,
        "EBIT": 9,
        "Net Income": 0
    },
    "2016-06-30": {
        "Diluted EPS": 0.02,
        "Total Revenue": 133,
        "Gross Profit": 41,
        "Operating Income": 4,
        "EBIT": 9,
        "Net Income": 1
    },
    "2016-03-31": {
        "Diluted EPS": 0.05,
        "Total Revenue": 149,
        "Gross Profit": 42,
        "Operating Income": 6,
        "EBIT": 10,
        "Net Income": 1
    },
    "2015-12-31": {
        "Diluted EPS": 0.37,
        "Total Revenue": 194,
        "Gross Profit": 64,
        "Operating Income": 20,
        "EBIT": 24,
        "Net Income": 10
    },
    "2015-09-30": {
        "Diluted EPS": -0.13,
        "Total Revenue": 130,
        "Gross Profit": 36,
        "Operating Income": 0,
        "EBIT": 4,
        "Net Income": -3
    },
    "2015-06-30": {
        "Diluted EPS": 0.08,
        "Total Revenue": 96,
        "Gross Profit": 31,
        "Operating Income": 5,
        "EBIT": 8,
        "Net Income": 2
    },
    "2015-03-31": {
        "Diluted EPS": 0.13,
        "Total Revenue": 103,
        "Gross Profit": 34,
        "Operating Income": 8,
        "EBIT": 12,
        "Net Income": 1
    },
    "2014-12-31": {
        "Diluted EPS": 0.36,
        "Total Revenue": 131,
        "Gross Profit": 46,
        "Operating Income": 18,
        "EBIT": 22,
        "Net Income": 9
    },
    "2014-09-30": {
        "Diluted EPS": 0.05,
        "Total Revenue": 86,
        "Gross Profit": 28,
        "Operating Income": 4,
        "EBIT": 7,
        "Net Income": 1
    },
    "2014-06-30": {
        "Diluted EPS": 0.0,
        "Total Revenue": 82,
        "Gross Profit": 27,
        "Operating Income": 5,
        "EBIT": 8,
        "Net Income": 1
    },
    "2014-03-31": {
        "Diluted EPS": 0.0,
        "Total Revenue": NaN,
        "Gross Profit": NaN,
        "Operating Income": NaN,
        "EBIT": NaN,
        "Net Income": NaN
    },
    "2013-12-31": {
        "Diluted EPS": 0.33,
        "Total Revenue": 115,
        "Gross Profit": 40,
        "Operating Income": 13,
        "EBIT": 16,
        "Net Income": 6
    },
    "2013-09-30": {
        "Diluted EPS": -0.07,
        "Total Revenue": 77,
        "Gross Profit": 24,
        "Operating Income": 0,
        "EBIT": 0,
        "Net Income": -1
    },
    "2013-03-31": {
        "Diluted EPS": 0.0,
        "Total Revenue": NaN,
        "Gross Profit": NaN,
        "Operating Income": NaN,
        "EBIT": NaN,
        "Net Income": NaN
    },
    "2023-09-30": {
        "Tax Effect Of Unusual Items": 0.0,
        "Tax Rate For Calcs": 0.273,
        "Normalized EBITDA": 50535000.0,
        "Net Income From Continuing Operation Net Minority Interest": 27680000.0,
        "Reconciled Depreciation": 12007000.0,
        "Reconciled Cost Of Revenue": 240540000.0,
        "EBITDA": 50535000.0,
        "EBIT": 38528000.0,
        "Net Interest Income": -463000.0,
        "Interest Expense": 463000.0,
        "Normalized Income": 27680000.0,
        "Net Income From Continuing And Discontinued Operation": 27680000.0,
        "Total Expenses": 335878000.0,
        "Total Operating Income As Reported": 38578000.0,
        "Diluted Average Shares": 30627000.0,
        "Basic Average Shares": 30137000.0,
        "Diluted EPS": 0.9,
        "Basic EPS": 0.92,
        "Diluted NI Availto Com Stockholders": 27680000.0,
        "Net Income Common Stockholders": 27680000.0,
        "Net Income": 27680000.0,
        "Net Income Including Noncontrolling Interests": 27680000.0,
        "Net Income Continuous Operations": 27680000.0,
        "Tax Provision": 10385000.0,
        "Pretax Income": 38065000.0,
        "Other Income Expense": -50000.0,
        "Other Non Operating Income Expenses": -50000.0,
        "Net Non Operating Interest Income Expense": -463000.0,
        "Interest Expense Non Operating": 463000.0,
        "Operating Income": 38578000.0,
        "Operating Expense": 95338000.0,
        "Selling General And Administration": 95338000.0,
        "Gross Profit": 133916000.0,
        "Cost Of Revenue": 240540000.0,
        "Total Revenue": 374456000.0,
        "Operating Revenue": 374456000.0
    },
    "2023-12-31": {
        "Tax Effect Of Unusual Items": 0.0,
        "Tax Rate For Calcs": 0.258,
        "Normalized EBITDA": 88716000.0,
        "Net Income From Continuing Operation Net Minority Interest": 55624000.0,
        "Reconciled Depreciation": 13218000.0,
        "Reconciled Cost Of Revenue": 321292000.0,
        "EBITDA": 88716000.0,
        "EBIT": 75498000.0,
        "Net Interest Income": -522000.0,
        "Interest Expense": 522000.0,
        "Normalized Income": 55624000.0,
        "Net Income From Continuing And Discontinued Operation": 55624000.0,
        "Total Expenses": 445252000.0,
        "Total Operating Income As Reported": 75147000.0,
        "Diluted Average Shares": 30649000.0,
        "Basic Average Shares": 30293000.0,
        "Diluted EPS": 1.81,
        "Basic EPS": 1.84,
        "Diluted NI Availto Com Stockholders": 55624000.0,
        "Net Income Common Stockholders": 55624000.0,
        "Net Income": 55624000.0,
        "Net Income Including Noncontrolling Interests": 55624000.0,
        "Net Income Continuous Operations": 55624000.0,
        "Tax Provision": 19352000.0,
        "Pretax Income": 74976000.0,
        "Other Income Expense": 351000.0,
        "Other Non Operating Income Expenses": 351000.0,
        "Net Non Operating Interest Income Expense": -522000.0,
        "Interest Expense Non Operating": 522000.0,
        "Operating Income": 75147000.0,
        "Operating Expense": 123960000.0,
        "Selling General And Administration": 123960000.0,
        "Gross Profit": 199107000.0,
        "Cost Of Revenue": 321292000.0,
        "Total Revenue": 520399000.0,
        "Operating Revenue": 520399000.0
    },
    "2024-03-31": {
        "Tax Effect Of Unusual Items": 0.0,
        "Tax Rate For Calcs": 0.242921,
        "Normalized EBITDA": 52858000.0,
        "Net Income From Continuing Operation Net Minority Interest": 29439000.0,
        "Reconciled Depreciation": 13743000.0,
        "Reconciled Cost Of Revenue": 249021000.0,
        "EBITDA": 52858000.0,
        "EBIT": 39115000.0,
        "Net Interest Income": -230000.0,
        "Interest Expense": 230000.0,
        "Normalized Income": 29439000.0,
        "Net Income From Continuing And Discontinued Operation": 29439000.0,
        "Total Expenses": 350215000.0,
        "Total Operating Income As Reported": 38244000.0,
        "Diluted Average Shares": 30717000.0,
        "Basic Average Shares": 30317000.0,
        "Diluted EPS": 0.96,
        "Basic EPS": 0.97,
        "Diluted NI Availto Com Stockholders": 29439000.0,
        "Net Income Common Stockholders": 29439000.0,
        "Net Income": 29439000.0,
        "Net Income Including Noncontrolling Interests": 29439000.0,
        "Net Income Continuous Operations": 29439000.0,
        "Tax Provision": 9446000.0,
        "Pretax Income": 38885000.0,
        "Other Income Expense": 871000.0,
        "Other Non Operating Income Expenses": 871000.0,
        "Net Non Operating Interest Income Expense": -230000.0,
        "Interest Expense Non Operating": 230000.0,
        "Operating Income": 38244000.0,
        "Operating Expense": 101194000.0,
        "Selling General And Administration": 101194000.0,
        "Gross Profit": 139438000.0,
        "Cost Of Revenue": 249021000.0,
        "Total Revenue": 388459000.0,
        "Operating Revenue": 388459000.0
    },
    "2024-06-30": {
        "Tax Effect Of Unusual Items": 0.0,
        "Tax Rate For Calcs": 0.229021,
        "Normalized EBITDA": 65098000.0,
        "Net Income From Continuing Operation Net Minority Interest": 38909000.0,
        "Reconciled Depreciation": 14280000.0,
        "Reconciled Cost Of Revenue": 266637000.0,
        "EBITDA": 65098000.0,
        "EBIT": 50818000.0,
        "Net Interest Income": -351000.0,
        "Interest Expense": 351000.0,
        "Normalized Income": 38909000.0,
        "Net Income From Continuing And Discontinued Operation": 38909000.0,
        "Total Expenses": 373164000.0,
        "Total Operating Income As Reported": 50222000.0,
        "Diluted Average Shares": 30815000.0,
        "Basic Average Shares": 30433000.0,
        "Diluted EPS": 1.26,
        "Basic EPS": 1.28,
        "Diluted NI Availto Com Stockholders": 38909000.0,
        "Net Income Common Stockholders": 38909000.0,
        "Net Income": 38909000.0,
        "Net Income Including Noncontrolling Interests": 38909000.0,
        "Net Income Continuous Operations": 38909000.0,
        "Tax Provision": 11558000.0,
        "Pretax Income": 50467000.0,
        "Other Income Expense": 596000.0,
        "Other Non Operating Income Expenses": 596000.0,
        "Net Non Operating Interest Income Expense": -351000.0,
        "Interest Expense Non Operating": 351000.0,
        "Operating Income": 50222000.0,
        "Operating Expense": 106527000.0,
        "Selling General And Administration": 106527000.0,
        "Gross Profit": 156749000.0,
        "Cost Of Revenue": 266637000.0,
        "Total Revenue": 423386000.0,
        "Operating Revenue": 423386000.0
    },
    "2024-09-30": {
        "Tax Effect Of Unusual Items": 0.0,
        "Tax Rate For Calcs": 0.274,
        "Normalized EBITDA": 56208000.0,
        "Net Income From Continuing Operation Net Minority Interest": 29428000.0,
        "Reconciled Depreciation": 15280000.0,
        "Reconciled Cost Of Revenue": 272941000.0,
        "EBITDA": 56208000.0,
        "EBIT": 40928000.0,
        "Net Interest Income": -384000.0,
        "Interest Expense": 384000.0,
        "Normalized Income": 29428000.0,
        "Net Income From Continuing And Discontinued Operation": 29428000.0,
        "Total Expenses": 385820000.0,
        "Total Operating Income As Reported": 39979000.0,
        "Diluted Average Shares": 30899000.0,
        "Basic Average Shares": 30510000.0,
        "Diluted EPS": 0.95,
        "Basic EPS": 0.96,
        "Diluted NI Availto Com Stockholders": 29428000.0,
        "Net Income Common Stockholders": 29428000.0,
        "Net Income": 29428000.0,
        "Net Income Including Noncontrolling Interests": 29428000.0,
        "Net Income Continuous Operations": 29428000.0,
        "Tax Provision": 11116000.0,
        "Pretax Income": 40544000.0,
        "Other Income Expense": 949000.0,
        "Other Non Operating Income Expenses": 949000.0,
        "Net Non Operating Interest Income Expense": -384000.0,
        "Interest Expense Non Operating": 384000.0,
        "Operating Income": 39979000.0,
        "Operating Expense": 112879000.0,
        "Selling General And Administration": 112879000.0,
        "Gross Profit": 152858000.0,
        "Cost Of Revenue": 272941000.0,
        "Total Revenue": 425799000.0,
        "Operating Revenue": 425799000.0
    },
    "2024-12-31": {
        "Tax Effect Of Unusual Items": 0.0,
        "Tax Rate For Calcs": 0.242966,
        "Normalized EBITDA": 115835000.0,
        "Net Income From Continuing Operation Net Minority Interest": 75066000.0,
        "Reconciled Depreciation": 16261000.0,
        "Reconciled Cost Of Revenue": 369301000.0,
        "EBITDA": 115835000.0,
        "EBIT": 99574000.0,
        "Net Interest Income": -416000.0,
        "Interest Expense": 416000.0,
        "Normalized Income": 75066000.0,
        "Net Income From Continuing And Discontinued Operation": 75066000.0,
        "Total Expenses": 508706000.0,
        "Total Operating Income As Reported": 99464000.0,
        "Diluted Average Shares": 30898000.0,
        "Basic Average Shares": 30559000.0,
        "Diluted EPS": 2.43,
        "Basic EPS": 2.46,
        "Diluted NI Availto Com Stockholders": 75066000.0,
        "Net Income Common Stockholders": 75066000.0,
        "Net Income": 75066000.0,
        "Net Income Including Noncontrolling Interests": 75066000.0,
        "Net Income Continuous Operations": 75066000.0,
        "Tax Provision": 24092000.0,
        "Pretax Income": 99158000.0,
        "Other Income Expense": 110000.0,
        "Other Non Operating Income Expenses": 110000.0,
        "Net Non Operating Interest Income Expense": -416000.0,
        "Interest Expense Non Operating": 416000.0,
        "Operating Income": 99464000.0,
        "Operating Expense": 139405000.0,
        "Selling General And Administration": 139405000.0,
        "Gross Profit": 238869000.0,
        "Cost Of Revenue": 369301000.0,
        "Total Revenue": 608170000.0,
        "Operating Revenue": 608170000.0
    },
    "2025-03-31": {
        "Tax Effect Of Unusual Items": 0.0,
        "Tax Rate For Calcs": 0.248438,
        "Normalized EBITDA": 66955000.0,
        "Net Income From Continuing Operation Net Minority Interest": 37539000.0,
        "Reconciled Depreciation": 16661000.0,
        "Reconciled Cost Of Revenue": 285187000.0,
        "EBITDA": 66955000.0,
        "EBIT": 50294000.0,
        "Net Interest Income": -346000.0,
        "Interest Expense": 346000.0,
        "Normalized Income": 37539000.0,
        "Net Income From Continuing And Discontinued Operation": 37539000.0,
        "Total Expenses": 404062000.0,
        "Total Operating Income As Reported": 49687000.0,
        "Diluted Average Shares": 30771000.0,
        "Basic Average Shares": 30593000.0,
        "Diluted EPS": 1.22,
        "Basic EPS": 1.23,
        "Diluted NI Availto Com Stockholders": 37539000.0,
        "Net Income Common Stockholders": 37539000.0,
        "Net Income": 37539000.0,
        "Net Income Including Noncontrolling Interests": 37539000.0,
        "Net Income Continuous Operations": 37539000.0,
        "Tax Provision": 12409000.0,
        "Pretax Income": 49948000.0,
        "Other Income Expense": 607000.0,
        "Other Non Operating Income Expenses": 607000.0,
        "Net Non Operating Interest Income Expense": -346000.0,
        "Interest Expense Non Operating": 346000.0,
        "Operating Income": 49687000.0,
        "Operating Expense": 118875000.0,
        "Selling General And Administration": 118875000.0,
        "Gross Profit": 168562000.0,
        "Cost Of Revenue": 285187000.0,
        "Total Revenue": 453749000.0,
        "Operating Revenue": 453749000.0
    },
    "2025-06-30": {
        "Tax Effect Of Unusual Items": 0.0,
        "Tax Rate For Calcs": 0.250814,
        "Normalized EBITDA": 89149000.0,
        "Net Income From Continuing Operation Net Minority Interest": 53408000.0,
        "Reconciled Depreciation": 17518000.0,
        "Reconciled Cost Of Revenue": 306846000.0,
        "EBITDA": 89149000.0,
        "EBIT": 71631000.0,
        "Net Interest Income": -343000.0,
        "Interest Expense": 343000.0,
        "Normalized Income": 53408000.0,
        "Net Income From Continuing And Discontinued Operation": 53408000.0,
        "Total Expenses": 433347000.0,
        "Total Operating Income As Reported": 70720000.0,
        "Diluted Average Shares": 30750000.0,
        "Basic Average Shares": 30596000.0,
        "Diluted EPS": 1.74,
        "Basic EPS": 1.75,
        "Diluted NI Availto Com Stockholders": 53408000.0,
        "Net Income Common Stockholders": 53408000.0,
        "Net Income": 53408000.0,
        "Net Income Including Noncontrolling Interests": 53408000.0,
        "Net Income Continuous Operations": 53408000.0,
        "Tax Provision": 17880000.0,
        "Pretax Income": 71288000.0,
        "Other Income Expense": 911000.0,
        "Other Non Operating Income Expenses": 911000.0,
        "Net Non Operating Interest Income Expense": -343000.0,
        "Interest Expense Non Operating": 343000.0,
        "Operating Income": 70720000.0,
        "Operating Expense": 126501000.0,
        "Selling General And Administration": 126501000.0,
        "Gross Profit": 197221000.0,
        "Cost Of Revenue": 306846000.0,
        "Total Revenue": 504067000.0,
        "Operating Revenue": 504067000.0
    },
    "2025-09-30": {
        "Tax Effect Of Unusual Items": 0.0,
        "Tax Rate For Calcs": 0.258,
        "Normalized EBITDA": 76783000.0,
        "Net Income From Continuing Operation Net Minority Interest": 42222000.0,
        "Reconciled Depreciation": 19454000.0,
        "Reconciled Cost Of Revenue": 321247000.0,
        "EBITDA": 76783000.0,
        "EBIT": 57329000.0,
        "Net Interest Income": -403000.0,
        "Interest Expense": 403000.0,
        "Normalized Income": 42222000.0,
        "Net Income From Continuing And Discontinued Operation": 42222000.0,
        "Total Expenses": 448973000.0,
        "Total Operating Income As Reported": 56423000.0,
        "Diluted Average Shares": 30750000.0,
        "Basic Average Shares": 30540000.0,
        "Diluted EPS": 1.37,
        "Basic EPS": 1.38,
        "Diluted NI Availto Com Stockholders": 42222000.0,
        "Net Income Common Stockholders": 42222000.0,
        "Net Income": 42222000.0,
        "Net Income Including Noncontrolling Interests": 42222000.0,
        "Net Income Continuous Operations": 42222000.0,
        "Tax Provision": 14704000.0,
        "Pretax Income": 56926000.0,
        "Other Income Expense": 906000.0,
        "Other Non Operating Income Expenses": 906000.0,
        "Net Non Operating Interest Income Expense": -403000.0,
        "Interest Expense Non Operating": 403000.0,
        "Operating Income": 56423000.0,
        "Operating Expense": 127726000.0,
        "Selling General And Administration": 127726000.0,
        "Gross Profit": 184149000.0,
        "Cost Of Revenue": 321247000.0,
        "Total Revenue": 505396000.0,
        "Operating Revenue": 505396000.0
    },
    "2025-12-31": {
        "Tax Effect Of Unusual Items": 0.0,
        "Tax Rate For Calcs": 0.252207,
        "Normalized EBITDA": 135277000.0,
        "Net Income From Continuing Operation Net Minority Interest": 85810000.0,
        "Reconciled Depreciation": 20091000.0,
        "Reconciled Cost Of Revenue": 424403000.0,
        "EBITDA": 135277000.0,
        "EBIT": 115186000.0,
        "Net Interest Income": -435000.0,
        "Interest Expense": 435000.0,
        "Normalized Income": 85810000.0,
        "Net Income From Continuing And Discontinued Operation": 85810000.0,
        "Total Expenses": 590862000.0,
        "Total Operating Income As Reported": 114781000.0,
        "Diluted Average Shares": 30726000.0,
        "Basic Average Shares": 30471000.0,
        "Diluted EPS": 2.79,
        "Basic EPS": 2.82,
        "Diluted NI Availto Com Stockholders": 85810000.0,
        "Net Income Common Stockholders": 85810000.0,
        "Net Income": 85810000.0,
        "Net Income Including Noncontrolling Interests": 85810000.0,
        "Net Income Continuous Operations": 85810000.0,
        "Tax Provision": 28941000.0,
        "Pretax Income": 114751000.0,
        "Other Income Expense": 405000.0,
        "Other Non Operating Income Expenses": 405000.0,
        "Net Non Operating Interest Income Expense": -435000.0,
        "Interest Expense Non Operating": 435000.0,
        "Operating Income": 114781000.0,
        "Operating Expense": 166459000.0,
        "Selling General And Administration": 166459000.0,
        "Gross Profit": 281240000.0,
        "Cost Of Revenue": 424403000.0,
        "Total Revenue": 705643000.0,
        "Operating Revenue": 705643000.0
    }
}