{
    "2023-03-31": {
        "Tax Effect Of Unusual Items": 374000.0,
        "Tax Rate For Calcs": 0.22,
        "Normalized EBITDA": 71200000.0,
        "Total Unusual Items": 1700000.0,
        "Total Unusual Items Excluding Goodwill": 1700000.0,
        "Net Income From Continuing Operation Net Minority Interest": -7400000.0,
        "Reconciled Depreciation": 28200000.0,
        "Reconciled Cost Of Revenue": 28200000.0,
        "EBITDA": 72900000.0,
        "EBIT": 44700000.0,
        "Net Interest Income": -42100000.0,
        "Interest Expense": 36800000.0,
        "Interest Income": 2400000.0,
        "Normalized Income": -8726000.0,
        "Net Income From Continuing And Discontinued Operation": -7400000.0,
        "Total Expenses": 126100000.0,
        "Total Operating Income As Reported": 46000000.0,
        "Diluted Average Shares": 234781420.0,
        "Basic Average Shares": 234781420.0,
        "Diluted EPS": -0.03,
        "Basic EPS": -0.03,
        "Diluted NI Availto Com Stockholders": -7400000.0,
        "Net Income Common Stockholders": -7400000.0,
        "Net Income": -7400000.0,
        "Net Income Including Noncontrolling Interests": -7400000.0,
        "Net Income Continuous Operations": -7400000.0,
        "Tax Provision": 15300000.0,
        "Pretax Income": 7900000.0,
        "Other Income Expense": 4100000.0,
        "Other Non Operating Income Expenses": NaN,
        "Special Income Charges": 100000.0,
        "Gain On Sale Of Ppe": 100000.0,
        "Impairment Of Capital Assets": NaN,
        "Earnings From Equity Interest": 2400000.0,
        "Gain On Sale Of Security": 1600000.0,
        "Net Non Operating Interest Income Expense": -42100000.0,
        "Total Other Finance Cost": 7700000.0,
        "Interest Expense Non Operating": 36800000.0,
        "Interest Income Non Operating": 2400000.0,
        "Operating Income": 45900000.0,
        "Operating Expense": 97900000.0,
        "Selling General And Administration": 12400000.0,
        "General And Administrative Expense": 12400000.0,
        "Other Gand A": 12400000.0,
        "Gross Profit": 143800000.0,
        "Cost Of Revenue": 28200000.0,
        "Total Revenue": 172000000.0,
        "Operating Revenue": 172000000.0
    },
    "2022-12-31": {
        "Tax Effect Of Unusual Items": NaN,
        "Tax Rate For Calcs": NaN,
        "Normalized EBITDA": NaN,
        "Total Unusual Items": NaN,
        "Total Unusual Items Excluding Goodwill": NaN,
        "Net Income From Continuing Operation Net Minority Interest": NaN,
        "Reconciled Depreciation": NaN,
        "Reconciled Cost Of Revenue": NaN,
        "EBITDA": NaN,
        "EBIT": NaN,
        "Net Interest Income": NaN,
        "Interest Expense": NaN,
        "Interest Income": NaN,
        "Normalized Income": NaN,
        "Net Income From Continuing And Discontinued Operation": NaN,
        "Total Expenses": NaN,
        "Total Operating Income As Reported": NaN,
        "Diluted Average Shares": NaN,
        "Basic Average Shares": NaN,
        "Diluted EPS": NaN,
        "Basic EPS": NaN,
        "Diluted NI Availto Com Stockholders": NaN,
        "Average Dilution Earnings": NaN,
        "Net Income Common Stockholders": NaN,
        "Net Income": NaN,
        "Net Income Including Noncontrolling Interests": NaN,
        "Net Income Continuous Operations": NaN,
        "Tax Provision": NaN,
        "Pretax Income": NaN,
        "Other Income Expense": NaN,
        "Other Non Operating Income Expenses": 0.0,
        "Special Income Charges": NaN,
        "Gain On Sale Of Ppe": NaN,
        "Impairment Of Capital Assets": 0.0,
        "Earnings From Equity Interest": NaN,
        "Gain On Sale Of Security": NaN,
        "Net Non Operating Interest Income Expense": NaN,
        "Total Other Finance Cost": NaN,
        "Interest Expense Non Operating": NaN,
        "Interest Income Non Operating": NaN,
        "Operating Income": NaN,
        "Operating Expense": NaN,
        "Selling General And Administration": NaN,
        "General And Administrative Expense": NaN,
        "Other Gand A": NaN,
        "Gross Profit": NaN,
        "Cost Of Revenue": NaN,
        "Total Revenue": NaN,
        "Operating Revenue": NaN
    },
    "2022-09-30": {
        "Tax Effect Of Unusual Items": NaN,
        "Tax Rate For Calcs": NaN,
        "Normalized EBITDA": NaN,
        "Total Unusual Items": NaN,
        "Total Unusual Items Excluding Goodwill": NaN,
        "Net Income From Continuing Operation Net Minority Interest": NaN,
        "Reconciled Depreciation": NaN,
        "Reconciled Cost Of Revenue": NaN,
        "EBITDA": NaN,
        "EBIT": NaN,
        "Net Interest Income": NaN,
        "Interest Expense": NaN,
        "Interest Income": NaN,
        "Normalized Income": NaN,
        "Net Income From Continuing And Discontinued Operation": NaN,
        "Total Expenses": NaN,
        "Total Operating Income As Reported": NaN,
        "Diluted Average Shares": NaN,
        "Basic Average Shares": NaN,
        "Diluted EPS": NaN,
        "Basic EPS": NaN,
        "Diluted NI Availto Com Stockholders": NaN,
        "Net Income Common Stockholders": NaN,
        "Net Income": NaN,
        "Net Income Including Noncontrolling Interests": NaN,
        "Net Income Continuous Operations": NaN,
        "Tax Provision": NaN,
        "Pretax Income": NaN,
        "Other Income Expense": NaN,
        "Other Non Operating Income Expenses": NaN,
        "Special Income Charges": NaN,
        "Gain On Sale Of Ppe": NaN,
        "Impairment Of Capital Assets": 7300000.0,
        "Earnings From Equity Interest": NaN,
        "Gain On Sale Of Security": NaN,
        "Net Non Operating Interest Income Expense": NaN,
        "Total Other Finance Cost": NaN,
        "Interest Expense Non Operating": NaN,
        "Interest Income Non Operating": NaN,
        "Operating Income": NaN,
        "Operating Expense": NaN,
        "Selling General And Administration": NaN,
        "General And Administrative Expense": NaN,
        "Other Gand A": NaN,
        "Gross Profit": NaN,
        "Cost Of Revenue": NaN,
        "Total Revenue": NaN,
        "Operating Revenue": NaN
    },
    "2022-06-30": {
        "Tax Effect Of Unusual Items": -49440000.0,
        "Tax Rate For Calcs": 0.4,
        "Normalized EBITDA": 24600000.0,
        "Total Unusual Items": -123600000.0,
        "Total Unusual Items Excluding Goodwill": -123600000.0,
        "Net Income From Continuing Operation Net Minority Interest": -165300000.0,
        "Reconciled Depreciation": 29500000.0,
        "Reconciled Cost Of Revenue": 29500000.0,
        "EBITDA": -99000000.0,
        "EBIT": -128500000.0,
        "Net Interest Income": -37000000.0,
        "Interest Expense": 30500000.0,
        "Interest Income": 3900000.0,
        "Normalized Income": -91140000.0,
        "Net Income From Continuing And Discontinued Operation": -165300000.0,
        "Total Expenses": 104600000.0,
        "Total Operating Income As Reported": -123000000.0,
        "Diluted Average Shares": 152284619.0,
        "Basic Average Shares": 152284619.0,
        "Diluted EPS": -1.09,
        "Basic EPS": -1.09,
        "Diluted NI Availto Com Stockholders": -165300000.0,
        "Net Income Common Stockholders": -165300000.0,
        "Net Income": -165300000.0,
        "Net Income Including Noncontrolling Interests": -165300000.0,
        "Net Income Continuous Operations": -165300000.0,
        "Tax Provision": 6300000.0,
        "Pretax Income": -159000000.0,
        "Other Income Expense": -122700000.0,
        "Other Non Operating Income Expenses": 2000000.0,
        "Special Income Charges": -123700000.0,
        "Gain On Sale Of Ppe": 700000.0,
        "Impairment Of Capital Assets": 124400000.0,
        "Earnings From Equity Interest": -1100000.0,
        "Gain On Sale Of Security": 100000.0,
        "Net Non Operating Interest Income Expense": -37000000.0,
        "Total Other Finance Cost": 10400000.0,
        "Interest Expense Non Operating": 30500000.0,
        "Interest Income Non Operating": 3900000.0,
        "Operating Income": 700000.0,
        "Operating Expense": 75100000.0,
        "Selling General And Administration": 9600000.0,
        "General And Administrative Expense": 9600000.0,
        "Other Gand A": 9600000.0,
        "Gross Profit": 75800000.0,
        "Cost Of Revenue": 29500000.0,
        "Total Revenue": 105300000.0,
        "Operating Revenue": 105300000.0
    },
    "2022-03-31": {
        "Diluted EPS": -0.35,
        "Total Revenue": 82,
        "Gross Profit": 26,
        "Operating Income": -12,
        "EBIT": 23,
        "Net Income": -51
    },
    "2021-12-31": {
        "Diluted EPS": -0.33,
        "Total Revenue": 69,
        "Gross Profit": 30,
        "Operating Income": -13,
        "EBIT": 27,
        "Net Income": -46
    },
    "2021-09-30": {
        "Diluted EPS": -0.24,
        "Total Revenue": 73,
        "Gross Profit": 27,
        "Operating Income": -9,
        "EBIT": 27,
        "Net Income": -33
    },
    "2021-06-30": {
        "Diluted EPS": -0.44,
        "Total Revenue": 55,
        "Gross Profit": 7,
        "Operating Income": -26,
        "EBIT": 2,
        "Net Income": -60
    },
    "2021-03-31": {
        "Diluted EPS": -0.42,
        "Total Revenue": 48,
        "Gross Profit": 0,
        "Operating Income": -41,
        "EBIT": -11,
        "Net Income": -54
    },
    "2020-12-31": {
        "Diluted EPS": -0.22,
        "Total Revenue": 60,
        "Gross Profit": 6,
        "Operating Income": -26,
        "EBIT": 7,
        "Net Income": -59
    },
    "2020-09-30": {
        "Diluted EPS": -0.78,
        "Total Revenue": 59,
        "Gross Profit": -4,
        "Operating Income": -45,
        "EBIT": -16,
        "Net Income": -62
    },
    "2020-06-30": {
        "Diluted EPS": -1.66,
        "Total Revenue": 84,
        "Gross Profit": 1,
        "Operating Income": -91,
        "EBIT": -62,
        "Net Income": -110
    },
    "2020-03-31": {
        "Diluted EPS": -1.56,
        "Total Revenue": 104,
        "Gross Profit": 34,
        "Operating Income": -27,
        "EBIT": 7,
        "Net Income": -87
    },
    "2019-12-31": {
        "Diluted EPS": -1.06,
        "Total Revenue": 93,
        "Gross Profit": 11,
        "Operating Income": -30,
        "EBIT": -2,
        "Net Income": -60
    },
    "2019-09-30": {
        "Diluted EPS": -1.5,
        "Total Revenue": 103,
        "Gross Profit": 15,
        "Operating Income": -26,
        "EBIT": 4,
        "Net Income": -79
    },
    "2019-06-30": {
        "Diluted EPS": -1.96,
        "Total Revenue": 87,
        "Gross Profit": 5,
        "Operating Income": -37,
        "EBIT": -5,
        "Net Income": -103
    },
    "2019-03-31": {
        "Diluted EPS": -1.04,
        "Total Revenue": 52,
        "Gross Profit": -5,
        "Operating Income": -58,
        "EBIT": -27,
        "Net Income": -55
    },
    "2018-12-31": {
        "Diluted EPS": -0.42,
        "Total Revenue": 54,
        "Gross Profit": -6,
        "Operating Income": -51,
        "EBIT": -19,
        "Net Income": -111
    },
    "2018-09-30": {
        "Diluted EPS": -0.74,
        "Total Revenue": 50,
        "Gross Profit": 4,
        "Operating Income": -42,
        "EBIT": -10,
        "Net Income": -39
    },
    "2018-06-30": {
        "Diluted EPS": -0.14,
        "Total Revenue": 51,
        "Gross Profit": -1,
        "Operating Income": -25,
        "EBIT": 3,
        "Net Income": -7
    },
    "2018-03-31": {
        "Diluted EPS": -0.14,
        "Total Revenue": 11,
        "Gross Profit": -12,
        "Operating Income": -14,
        "EBIT": -2,
        "Net Income": -34
    },
    "2017-12-31": {
        "Diluted EPS": 0.0,
        "Total Revenue": NaN,
        "Gross Profit": NaN,
        "Operating Income": NaN,
        "EBIT": NaN,
        "Net Income": NaN
    },
    "2023-06-30": {
        "Tax Effect Of Unusual Items": NaN,
        "Tax Rate For Calcs": NaN,
        "Normalized EBITDA": NaN,
        "Total Unusual Items": NaN,
        "Total Unusual Items Excluding Goodwill": NaN,
        "Net Income From Continuing Operation Net Minority Interest": NaN,
        "Reconciled Depreciation": NaN,
        "Reconciled Cost Of Revenue": NaN,
        "EBITDA": NaN,
        "EBIT": NaN,
        "Net Interest Income": NaN,
        "Interest Expense": NaN,
        "Interest Income": NaN,
        "Normalized Income": NaN,
        "Net Income From Continuing And Discontinued Operation": NaN,
        "Total Expenses": NaN,
        "Total Operating Income As Reported": NaN,
        "Diluted Average Shares": NaN,
        "Basic Average Shares": NaN,
        "Diluted EPS": NaN,
        "Basic EPS": NaN,
        "Diluted NI Availto Com Stockholders": NaN,
        "Average Dilution Earnings": 0.0,
        "Net Income Common Stockholders": NaN,
        "Net Income": NaN,
        "Net Income Including Noncontrolling Interests": NaN,
        "Net Income Continuous Operations": NaN,
        "Tax Provision": NaN,
        "Pretax Income": NaN,
        "Other Income Expense": NaN,
        "Special Income Charges": NaN,
        "Gain On Sale Of Ppe": NaN,
        "Impairment Of Capital Assets": 0.0,
        "Earnings From Equity Interest": NaN,
        "Gain On Sale Of Security": NaN,
        "Net Non Operating Interest Income Expense": NaN,
        "Total Other Finance Cost": NaN,
        "Interest Expense Non Operating": NaN,
        "Interest Income Non Operating": NaN,
        "Operating Income": NaN,
        "Operating Expense": NaN,
        "Selling General And Administration": NaN,
        "General And Administrative Expense": NaN,
        "Other Gand A": NaN,
        "Gross Profit": NaN,
        "Cost Of Revenue": NaN,
        "Total Revenue": NaN,
        "Operating Revenue": NaN
    },
    "2023-09-30": {
        "Tax Effect Of Unusual Items": NaN,
        "Tax Rate For Calcs": NaN,
        "Normalized EBITDA": NaN,
        "Total Unusual Items": NaN,
        "Total Unusual Items Excluding Goodwill": NaN,
        "Net Income From Continuing Operation Net Minority Interest": NaN,
        "Reconciled Depreciation": NaN,
        "Reconciled Cost Of Revenue": NaN,
        "EBITDA": NaN,
        "EBIT": NaN,
        "Net Interest Income": NaN,
        "Interest Expense": NaN,
        "Interest Income": NaN,
        "Normalized Income": NaN,
        "Net Income From Continuing And Discontinued Operation": NaN,
        "Total Expenses": NaN,
        "Total Operating Income As Reported": NaN,
        "Diluted Average Shares": NaN,
        "Basic Average Shares": NaN,
        "Diluted EPS": NaN,
        "Basic EPS": NaN,
        "Diluted NI Availto Com Stockholders": NaN,
        "Average Dilution Earnings": NaN,
        "Net Income Common Stockholders": NaN,
        "Net Income": NaN,
        "Net Income Including Noncontrolling Interests": NaN,
        "Net Income Continuous Operations": NaN,
        "Tax Provision": NaN,
        "Pretax Income": NaN,
        "Other Income Expense": NaN,
        "Special Income Charges": NaN,
        "Gain On Sale Of Ppe": NaN,
        "Impairment Of Capital Assets": 0.0,
        "Earnings From Equity Interest": NaN,
        "Gain On Sale Of Security": NaN,
        "Net Non Operating Interest Income Expense": NaN,
        "Total Other Finance Cost": NaN,
        "Interest Expense Non Operating": NaN,
        "Interest Income Non Operating": NaN,
        "Operating Income": NaN,
        "Operating Expense": NaN,
        "Selling General And Administration": NaN,
        "General And Administrative Expense": NaN,
        "Other Gand A": NaN,
        "Gross Profit": NaN,
        "Cost Of Revenue": NaN,
        "Total Revenue": NaN,
        "Operating Revenue": NaN
    },
    "2023-12-31": {
        "Tax Effect Of Unusual Items": NaN,
        "Tax Rate For Calcs": NaN,
        "Normalized EBITDA": NaN,
        "Total Unusual Items": NaN,
        "Total Unusual Items Excluding Goodwill": NaN,
        "Net Income From Continuing Operation Net Minority Interest": NaN,
        "Reconciled Depreciation": NaN,
        "Reconciled Cost Of Revenue": NaN,
        "EBITDA": NaN,
        "EBIT": NaN,
        "Net Interest Income": NaN,
        "Interest Expense": NaN,
        "Interest Income": NaN,
        "Normalized Income": NaN,
        "Net Income From Continuing And Discontinued Operation": NaN,
        "Total Expenses": NaN,
        "Total Operating Income As Reported": NaN,
        "Diluted Average Shares": NaN,
        "Basic Average Shares": NaN,
        "Diluted EPS": NaN,
        "Basic EPS": NaN,
        "Diluted NI Availto Com Stockholders": NaN,
        "Average Dilution Earnings": NaN,
        "Net Income Common Stockholders": NaN,
        "Net Income": NaN,
        "Net Income Including Noncontrolling Interests": NaN,
        "Net Income Continuous Operations": NaN,
        "Tax Provision": NaN,
        "Pretax Income": NaN,
        "Other Income Expense": NaN,
        "Special Income Charges": NaN,
        "Gain On Sale Of Ppe": NaN,
        "Impairment Of Capital Assets": 0.0,
        "Earnings From Equity Interest": NaN,
        "Gain On Sale Of Security": NaN,
        "Net Non Operating Interest Income Expense": NaN,
        "Total Other Finance Cost": NaN,
        "Interest Expense Non Operating": NaN,
        "Interest Income Non Operating": NaN,
        "Operating Income": NaN,
        "Operating Expense": NaN,
        "Selling General And Administration": NaN,
        "General And Administrative Expense": NaN,
        "Other Gand A": NaN,
        "Gross Profit": NaN,
        "Cost Of Revenue": NaN,
        "Total Revenue": NaN,
        "Operating Revenue": NaN
    },
    "2024-03-31": {
        "Tax Effect Of Unusual Items": -418000.0,
        "Tax Rate For Calcs": 0.22,
        "Normalized EBITDA": 112700000.0,
        "Total Unusual Items": -1900000.0,
        "Total Unusual Items Excluding Goodwill": -1900000.0,
        "Net Income From Continuing Operation Net Minority Interest": 14400000.0,
        "Reconciled Depreciation": 31800000.0,
        "Reconciled Cost Of Revenue": 31800000.0,
        "EBITDA": 110800000.0,
        "EBIT": 79000000.0,
        "Net Interest Income": -55700000.0,
        "Interest Expense": 46400000.0,
        "Interest Income": 1500000.0,
        "Normalized Income": 15882000.0,
        "Net Income From Continuing And Discontinued Operation": 14400000.0,
        "Total Expenses": 149200000.0,
        "Total Operating Income As Reported": 85000000.0,
        "Diluted Average Shares": 256565237.0,
        "Basic Average Shares": 252718525.0,
        "Diluted EPS": 0.06,
        "Basic EPS": 0.06,
        "Diluted NI Availto Com Stockholders": 14400000.0,
        "Average Dilution Earnings": NaN,
        "Net Income Common Stockholders": 14400000.0,
        "Net Income": 14400000.0,
        "Net Income Including Noncontrolling Interests": 14400000.0,
        "Net Income Continuous Operations": 14400000.0,
        "Tax Provision": 18200000.0,
        "Pretax Income": 32600000.0,
        "Other Income Expense": 3500000.0,
        "Special Income Charges": 200000.0,
        "Gain On Sale Of Ppe": 200000.0,
        "Impairment Of Capital Assets": NaN,
        "Earnings From Equity Interest": 5400000.0,
        "Gain On Sale Of Security": -2100000.0,
        "Net Non Operating Interest Income Expense": -55700000.0,
        "Total Other Finance Cost": 10800000.0,
        "Interest Expense Non Operating": 46400000.0,
        "Interest Income Non Operating": 1500000.0,
        "Operating Income": 84800000.0,
        "Operating Expense": 117400000.0,
        "Selling General And Administration": 13400000.0,
        "General And Administrative Expense": 13400000.0,
        "Other Gand A": 13400000.0,
        "Gross Profit": 202200000.0,
        "Cost Of Revenue": 31800000.0,
        "Total Revenue": 234000000.0,
        "Operating Revenue": 234000000.0
    },
    "2024-06-30": {
        "Tax Effect Of Unusual Items": 95922.746781,
        "Tax Rate For Calcs": 0.319742,
        "Normalized EBITDA": 127600000.0,
        "Total Unusual Items": 300000.0,
        "Total Unusual Items Excluding Goodwill": 300000.0,
        "Net Income From Continuing Operation Net Minority Interest": 31700000.0,
        "Reconciled Depreciation": 31900000.0,
        "Reconciled Cost Of Revenue": 31900000.0,
        "EBITDA": 127900000.0,
        "EBIT": 96000000.0,
        "Net Interest Income": -55500000.0,
        "Interest Expense": 49400000.0,
        "Interest Income": 2600000.0,
        "Normalized Income": 31495922.746781,
        "Net Income From Continuing And Discontinued Operation": 31700000.0,
        "Total Expenses": 167600000.0,
        "Total Operating Income As Reported": 104500000.0,
        "Diluted Average Shares": 288436630.0,
        "Basic Average Shares": 251189331.0,
        "Diluted EPS": 0.12,
        "Basic EPS": 0.13,
        "Diluted NI Availto Com Stockholders": 34700000.0,
        "Average Dilution Earnings": 3000000.0,
        "Net Income Common Stockholders": 31700000.0,
        "Net Income": 31700000.0,
        "Net Income Including Noncontrolling Interests": 31700000.0,
        "Net Income Continuous Operations": 31700000.0,
        "Tax Provision": 14900000.0,
        "Pretax Income": 46600000.0,
        "Other Income Expense": -2200000.0,
        "Special Income Charges": 200000.0,
        "Gain On Sale Of Ppe": 200000.0,
        "Impairment Of Capital Assets": NaN,
        "Earnings From Equity Interest": -2500000.0,
        "Gain On Sale Of Security": 100000.0,
        "Net Non Operating Interest Income Expense": -55500000.0,
        "Total Other Finance Cost": 8700000.0,
        "Interest Expense Non Operating": 49400000.0,
        "Interest Income Non Operating": 2600000.0,
        "Operating Income": 104300000.0,
        "Operating Expense": 135700000.0,
        "Selling General And Administration": 11600000.0,
        "General And Administrative Expense": 11600000.0,
        "Other Gand A": 11600000.0,
        "Gross Profit": 240000000.0,
        "Cost Of Revenue": 31900000.0,
        "Total Revenue": 271900000.0,
        "Operating Revenue": 271900000.0
    },
    "2024-09-30": {
        "Tax Effect Of Unusual Items": 154000.0,
        "Tax Rate For Calcs": 0.22,
        "Normalized EBITDA": 107100000.0,
        "Total Unusual Items": 700000.0,
        "Total Unusual Items Excluding Goodwill": 700000.0,
        "Net Income From Continuing Operation Net Minority Interest": 9700000.0,
        "Reconciled Depreciation": 31800000.0,
        "Reconciled Cost Of Revenue": 31800000.0,
        "EBITDA": 107800000.0,
        "EBIT": 76000000.0,
        "Net Interest Income": -57400000.0,
        "Interest Expense": 50800000.0,
        "Interest Income": 2000000.0,
        "Normalized Income": 9154000.0,
        "Net Income From Continuing And Discontinued Operation": 9700000.0,
        "Total Expenses": 158100000.0,
        "Total Operating Income As Reported": 83700000.0,
        "Diluted Average Shares": 254890897.0,
        "Basic Average Shares": 250974773.0,
        "Diluted EPS": 0.04,
        "Basic EPS": 0.04,
        "Diluted NI Availto Com Stockholders": 9700000.0,
        "Average Dilution Earnings": NaN,
        "Net Income Common Stockholders": 9700000.0,
        "Net Income": 9700000.0,
        "Net Income Including Noncontrolling Interests": 9700000.0,
        "Net Income Continuous Operations": 9700000.0,
        "Tax Provision": 15500000.0,
        "Pretax Income": 25200000.0,
        "Other Income Expense": -900000.0,
        "Special Income Charges": 200000.0,
        "Gain On Sale Of Ppe": 200000.0,
        "Impairment Of Capital Assets": NaN,
        "Earnings From Equity Interest": -1600000.0,
        "Gain On Sale Of Security": 500000.0,
        "Net Non Operating Interest Income Expense": -57400000.0,
        "Total Other Finance Cost": 8600000.0,
        "Interest Expense Non Operating": 50800000.0,
        "Interest Income Non Operating": 2000000.0,
        "Operating Income": 83500000.0,
        "Operating Expense": 126300000.0,
        "Selling General And Administration": 12000000.0,
        "General And Administrative Expense": 12000000.0,
        "Other Gand A": 12000000.0,
        "Gross Profit": 209800000.0,
        "Cost Of Revenue": 31800000.0,
        "Total Revenue": 241600000.0,
        "Operating Revenue": 241600000.0
    },
    "2024-12-31": {
        "Tax Effect Of Unusual Items": -588300.835655,
        "Tax Rate For Calcs": 0.267409,
        "Normalized EBITDA": 128700000.0,
        "Total Unusual Items": -2200000.0,
        "Total Unusual Items Excluding Goodwill": -2200000.0,
        "Net Income From Continuing Operation Net Minority Interest": 26300000.0,
        "Reconciled Depreciation": 35700000.0,
        "Reconciled Cost Of Revenue": 35700000.0,
        "EBITDA": 126500000.0,
        "EBIT": 90800000.0,
        "Net Interest Income": -60600000.0,
        "Interest Expense": 54900000.0,
        "Interest Income": 1600000.0,
        "Normalized Income": 27911699.164345,
        "Net Income From Continuing And Discontinued Operation": 26300000.0,
        "Total Expenses": 161900000.0,
        "Total Operating Income As Reported": 101000000.0,
        "Diluted Average Shares": 285325451.0,
        "Basic Average Shares": 248704901.0,
        "Diluted EPS": 0.1,
        "Basic EPS": 0.11,
        "Diluted NI Availto Com Stockholders": 26300000.0,
        "Average Dilution Earnings": NaN,
        "Net Income Common Stockholders": 26300000.0,
        "Net Income": 26300000.0,
        "Net Income Including Noncontrolling Interests": 26300000.0,
        "Net Income Continuous Operations": 26300000.0,
        "Tax Provision": 9600000.0,
        "Pretax Income": 35900000.0,
        "Other Income Expense": -4700000.0,
        "Special Income Charges": -200000.0,
        "Gain On Sale Of Ppe": -200000.0,
        "Impairment Of Capital Assets": NaN,
        "Earnings From Equity Interest": -2500000.0,
        "Gain On Sale Of Security": -2000000.0,
        "Net Non Operating Interest Income Expense": -60600000.0,
        "Total Other Finance Cost": 7300000.0,
        "Interest Expense Non Operating": 54900000.0,
        "Interest Income Non Operating": 1600000.0,
        "Operating Income": 101200000.0,
        "Operating Expense": 126200000.0,
        "Selling General And Administration": 12200000.0,
        "General And Administrative Expense": 12200000.0,
        "Other Gand A": 12200000.0,
        "Gross Profit": 227400000.0,
        "Cost Of Revenue": 35700000.0,
        "Total Revenue": 263100000.0,
        "Operating Revenue": 263100000.0
    },
    "2025-03-31": {
        "Tax Effect Of Unusual Items": 110000.0,
        "Tax Rate For Calcs": 0.22,
        "Normalized EBITDA": 86700000.0,
        "Total Unusual Items": 500000.0,
        "Total Unusual Items Excluding Goodwill": 500000.0,
        "Net Income From Continuing Operation Net Minority Interest": -16900000.0,
        "Reconciled Depreciation": 35900000.0,
        "Reconciled Cost Of Revenue": 35900000.0,
        "EBITDA": 87200000.0,
        "EBIT": 51300000.0,
        "Net Interest Income": -62800000.0,
        "Interest Expense": 55600000.0,
        "Interest Income": 1300000.0,
        "Normalized Income": -17290000.0,
        "Net Income From Continuing And Discontinued Operation": -16900000.0,
        "Total Expenses": 156800000.0,
        "Total Operating Income As Reported": 60200000.0,
        "Diluted Average Shares": 243386188.0,
        "Basic Average Shares": 243386188.0,
        "Diluted EPS": -0.07,
        "Basic EPS": -0.07,
        "Diluted NI Availto Com Stockholders": -16900000.0,
        "Average Dilution Earnings": NaN,
        "Net Income Common Stockholders": -16900000.0,
        "Net Income": -16900000.0,
        "Net Income Including Noncontrolling Interests": -16900000.0,
        "Net Income Continuous Operations": -16900000.0,
        "Tax Provision": 12600000.0,
        "Pretax Income": -4300000.0,
        "Other Income Expense": -1300000.0,
        "Special Income Charges": 400000.0,
        "Gain On Sale Of Ppe": 400000.0,
        "Impairment Of Capital Assets": NaN,
        "Earnings From Equity Interest": -1800000.0,
        "Gain On Sale Of Security": 100000.0,
        "Net Non Operating Interest Income Expense": -62800000.0,
        "Total Other Finance Cost": 8500000.0,
        "Interest Expense Non Operating": 55600000.0,
        "Interest Income Non Operating": 1300000.0,
        "Operating Income": 59800000.0,
        "Operating Expense": 120900000.0,
        "Selling General And Administration": 11100000.0,
        "General And Administrative Expense": 11100000.0,
        "Other Gand A": 11100000.0,
        "Gross Profit": 180700000.0,
        "Cost Of Revenue": 35900000.0,
        "Total Revenue": 216600000.0,
        "Operating Revenue": 216600000.0
    },
    "2025-06-30": {
        "Tax Effect Of Unusual Items": 168421.052632,
        "Tax Rate For Calcs": 0.120301,
        "Normalized EBITDA": 129900000.0,
        "Total Unusual Items": 1400000.0,
        "Total Unusual Items Excluding Goodwill": 1400000.0,
        "Net Income From Continuing Operation Net Minority Interest": 35100000.0,
        "Reconciled Depreciation": 36700000.0,
        "Reconciled Cost Of Revenue": 36700000.0,
        "EBITDA": 131300000.0,
        "EBIT": 94600000.0,
        "Net Interest Income": -57800000.0,
        "Interest Expense": 54700000.0,
        "Interest Income": 1200000.0,
        "Normalized Income": 33868421.052632,
        "Net Income From Continuing And Discontinued Operation": 35100000.0,
        "Total Expenses": 171200000.0,
        "Total Operating Income As Reported": 96500000.0,
        "Diluted Average Shares": 273877730.0,
        "Basic Average Shares": 238907129.0,
        "Diluted EPS": 0.14,
        "Basic EPS": 0.15,
        "Diluted NI Availto Com Stockholders": 35100000.0,
        "Average Dilution Earnings": NaN,
        "Net Income Common Stockholders": 35100000.0,
        "Net Income": 35100000.0,
        "Net Income Including Noncontrolling Interests": 35100000.0,
        "Net Income Continuous Operations": 35100000.0,
        "Tax Provision": 4800000.0,
        "Pretax Income": 39900000.0,
        "Other Income Expense": 1200000.0,
        "Special Income Charges": 0.0,
        "Gain On Sale Of Ppe": 0.0,
        "Impairment Of Capital Assets": NaN,
        "Earnings From Equity Interest": -200000.0,
        "Gain On Sale Of Security": 1400000.0,
        "Net Non Operating Interest Income Expense": -57800000.0,
        "Total Other Finance Cost": 4300000.0,
        "Interest Expense Non Operating": 54700000.0,
        "Interest Income Non Operating": 1200000.0,
        "Operating Income": 96500000.0,
        "Operating Expense": 134500000.0,
        "Selling General And Administration": 12300000.0,
        "General And Administrative Expense": 12300000.0,
        "Other Gand A": 12300000.0,
        "Gross Profit": 231000000.0,
        "Cost Of Revenue": 36700000.0,
        "Total Revenue": 267700000.0,
        "Operating Revenue": 267700000.0
    }
}