{
    "2023-03-31": {
        "Tax Effect Of Unusual Items": NaN,
        "Tax Rate For Calcs": NaN,
        "Normalized EBITDA": NaN,
        "Total Unusual Items": NaN,
        "Total Unusual Items Excluding Goodwill": NaN,
        "Net Income From Continuing Operation Net Minority Interest": NaN,
        "Reconciled Depreciation": NaN,
        "Reconciled Cost Of Revenue": NaN,
        "EBITDA": NaN,
        "EBIT": NaN,
        "Net Interest Income": NaN,
        "Interest Expense": NaN,
        "Normalized Income": NaN,
        "Net Income From Continuing And Discontinued Operation": NaN,
        "Total Expenses": NaN,
        "Total Operating Income As Reported": NaN,
        "Diluted Average Shares": 9366000.0,
        "Basic Average Shares": 9366000.0,
        "Diluted EPS": -0.35,
        "Basic EPS": -0.35,
        "Diluted NI Availto Com Stockholders": NaN,
        "Net Income Common Stockholders": NaN,
        "Preferred Stock Dividends": NaN,
        "Net Income": NaN,
        "Net Income Including Noncontrolling Interests": NaN,
        "Net Income Continuous Operations": NaN,
        "Tax Provision": NaN,
        "Pretax Income": NaN,
        "Other Income Expense": NaN,
        "Other Non Operating Income Expenses": NaN,
        "Special Income Charges": NaN,
        "Impairment Of Capital Assets": NaN,
        "Gain On Sale Of Security": NaN,
        "Net Non Operating Interest Income Expense": NaN,
        "Interest Expense Non Operating": NaN,
        "Operating Income": NaN,
        "Operating Expense": NaN,
        "Research And Development": NaN,
        "Selling General And Administration": NaN,
        "General And Administrative Expense": NaN,
        "Other Gand A": NaN,
        "Gross Profit": NaN,
        "Cost Of Revenue": NaN,
        "Total Revenue": NaN,
        "Operating Revenue": NaN
    },
    "2022-12-31": {
        "Tax Effect Of Unusual Items": 183716.85761,
        "Tax Rate For Calcs": 0.174304,
        "Normalized EBITDA": 1406000.0,
        "Total Unusual Items": 1054000.0,
        "Total Unusual Items Excluding Goodwill": 1054000.0,
        "Net Income From Continuing Operation Net Minority Interest": -2018000.0,
        "Reconciled Depreciation": 2311000.0,
        "Reconciled Cost Of Revenue": 28416000.0,
        "EBITDA": 2460000.0,
        "EBIT": 149000.0,
        "Net Interest Income": -2593000.0,
        "Interest Expense": 2593000.0,
        "Normalized Income": -2888283.14239,
        "Net Income From Continuing And Discontinued Operation": -2018000.0,
        "Total Expenses": 43656000.0,
        "Total Operating Income As Reported": -842000.0,
        "Diluted Average Shares": NaN,
        "Basic Average Shares": NaN,
        "Diluted EPS": NaN,
        "Basic EPS": NaN,
        "Diluted NI Availto Com Stockholders": -2335000.0,
        "Net Income Common Stockholders": -2335000.0,
        "Preferred Stock Dividends": 317000.0,
        "Net Income": -2018000.0,
        "Net Income Including Noncontrolling Interests": -2018000.0,
        "Net Income Continuous Operations": -2018000.0,
        "Tax Provision": -426000.0,
        "Pretax Income": -2444000.0,
        "Other Income Expense": 991000.0,
        "Other Non Operating Income Expenses": -63000.0,
        "Special Income Charges": NaN,
        "Impairment Of Capital Assets": NaN,
        "Gain On Sale Of Security": 1054000.0,
        "Net Non Operating Interest Income Expense": -2593000.0,
        "Interest Expense Non Operating": 2593000.0,
        "Operating Income": -842000.0,
        "Operating Expense": 15240000.0,
        "Research And Development": 617000.0,
        "Selling General And Administration": 14623000.0,
        "General And Administrative Expense": 14623000.0,
        "Other Gand A": 14623000.0,
        "Gross Profit": 14398000.0,
        "Cost Of Revenue": 28416000.0,
        "Total Revenue": 42814000.0,
        "Operating Revenue": 42814000.0
    },
    "2022-09-30": {
        "Tax Effect Of Unusual Items": NaN,
        "Tax Rate For Calcs": NaN,
        "Normalized EBITDA": NaN,
        "Total Unusual Items": NaN,
        "Total Unusual Items Excluding Goodwill": NaN,
        "Net Income From Continuing Operation Net Minority Interest": NaN,
        "Reconciled Depreciation": NaN,
        "Reconciled Cost Of Revenue": NaN,
        "EBITDA": NaN,
        "EBIT": NaN,
        "Net Interest Income": NaN,
        "Interest Expense": NaN,
        "Normalized Income": NaN,
        "Net Income From Continuing And Discontinued Operation": NaN,
        "Total Expenses": NaN,
        "Total Operating Income As Reported": NaN,
        "Diluted Average Shares": 11197000.0,
        "Basic Average Shares": 8943000.0,
        "Diluted EPS": 0.28,
        "Basic EPS": 0.31,
        "Diluted NI Availto Com Stockholders": NaN,
        "Net Income Common Stockholders": NaN,
        "Preferred Stock Dividends": NaN,
        "Net Income": NaN,
        "Net Income Including Noncontrolling Interests": NaN,
        "Net Income Continuous Operations": NaN,
        "Tax Provision": NaN,
        "Pretax Income": NaN,
        "Other Income Expense": NaN,
        "Other Non Operating Income Expenses": NaN,
        "Special Income Charges": 0.0,
        "Impairment Of Capital Assets": 0.0,
        "Gain On Sale Of Security": NaN,
        "Net Non Operating Interest Income Expense": NaN,
        "Interest Expense Non Operating": NaN,
        "Operating Income": NaN,
        "Operating Expense": NaN,
        "Research And Development": NaN,
        "Selling General And Administration": NaN,
        "General And Administrative Expense": NaN,
        "Other Gand A": NaN,
        "Gross Profit": NaN,
        "Cost Of Revenue": NaN,
        "Total Revenue": NaN,
        "Operating Revenue": NaN
    },
    "2022-06-30": {
        "Tax Effect Of Unusual Items": 664000.0,
        "Tax Rate For Calcs": 0.4,
        "Normalized EBITDA": 3090000.0,
        "Total Unusual Items": 1660000.0,
        "Total Unusual Items Excluding Goodwill": 1660000.0,
        "Net Income From Continuing Operation Net Minority Interest": 26000.0,
        "Reconciled Depreciation": 2266000.0,
        "Reconciled Cost Of Revenue": 42794000.0,
        "EBITDA": 4750000.0,
        "EBIT": 2484000.0,
        "Net Interest Income": -2417000.0,
        "Interest Expense": 2417000.0,
        "Normalized Income": -970000.0,
        "Net Income From Continuing And Discontinued Operation": 26000.0,
        "Total Expenses": 58747000.0,
        "Total Operating Income As Reported": 881000.0,
        "Diluted Average Shares": 8228000.0,
        "Basic Average Shares": 8228000.0,
        "Diluted EPS": -0.04,
        "Basic EPS": -0.04,
        "Diluted NI Availto Com Stockholders": -291000.0,
        "Net Income Common Stockholders": -291000.0,
        "Preferred Stock Dividends": 317000.0,
        "Net Income": 26000.0,
        "Net Income Including Noncontrolling Interests": 26000.0,
        "Net Income Continuous Operations": 26000.0,
        "Tax Provision": 41000.0,
        "Pretax Income": 67000.0,
        "Other Income Expense": 1603000.0,
        "Other Non Operating Income Expenses": -57000.0,
        "Gain On Sale Of Security": 1660000.0,
        "Net Non Operating Interest Income Expense": -2417000.0,
        "Interest Expense Non Operating": 2417000.0,
        "Operating Income": 881000.0,
        "Operating Expense": 15953000.0,
        "Research And Development": 649000.0,
        "Selling General And Administration": 15304000.0,
        "General And Administrative Expense": 15304000.0,
        "Other Gand A": 15304000.0,
        "Gross Profit": 16834000.0,
        "Cost Of Revenue": 42794000.0,
        "Total Revenue": 59628000.0,
        "Operating Revenue": 59628000.0
    },
    "2022-03-31": {
        "Diluted EPS": -0.56,
        "Total Revenue": 51,
        "Gross Profit": 13,
        "Operating Income": -3,
        "EBIT": -1,
        "Net Income": -5
    },
    "2021-12-31": {
        "Diluted EPS": -0.88,
        "Total Revenue": 44,
        "Gross Profit": 9,
        "Operating Income": -6,
        "EBIT": -3,
        "Net Income": -7
    },
    "2021-09-30": {
        "Diluted EPS": 0.08,
        "Total Revenue": 61,
        "Gross Profit": 16,
        "Operating Income": 4,
        "EBIT": 6,
        "Net Income": 0
    },
    "2021-06-30": {
        "Diluted EPS": -0.32,
        "Total Revenue": 47,
        "Gross Profit": 13,
        "Operating Income": 2,
        "EBIT": 4,
        "Net Income": -2
    },
    "2021-03-31": {
        "Diluted EPS": -0.72,
        "Total Revenue": 33,
        "Gross Profit": 9,
        "Operating Income": -2,
        "EBIT": 0,
        "Net Income": -5
    },
    "2020-12-31": {
        "Diluted EPS": -0.4,
        "Total Revenue": 32,
        "Gross Profit": 4,
        "Operating Income": -7,
        "EBIT": -5,
        "Net Income": -9
    },
    "2020-09-30": {
        "Diluted EPS": -0.8,
        "Total Revenue": 9,
        "Gross Profit": 2,
        "Operating Income": -2,
        "EBIT": -1,
        "Net Income": -4
    },
    "2020-06-30": {
        "Diluted EPS": -0.64,
        "Total Revenue": 8,
        "Gross Profit": 3,
        "Operating Income": -1,
        "EBIT": 0,
        "Net Income": -1
    },
    "2020-03-31": {
        "Diluted EPS": -1.28,
        "Total Revenue": 6,
        "Gross Profit": 2,
        "Operating Income": -3,
        "EBIT": -2,
        "Net Income": -2
    },
    "2019-12-31": {
        "Diluted EPS": -2.08,
        "Total Revenue": 6,
        "Gross Profit": 1,
        "Operating Income": -3,
        "EBIT": -3,
        "Net Income": -3
    },
    "2019-09-30": {
        "Diluted EPS": -0.32,
        "Total Revenue": 11,
        "Gross Profit": 3,
        "Operating Income": -1,
        "EBIT": -1,
        "Net Income": 0
    },
    "2019-06-30": {
        "Diluted EPS": -1.04,
        "Total Revenue": 11,
        "Gross Profit": 3,
        "Operating Income": -1,
        "EBIT": -1,
        "Net Income": -1
    },
    "2019-03-31": {
        "Diluted EPS": -3.6,
        "Total Revenue": 5,
        "Gross Profit": 2,
        "Operating Income": -2,
        "EBIT": -2,
        "Net Income": -5
    },
    "2018-12-31": {
        "Diluted EPS": -0.48,
        "Total Revenue": 12,
        "Gross Profit": 3,
        "Operating Income": -1,
        "EBIT": -1,
        "Net Income": -1
    },
    "2018-09-30": {
        "Diluted EPS": -0.96,
        "Total Revenue": 10,
        "Gross Profit": 2,
        "Operating Income": -2,
        "EBIT": -2,
        "Net Income": -1
    },
    "2018-06-30": {
        "Diluted EPS": -3.6,
        "Total Revenue": 10,
        "Gross Profit": 2,
        "Operating Income": -2,
        "EBIT": -2,
        "Net Income": -4
    },
    "2018-03-31": {
        "Diluted EPS": -0.72,
        "Total Revenue": 6,
        "Gross Profit": 1,
        "Operating Income": -2,
        "EBIT": -2,
        "Net Income": -1
    },
    "2017-12-31": {
        "Diluted EPS": -7.6,
        "Total Revenue": 5,
        "Gross Profit": 1,
        "Operating Income": -6,
        "EBIT": -5,
        "Net Income": -5
    },
    "2017-09-30": {
        "Diluted EPS": 0.64,
        "Total Revenue": 10,
        "Gross Profit": 3,
        "Operating Income": 1,
        "EBIT": 1,
        "Net Income": 0
    },
    "2017-06-30": {
        "Diluted EPS": -1.44,
        "Total Revenue": 6,
        "Gross Profit": 2,
        "Operating Income": -1,
        "EBIT": -1,
        "Net Income": -1
    },
    "2017-03-31": {
        "Diluted EPS": -2.72,
        "Total Revenue": 4,
        "Gross Profit": 1,
        "Operating Income": -1,
        "EBIT": -1,
        "Net Income": -2
    },
    "2016-12-31": {
        "Diluted EPS": 0.0,
        "Total Revenue": NaN,
        "Gross Profit": NaN,
        "Operating Income": NaN,
        "EBIT": NaN,
        "Net Income": NaN
    },
    "2015-12-31": {
        "Diluted EPS": 0.0,
        "Total Revenue": NaN,
        "Gross Profit": NaN,
        "Operating Income": NaN,
        "EBIT": NaN,
        "Net Income": NaN
    },
    "2023-06-30": {
        "Tax Effect Of Unusual Items": NaN,
        "Tax Rate For Calcs": NaN,
        "Normalized EBITDA": NaN,
        "Total Unusual Items": NaN,
        "Total Unusual Items Excluding Goodwill": NaN,
        "Net Income From Continuing Operation Net Minority Interest": NaN,
        "Reconciled Depreciation": NaN,
        "Reconciled Cost Of Revenue": NaN,
        "EBITDA": NaN,
        "EBIT": NaN,
        "Net Interest Income": NaN,
        "Interest Expense": NaN,
        "Normalized Income": NaN,
        "Net Income From Continuing And Discontinued Operation": NaN,
        "Total Expenses": NaN,
        "Total Operating Income As Reported": NaN,
        "Diluted Average Shares": 9385000.0,
        "Basic Average Shares": 9385000.0,
        "Diluted EPS": -0.12,
        "Basic EPS": -0.12,
        "Diluted NI Availto Com Stockholders": NaN,
        "Net Income Common Stockholders": NaN,
        "Preferred Stock Dividends": NaN,
        "Net Income": NaN,
        "Net Income Including Noncontrolling Interests": NaN,
        "Net Income Continuous Operations": NaN,
        "Tax Provision": NaN,
        "Pretax Income": NaN,
        "Other Income Expense": NaN,
        "Other Non Operating Income Expenses": NaN,
        "Special Income Charges": NaN,
        "Impairment Of Capital Assets": NaN,
        "Gain On Sale Of Security": NaN,
        "Net Non Operating Interest Income Expense": NaN,
        "Interest Expense Non Operating": NaN,
        "Operating Income": NaN,
        "Operating Expense": NaN,
        "Research And Development": NaN,
        "Selling General And Administration": NaN,
        "General And Administrative Expense": NaN,
        "Other Gand A": NaN,
        "Gross Profit": NaN,
        "Cost Of Revenue": NaN,
        "Total Revenue": NaN,
        "Operating Revenue": NaN
    },
    "2023-09-30": {
        "Tax Effect Of Unusual Items": NaN,
        "Tax Rate For Calcs": NaN,
        "Normalized EBITDA": NaN,
        "Total Unusual Items": NaN,
        "Total Unusual Items Excluding Goodwill": NaN,
        "Net Income From Continuing Operation Net Minority Interest": NaN,
        "Reconciled Depreciation": NaN,
        "Reconciled Cost Of Revenue": NaN,
        "EBITDA": NaN,
        "EBIT": NaN,
        "Net Interest Income": NaN,
        "Interest Expense": NaN,
        "Normalized Income": NaN,
        "Net Income From Continuing And Discontinued Operation": NaN,
        "Total Expenses": NaN,
        "Total Operating Income As Reported": NaN,
        "Diluted Average Shares": 1896800.0,
        "Basic Average Shares": 1896800.0,
        "Diluted EPS": -9.5,
        "Basic EPS": -9.5,
        "Diluted NI Availto Com Stockholders": NaN,
        "Net Income Common Stockholders": NaN,
        "Preferred Stock Dividends": NaN,
        "Net Income": NaN,
        "Net Income Including Noncontrolling Interests": NaN,
        "Net Income Continuous Operations": NaN,
        "Tax Provision": NaN,
        "Pretax Income": NaN,
        "Other Income Expense": NaN,
        "Other Non Operating Income Expenses": NaN,
        "Special Income Charges": -13226000.0,
        "Impairment Of Capital Assets": 13226000.0,
        "Gain On Sale Of Security": NaN,
        "Net Non Operating Interest Income Expense": NaN,
        "Interest Expense Non Operating": NaN,
        "Operating Income": NaN,
        "Operating Expense": NaN,
        "Research And Development": NaN,
        "Selling General And Administration": NaN,
        "General And Administrative Expense": NaN,
        "Other Gand A": NaN,
        "Gross Profit": NaN,
        "Cost Of Revenue": NaN,
        "Total Revenue": NaN,
        "Operating Revenue": NaN
    },
    "2023-12-31": {
        "Tax Effect Of Unusual Items": NaN,
        "Tax Rate For Calcs": NaN,
        "Normalized EBITDA": NaN,
        "Total Unusual Items": NaN,
        "Total Unusual Items Excluding Goodwill": NaN,
        "Net Income From Continuing Operation Net Minority Interest": NaN,
        "Reconciled Depreciation": NaN,
        "Reconciled Cost Of Revenue": NaN,
        "EBITDA": NaN,
        "EBIT": NaN,
        "Net Interest Income": NaN,
        "Interest Expense": NaN,
        "Normalized Income": NaN,
        "Net Income From Continuing And Discontinued Operation": NaN,
        "Total Expenses": NaN,
        "Total Operating Income As Reported": NaN,
        "Diluted Average Shares": NaN,
        "Basic Average Shares": NaN,
        "Diluted EPS": NaN,
        "Basic EPS": NaN,
        "Diluted NI Availto Com Stockholders": NaN,
        "Net Income Common Stockholders": NaN,
        "Preferred Stock Dividends": NaN,
        "Net Income": NaN,
        "Net Income Including Noncontrolling Interests": NaN,
        "Net Income Continuous Operations": NaN,
        "Tax Provision": NaN,
        "Pretax Income": NaN,
        "Other Income Expense": NaN,
        "Other Non Operating Income Expenses": NaN,
        "Special Income Charges": -11969000.0,
        "Impairment Of Capital Assets": 11969000.0,
        "Gain On Sale Of Security": NaN,
        "Net Non Operating Interest Income Expense": NaN,
        "Interest Expense Non Operating": NaN,
        "Operating Income": NaN,
        "Operating Expense": NaN,
        "Research And Development": NaN,
        "Selling General And Administration": NaN,
        "General And Administrative Expense": NaN,
        "Other Gand A": NaN,
        "Gross Profit": NaN,
        "Cost Of Revenue": NaN,
        "Total Revenue": NaN,
        "Operating Revenue": NaN
    },
    "2024-03-31": {
        "Tax Effect Of Unusual Items": NaN,
        "Tax Rate For Calcs": NaN,
        "Normalized EBITDA": NaN,
        "Total Unusual Items": NaN,
        "Total Unusual Items Excluding Goodwill": NaN,
        "Net Income From Continuing Operation Net Minority Interest": NaN,
        "Reconciled Depreciation": NaN,
        "Reconciled Cost Of Revenue": NaN,
        "EBITDA": NaN,
        "EBIT": NaN,
        "Net Interest Income": NaN,
        "Interest Expense": NaN,
        "Normalized Income": NaN,
        "Net Income From Continuing And Discontinued Operation": NaN,
        "Total Expenses": NaN,
        "Total Operating Income As Reported": NaN,
        "Diluted Average Shares": 1943000.0,
        "Basic Average Shares": 1943000.0,
        "Diluted EPS": -3.81,
        "Basic EPS": -3.81,
        "Diluted NI Availto Com Stockholders": NaN,
        "Net Income Common Stockholders": NaN,
        "Preferred Stock Dividends": NaN,
        "Net Income": NaN,
        "Net Income Including Noncontrolling Interests": NaN,
        "Net Income Continuous Operations": NaN,
        "Tax Provision": NaN,
        "Pretax Income": NaN,
        "Other Income Expense": NaN,
        "Other Non Operating Income Expenses": NaN,
        "Special Income Charges": NaN,
        "Impairment Of Capital Assets": NaN,
        "Gain On Sale Of Security": NaN,
        "Net Non Operating Interest Income Expense": NaN,
        "Interest Expense Non Operating": NaN,
        "Operating Income": NaN,
        "Operating Expense": NaN,
        "Research And Development": NaN,
        "Selling General And Administration": NaN,
        "General And Administrative Expense": NaN,
        "Other Gand A": NaN,
        "Gross Profit": NaN,
        "Cost Of Revenue": NaN,
        "Total Revenue": NaN,
        "Operating Revenue": NaN
    },
    "2024-06-30": {
        "Tax Effect Of Unusual Items": 231.994901,
        "Tax Rate For Calcs": 0.057999,
        "Normalized EBITDA": 3036000.0,
        "Total Unusual Items": 4000.0,
        "Total Unusual Items Excluding Goodwill": 4000.0,
        "Net Income From Continuing Operation Net Minority Interest": -1478000.0,
        "Reconciled Depreciation": 2043000.0,
        "Reconciled Cost Of Revenue": 23986000.0,
        "EBITDA": 3040000.0,
        "EBIT": 997000.0,
        "Net Interest Income": -2566000.0,
        "Interest Expense": 2566000.0,
        "Normalized Income": -1481768.005099,
        "Net Income From Continuing And Discontinued Operation": -1478000.0,
        "Total Expenses": 37292000.0,
        "Total Operating Income As Reported": 1222000.0,
        "Diluted Average Shares": 1958000.0,
        "Basic Average Shares": 1958000.0,
        "Diluted EPS": -0.92,
        "Basic EPS": -0.92,
        "Diluted NI Availto Com Stockholders": -1795000.0,
        "Net Income Common Stockholders": -1795000.0,
        "Preferred Stock Dividends": 317000.0,
        "Net Income": -1478000.0,
        "Net Income Including Noncontrolling Interests": -1478000.0,
        "Net Income Continuous Operations": -1478000.0,
        "Tax Provision": -91000.0,
        "Pretax Income": -1569000.0,
        "Other Income Expense": -225000.0,
        "Other Non Operating Income Expenses": -229000.0,
        "Special Income Charges": NaN,
        "Impairment Of Capital Assets": NaN,
        "Gain On Sale Of Security": 4000.0,
        "Net Non Operating Interest Income Expense": -2566000.0,
        "Interest Expense Non Operating": 2566000.0,
        "Operating Income": 1222000.0,
        "Operating Expense": 13306000.0,
        "Research And Development": 985000.0,
        "Selling General And Administration": 12321000.0,
        "General And Administrative Expense": 12321000.0,
        "Other Gand A": 12321000.0,
        "Gross Profit": 14528000.0,
        "Cost Of Revenue": 23986000.0,
        "Total Revenue": 38514000.0,
        "Operating Revenue": 38514000.0
    },
    "2024-09-30": {
        "Tax Effect Of Unusual Items": 23.429873,
        "Tax Rate For Calcs": 0.003905,
        "Normalized EBITDA": 1546000.0,
        "Total Unusual Items": 6000.0,
        "Total Unusual Items Excluding Goodwill": 6000.0,
        "Net Income From Continuing Operation Net Minority Interest": -3061000.0,
        "Reconciled Depreciation": 2075000.0,
        "Reconciled Cost Of Revenue": 24037000.0,
        "EBITDA": 1552000.0,
        "EBIT": -523000.0,
        "Net Interest Income": -2550000.0,
        "Interest Expense": 2550000.0,
        "Normalized Income": -3066976.570127,
        "Net Income From Continuing And Discontinued Operation": -3061000.0,
        "Total Expenses": 37148000.0,
        "Total Operating Income As Reported": -859000.0,
        "Diluted Average Shares": 1964600.0,
        "Basic Average Shares": 1964600.0,
        "Diluted EPS": -1.7,
        "Basic EPS": -1.7,
        "Diluted NI Availto Com Stockholders": -3378000.0,
        "Net Income Common Stockholders": -3378000.0,
        "Preferred Stock Dividends": 317000.0,
        "Net Income": -3061000.0,
        "Net Income Including Noncontrolling Interests": -3061000.0,
        "Net Income Continuous Operations": -3061000.0,
        "Tax Provision": -12000.0,
        "Pretax Income": -3073000.0,
        "Other Income Expense": 336000.0,
        "Other Non Operating Income Expenses": 330000.0,
        "Special Income Charges": 0.0,
        "Impairment Of Capital Assets": 0.0,
        "Gain On Sale Of Security": 6000.0,
        "Net Non Operating Interest Income Expense": -2550000.0,
        "Interest Expense Non Operating": 2550000.0,
        "Operating Income": -859000.0,
        "Operating Expense": 13111000.0,
        "Research And Development": 1022000.0,
        "Selling General And Administration": 12089000.0,
        "General And Administrative Expense": 12089000.0,
        "Other Gand A": 12089000.0,
        "Gross Profit": 12252000.0,
        "Cost Of Revenue": 24037000.0,
        "Total Revenue": 36289000.0,
        "Operating Revenue": 36289000.0
    },
    "2024-12-31": {
        "Tax Effect Of Unusual Items": 414.177372,
        "Tax Rate For Calcs": 0.138059,
        "Normalized EBITDA": -2515000.0,
        "Total Unusual Items": 3000.0,
        "Total Unusual Items Excluding Goodwill": 3000.0,
        "Net Income From Continuing Operation Net Minority Interest": -16707000.0,
        "Reconciled Depreciation": 14342000.0,
        "Reconciled Cost Of Revenue": 16650000.0,
        "EBITDA": -2512000.0,
        "EBIT": -16854000.0,
        "Net Interest Income": -2529000.0,
        "Interest Expense": 2529000.0,
        "Normalized Income": -16709585.822628,
        "Net Income From Continuing And Discontinued Operation": -16707000.0,
        "Total Expenses": 40224000.0,
        "Total Operating Income As Reported": -16228000.0,
        "Diluted Average Shares": NaN,
        "Basic Average Shares": NaN,
        "Diluted EPS": NaN,
        "Basic EPS": NaN,
        "Diluted NI Availto Com Stockholders": -17024000.0,
        "Net Income Common Stockholders": -17024000.0,
        "Preferred Stock Dividends": 317000.0,
        "Net Income": -16707000.0,
        "Net Income Including Noncontrolling Interests": -16707000.0,
        "Net Income Continuous Operations": -16707000.0,
        "Tax Provision": -2676000.0,
        "Pretax Income": -19383000.0,
        "Other Income Expense": -626000.0,
        "Other Non Operating Income Expenses": -629000.0,
        "Special Income Charges": 0.0,
        "Impairment Of Capital Assets": 0.0,
        "Gain On Sale Of Security": 3000.0,
        "Net Non Operating Interest Income Expense": -2529000.0,
        "Interest Expense Non Operating": 2529000.0,
        "Operating Income": -16228000.0,
        "Operating Expense": 23574000.0,
        "Research And Development": 948000.0,
        "Selling General And Administration": 22626000.0,
        "General And Administrative Expense": 22626000.0,
        "Other Gand A": 22626000.0,
        "Gross Profit": 7346000.0,
        "Cost Of Revenue": 16650000.0,
        "Total Revenue": 23996000.0,
        "Operating Revenue": 23996000.0
    },
    "2025-03-31": {
        "Tax Effect Of Unusual Items": 84788.0,
        "Tax Rate For Calcs": 0.044,
        "Normalized EBITDA": -370000.0,
        "Total Unusual Items": 1927000.0,
        "Total Unusual Items Excluding Goodwill": 1927000.0,
        "Net Income From Continuing Operation Net Minority Interest": -3243000.0,
        "Reconciled Depreciation": 2463000.0,
        "Reconciled Cost Of Revenue": 14380000.0,
        "EBITDA": 1557000.0,
        "EBIT": -906000.0,
        "Net Interest Income": -2487000.0,
        "Interest Expense": 2487000.0,
        "Normalized Income": -5085212.0,
        "Net Income From Continuing And Discontinued Operation": -3243000.0,
        "Total Expenses": 25331000.0,
        "Total Operating Income As Reported": -2908000.0,
        "Diluted Average Shares": 2529000.0,
        "Basic Average Shares": 2529000.0,
        "Diluted EPS": -1.41,
        "Basic EPS": -1.41,
        "Diluted NI Availto Com Stockholders": -3560000.0,
        "Net Income Common Stockholders": -3560000.0,
        "Preferred Stock Dividends": 317000.0,
        "Net Income": -3243000.0,
        "Net Income Including Noncontrolling Interests": -3243000.0,
        "Net Income Continuous Operations": -3243000.0,
        "Tax Provision": -150000.0,
        "Pretax Income": -3393000.0,
        "Other Income Expense": 2002000.0,
        "Other Non Operating Income Expenses": 75000.0,
        "Special Income Charges": NaN,
        "Impairment Of Capital Assets": NaN,
        "Gain On Sale Of Security": 1927000.0,
        "Net Non Operating Interest Income Expense": -2487000.0,
        "Interest Expense Non Operating": 2487000.0,
        "Operating Income": -2908000.0,
        "Operating Expense": 10951000.0,
        "Research And Development": 912000.0,
        "Selling General And Administration": 10039000.0,
        "General And Administrative Expense": 10039000.0,
        "Other Gand A": 10039000.0,
        "Gross Profit": 8043000.0,
        "Cost Of Revenue": 14380000.0,
        "Total Revenue": 22423000.0,
        "Operating Revenue": 22423000.0
    },
    "2025-06-30": {
        "Tax Effect Of Unusual Items": -61530.0,
        "Tax Rate For Calcs": 0.21,
        "Normalized EBITDA": 1010000.0,
        "Total Unusual Items": -293000.0,
        "Total Unusual Items Excluding Goodwill": -293000.0,
        "Net Income From Continuing Operation Net Minority Interest": -4719000.0,
        "Reconciled Depreciation": 2591000.0,
        "Reconciled Cost Of Revenue": 20062000.0,
        "EBITDA": 717000.0,
        "EBIT": -1874000.0,
        "Net Interest Income": -2571000.0,
        "Interest Expense": 2571000.0,
        "Normalized Income": -4487530.0,
        "Net Income From Continuing And Discontinued Operation": -4719000.0,
        "Total Expenses": 34764000.0,
        "Total Operating Income As Reported": -3912000.0,
        "Diluted Average Shares": 3296000.0,
        "Basic Average Shares": 3296000.0,
        "Diluted EPS": -1.53,
        "Basic EPS": -1.53,
        "Diluted NI Availto Com Stockholders": -5036000.0,
        "Net Income Common Stockholders": -5036000.0,
        "Preferred Stock Dividends": 317000.0,
        "Net Income": -4719000.0,
        "Net Income Including Noncontrolling Interests": -4719000.0,
        "Net Income Continuous Operations": -4719000.0,
        "Tax Provision": 274000.0,
        "Pretax Income": -4445000.0,
        "Other Income Expense": 2038000.0,
        "Other Non Operating Income Expenses": 2331000.0,
        "Special Income Charges": NaN,
        "Impairment Of Capital Assets": NaN,
        "Gain On Sale Of Security": -293000.0,
        "Net Non Operating Interest Income Expense": -2571000.0,
        "Interest Expense Non Operating": 2571000.0,
        "Operating Income": -3912000.0,
        "Operating Expense": 14702000.0,
        "Research And Development": 1128000.0,
        "Selling General And Administration": 13574000.0,
        "General And Administrative Expense": 13574000.0,
        "Other Gand A": 13574000.0,
        "Gross Profit": 10790000.0,
        "Cost Of Revenue": 20062000.0,
        "Total Revenue": 30852000.0,
        "Operating Revenue": 30852000.0
    }
}