{
    "2023-06-30": {
        "Tax Effect Of Unusual Items": 0.0,
        "Tax Rate For Calcs": 0.223479,
        "Total Unusual Items": NaN,
        "Total Unusual Items Excluding Goodwill": NaN,
        "Net Income From Continuing Operation Net Minority Interest": 151160000.0,
        "Reconciled Depreciation": 14910000.0,
        "Net Interest Income": 531668000.0,
        "Interest Expense": 262339000.0,
        "Interest Income": 794007000.0,
        "Normalized Income": 151160000.0,
        "Net Income From Continuing And Discontinued Operation": 151160000.0,
        "Diluted Average Shares": 71709203.0,
        "Basic Average Shares": 71690396.0,
        "Diluted EPS": 2.1,
        "Basic EPS": 2.1,
        "Diluted NI Availto Com Stockholders": 150807000.0,
        "Net Income Common Stockholders": 150807000.0,
        "Preferred Stock Dividends": 353000.0,
        "Net Income": 151160000.0,
        "Net Income Including Noncontrolling Interests": 151160000.0,
        "Net Income Continuous Operations": 151160000.0,
        "Tax Provision": 43503000.0,
        "Pretax Income": 194663000.0,
        "Special Income Charges": NaN,
        "Impairment Of Capital Assets": NaN,
        "Gain On Sale Of Security": 1384000.0,
        "Depreciation Amortization Depletion Income Statement": 795000.0,
        "Depreciation And Amortization In Income Statement": 795000.0,
        "Amortization": 795000.0,
        "Amortization Of Intangibles Income Statement": 795000.0,
        "Selling General And Administration": 223354000.0,
        "Selling And Marketing Expense": 25083000.0,
        "General And Administrative Expense": 198271000.0,
        "Insurance And Claims": 6803000.0,
        "Salaries And Wages": 191468000.0,
        "Total Revenue": 655338000.0,
        "Operating Revenue": 655338000.0,
        "Occupancy And Equipment": 36726000.0,
        "Professional Expense And Contract Services Expense": 50132000.0,
        "Other Non Interest Expense": 112476000.0
    },
    "2023-03-31": {
        "Tax Effect Of Unusual Items": 0.0,
        "Tax Rate For Calcs": 0.23,
        "Total Unusual Items": NaN,
        "Total Unusual Items Excluding Goodwill": NaN,
        "Net Income From Continuing Operation Net Minority Interest": 158979000.0,
        "Reconciled Depreciation": 14637000.0,
        "Net Interest Income": 531656000.0,
        "Interest Expense": 207366000.0,
        "Interest Income": 739022000.0,
        "Normalized Income": 158979000.0,
        "Net Income From Continuing And Discontinued Operation": 158979000.0,
        "Diluted Average Shares": 71606196.0,
        "Basic Average Shares": 71541778.0,
        "Diluted EPS": 2.22,
        "Basic EPS": 2.22,
        "Diluted NI Availto Com Stockholders": 158626000.0,
        "Net Income Common Stockholders": 158626000.0,
        "Preferred Stock Dividends": 353000.0,
        "Net Income": 158979000.0,
        "Net Income Including Noncontrolling Interests": 158979000.0,
        "Net Income Continuous Operations": 158979000.0,
        "Tax Provision": 46314000.0,
        "Pretax Income": 205293000.0,
        "Special Income Charges": NaN,
        "Impairment Of Capital Assets": NaN,
        "Gain On Sale Of Security": 1100000.0,
        "Depreciation Amortization Depletion Income Statement": 795000.0,
        "Depreciation And Amortization In Income Statement": 795000.0,
        "Amortization": 795000.0,
        "Amortization Of Intangibles Income Statement": 795000.0,
        "Selling General And Administration": 226496000.0,
        "Selling And Marketing Expense": 18871000.0,
        "General And Administrative Expense": 207625000.0,
        "Other Gand A": NaN,
        "Insurance And Claims": 8865000.0,
        "Salaries And Wages": 198760000.0,
        "Total Revenue": 659708000.0,
        "Operating Revenue": 659708000.0,
        "Occupancy And Equipment": 34451000.0,
        "Professional Expense And Contract Services Expense": 33431000.0,
        "Other Non Interest Expense": 111605000.0
    },
    "2022-12-31": {
        "Tax Effect Of Unusual Items": NaN,
        "Tax Rate For Calcs": NaN,
        "Total Unusual Items": 0.0,
        "Total Unusual Items Excluding Goodwill": 0.0,
        "Net Income From Continuing Operation Net Minority Interest": NaN,
        "Reconciled Depreciation": NaN,
        "Net Interest Income": NaN,
        "Interest Expense": NaN,
        "Interest Income": NaN,
        "Normalized Income": NaN,
        "Net Income From Continuing And Discontinued Operation": NaN,
        "Diluted Average Shares": NaN,
        "Basic Average Shares": NaN,
        "Diluted EPS": NaN,
        "Basic EPS": NaN,
        "Diluted NI Availto Com Stockholders": NaN,
        "Net Income Common Stockholders": NaN,
        "Preferred Stock Dividends": NaN,
        "Net Income": NaN,
        "Net Income Including Noncontrolling Interests": NaN,
        "Net Income Continuous Operations": NaN,
        "Tax Provision": NaN,
        "Pretax Income": NaN,
        "Special Income Charges": 0.0,
        "Impairment Of Capital Assets": 0.0,
        "Gain On Sale Of Security": NaN,
        "Depreciation Amortization Depletion Income Statement": NaN,
        "Depreciation And Amortization In Income Statement": NaN,
        "Amortization": NaN,
        "Amortization Of Intangibles Income Statement": NaN,
        "Selling General And Administration": NaN,
        "Selling And Marketing Expense": NaN,
        "General And Administrative Expense": NaN,
        "Other Gand A": -205589000.0,
        "Insurance And Claims": NaN,
        "Salaries And Wages": NaN,
        "Total Revenue": NaN,
        "Operating Revenue": NaN,
        "Occupancy And Equipment": NaN,
        "Professional Expense And Contract Services Expense": NaN,
        "Other Non Interest Expense": NaN
    },
    "2022-09-30": {
        "Tax Effect Of Unusual Items": NaN,
        "Tax Rate For Calcs": NaN,
        "Total Unusual Items": -9000000.0,
        "Total Unusual Items Excluding Goodwill": -9000000.0,
        "Net Income From Continuing Operation Net Minority Interest": NaN,
        "Reconciled Depreciation": NaN,
        "Net Interest Income": NaN,
        "Interest Expense": NaN,
        "Interest Income": NaN,
        "Normalized Income": NaN,
        "Net Income From Continuing And Discontinued Operation": NaN,
        "Diluted Average Shares": NaN,
        "Basic Average Shares": NaN,
        "Diluted EPS": NaN,
        "Basic EPS": NaN,
        "Diluted NI Availto Com Stockholders": NaN,
        "Net Income Common Stockholders": NaN,
        "Preferred Stock Dividends": NaN,
        "Net Income": NaN,
        "Net Income Including Noncontrolling Interests": NaN,
        "Net Income Continuous Operations": NaN,
        "Tax Provision": NaN,
        "Pretax Income": NaN,
        "Special Income Charges": -9000000.0,
        "Impairment Of Capital Assets": 9000000.0,
        "Gain On Sale Of Security": NaN,
        "Depreciation Amortization Depletion Income Statement": NaN,
        "Depreciation And Amortization In Income Statement": NaN,
        "Amortization": NaN,
        "Amortization Of Intangibles Income Statement": NaN,
        "Selling General And Administration": NaN,
        "Selling And Marketing Expense": NaN,
        "General And Administrative Expense": NaN,
        "Other Gand A": 65655000.0,
        "Insurance And Claims": NaN,
        "Salaries And Wages": NaN,
        "Total Revenue": NaN,
        "Operating Revenue": NaN
    },
    "2022-06-30": {
        "Tax Effect Of Unusual Items": 0.0,
        "Tax Rate For Calcs": 0.23,
        "Total Unusual Items": NaN,
        "Total Unusual Items Excluding Goodwill": NaN,
        "Net Income From Continuing Operation Net Minority Interest": 211421000.0,
        "Reconciled Depreciation": 795000.0,
        "Net Interest Income": 533862000.0,
        "Interest Expense": 37899000.0,
        "Interest Income": 571761000.0,
        "Normalized Income": 211421000.0,
        "Net Income From Continuing And Discontinued Operation": 211421000.0,
        "Diluted Average Shares": 76286883.0,
        "Basic Average Shares": 76171784.0,
        "Diluted EPS": 2.77,
        "Basic EPS": 2.77,
        "Diluted NI Availto Com Stockholders": 211421000.0,
        "Net Income Common Stockholders": 211421000.0,
        "Preferred Stock Dividends": 353000.0,
        "Net Income": 211421000.0,
        "Net Income Including Noncontrolling Interests": 211421000.0,
        "Net Income Continuous Operations": 211421000.0,
        "Tax Provision": 64212000.0,
        "Pretax Income": 275633000.0,
        "Special Income Charges": NaN,
        "Impairment Of Capital Assets": NaN,
        "Gain On Sale Of Security": -4109000.0,
        "Depreciation Amortization Depletion Income Statement": 795000.0,
        "Depreciation And Amortization In Income Statement": 795000.0,
        "Amortization": 795000.0,
        "Amortization Of Intangibles Income Statement": 795000.0,
        "Selling General And Administration": 202597000.0,
        "Selling And Marketing Expense": 21353000.0,
        "General And Administrative Expense": 181244000.0,
        "Other Gand A": 5993000.0,
        "Insurance And Claims": 6463000.0,
        "Salaries And Wages": 168788000.0,
        "Total Revenue": 679898000.0,
        "Operating Revenue": 679898000.0
    },
    "2022-03-31": {
        "Diluted EPS": 2.69,
        "Total Revenue": 684,
        "Gross Profit": 649,
        "Operating Income": 262,
        "EBIT": NaN,
        "Net Income": 211
    },
    "2021-12-31": {
        "Diluted EPS": 2.59,
        "Total Revenue": 704,
        "Gross Profit": 666,
        "Operating Income": 282,
        "EBIT": NaN,
        "Net Income": 206
    },
    "2021-09-30": {
        "Diluted EPS": 3.09,
        "Total Revenue": 699,
        "Gross Profit": 659,
        "Operating Income": 332,
        "EBIT": NaN,
        "Net Income": 248
    },
    "2021-06-30": {
        "Diluted EPS": 2.66,
        "Total Revenue": 684,
        "Gross Profit": 642,
        "Operating Income": 291,
        "EBIT": NaN,
        "Net Income": 218
    },
    "2021-03-31": {
        "Diluted EPS": 3.12,
        "Total Revenue": 677,
        "Gross Profit": 633,
        "Operating Income": 339,
        "EBIT": NaN,
        "Net Income": 262
    },
    "2020-12-31": {
        "Diluted EPS": 2.01,
        "Total Revenue": 664,
        "Gross Profit": 616,
        "Operating Income": 219,
        "EBIT": NaN,
        "Net Income": 176
    },
    "2020-09-30": {
        "Diluted EPS": 2.0,
        "Total Revenue": 642,
        "Gross Profit": 590,
        "Operating Income": 210,
        "EBIT": NaN,
        "Net Income": 168
    },
    "2020-06-30": {
        "Diluted EPS": 1.49,
        "Total Revenue": 621,
        "Gross Profit": 563,
        "Operating Income": 152,
        "EBIT": NaN,
        "Net Income": 127
    },
    "2020-03-31": {
        "Diluted EPS": 0.37,
        "Total Revenue": 677,
        "Gross Profit": 600,
        "Operating Income": 37,
        "EBIT": NaN,
        "Net Income": 34
    },
    "2019-12-31": {
        "Diluted EPS": 1.73,
        "Total Revenue": 712,
        "Gross Profit": 620,
        "Operating Income": 182,
        "EBIT": NaN,
        "Net Income": 166
    },
    "2019-09-30": {
        "Diluted EPS": 1.7,
        "Total Revenue": 715,
        "Gross Profit": 620,
        "Operating Income": 207,
        "EBIT": NaN,
        "Net Income": 164
    },
    "2019-06-30": {
        "Diluted EPS": 1.76,
        "Total Revenue": 709,
        "Gross Profit": 615,
        "Operating Income": 211,
        "EBIT": NaN,
        "Net Income": 170
    },
    "2019-03-31": {
        "Diluted EPS": 1.69,
        "Total Revenue": 694,
        "Gross Profit": 607,
        "Operating Income": 218,
        "EBIT": NaN,
        "Net Income": 167
    },
    "2018-12-31": {
        "Diluted EPS": 1.06,
        "Total Revenue": 713,
        "Gross Profit": 629,
        "Operating Income": 190,
        "EBIT": NaN,
        "Net Income": 105
    },
    "2018-09-30": {
        "Diluted EPS": 1.38,
        "Total Revenue": 679,
        "Gross Profit": 602,
        "Operating Income": 183,
        "EBIT": NaN,
        "Net Income": 140
    },
    "2018-06-30": {
        "Diluted EPS": 2.73,
        "Total Revenue": 716,
        "Gross Profit": 649,
        "Operating Income": 251,
        "EBIT": NaN,
        "Net Income": 279
    },
    "2018-03-31": {
        "Diluted EPS": 0.89,
        "Total Revenue": 567,
        "Gross Profit": 507,
        "Operating Income": 113,
        "EBIT": NaN,
        "Net Income": 90
    },
    "2017-12-31": {
        "Diluted EPS": -1.0,
        "Total Revenue": 531,
        "Gross Profit": 473,
        "Operating Income": 80,
        "EBIT": NaN,
        "Net Income": -103
    },
    "2017-09-30": {
        "Diluted EPS": 0.19,
        "Total Revenue": 536,
        "Gross Profit": 479,
        "Operating Income": 1,
        "EBIT": NaN,
        "Net Income": 20
    },
    "2017-06-30": {
        "Diluted EPS": 0.94,
        "Total Revenue": 546,
        "Gross Profit": 491,
        "Operating Income": 132,
        "EBIT": NaN,
        "Net Income": 95
    },
    "2017-03-31": {
        "Diluted EPS": 0.89,
        "Total Revenue": 532,
        "Gross Profit": 478,
        "Operating Income": 126,
        "EBIT": NaN,
        "Net Income": 92
    },
    "2016-12-31": {
        "Diluted EPS": -0.04,
        "Total Revenue": 411,
        "Gross Profit": 355,
        "Operating Income": -7,
        "EBIT": NaN,
        "Net Income": -5
    },
    "2016-09-30": {
        "Diluted EPS": 0.44,
        "Total Revenue": 483,
        "Gross Profit": 430,
        "Operating Income": 63,
        "EBIT": NaN,
        "Net Income": 46
    },
    "2016-06-30": {
        "Diluted EPS": 0.85,
        "Total Revenue": 523,
        "Gross Profit": 471,
        "Operating Income": 121,
        "EBIT": NaN,
        "Net Income": 88
    },
    "2016-03-31": {
        "Diluted EPS": 0.81,
        "Total Revenue": 516,
        "Gross Profit": 464,
        "Operating Income": 117,
        "EBIT": NaN,
        "Net Income": 84
    },
    "2015-12-31": {
        "Diluted EPS": 1.32,
        "Total Revenue": 534,
        "Gross Profit": 485,
        "Operating Income": 122,
        "EBIT": NaN,
        "Net Income": 136
    },
    "2015-09-30": {
        "Diluted EPS": 0.82,
        "Total Revenue": 532,
        "Gross Profit": 482,
        "Operating Income": 109,
        "EBIT": NaN,
        "Net Income": 85
    },
    "2015-06-30": {
        "Diluted EPS": 5.79,
        "Total Revenue": 551,
        "Gross Profit": 503,
        "Operating Income": 70,
        "EBIT": NaN,
        "Net Income": 597
    },
    "2015-03-31": {
        "Diluted EPS": 0.72,
        "Total Revenue": 505,
        "Gross Profit": 458,
        "Operating Income": 117,
        "EBIT": NaN,
        "Net Income": 74
    },
    "2014-12-31": {
        "Diluted EPS": 0.47,
        "Total Revenue": 495,
        "Gross Profit": 430,
        "Operating Income": 66,
        "EBIT": NaN,
        "Net Income": 48
    },
    "2014-09-30": {
        "Diluted EPS": 0.6,
        "Total Revenue": 526,
        "Gross Profit": 451,
        "Operating Income": 68,
        "EBIT": NaN,
        "Net Income": 62
    },
    "2014-06-30": {
        "Diluted EPS": -4.98,
        "Total Revenue": 484,
        "Gross Profit": 3,
        "Operating Income": -329,
        "EBIT": NaN,
        "Net Income": -512
    },
    "2014-03-31": {
        "Diluted EPS": 0.83,
        "Total Revenue": 515,
        "Gross Profit": 447,
        "Operating Income": 90,
        "EBIT": NaN,
        "Net Income": 85
    },
    "2013-12-31": {
        "Diluted EPS": 1.57,
        "Total Revenue": 581,
        "Gross Profit": 514,
        "Operating Income": 167,
        "EBIT": NaN,
        "Net Income": 162
    },
    "2013-09-30": {
        "Diluted EPS": 2.22,
        "Total Revenue": 693,
        "Gross Profit": 618,
        "Operating Income": 243,
        "EBIT": NaN,
        "Net Income": 228
    },
    "2013-06-30": {
        "Diluted EPS": 3.17,
        "Total Revenue": 701,
        "Gross Profit": 623,
        "Operating Income": 75,
        "EBIT": NaN,
        "Net Income": 327
    },
    "2013-03-31": {
        "Diluted EPS": -1.18,
        "Total Revenue": 464,
        "Gross Profit": 380,
        "Operating Income": -177,
        "EBIT": NaN,
        "Net Income": -121
    },
    "2012-12-31": {
        "Diluted EPS": 0.81,
        "Total Revenue": 475,
        "Gross Profit": 404,
        "Operating Income": 66,
        "EBIT": NaN,
        "Net Income": 83
    },
    "2012-09-30": {
        "Diluted EPS": 0.45,
        "Total Revenue": 566,
        "Gross Profit": 476,
        "Operating Income": 63,
        "EBIT": NaN,
        "Net Income": 46
    },
    "2012-06-30": {
        "Diluted EPS": 0.63,
        "Total Revenue": 551,
        "Gross Profit": 452,
        "Operating Income": -12,
        "EBIT": NaN,
        "Net Income": 65
    },
    "2012-03-31": {
        "Diluted EPS": 0.46,
        "Total Revenue": 564,
        "Gross Profit": 461,
        "Operating Income": 65,
        "EBIT": NaN,
        "Net Income": 47
    },
    "2011-12-31": {
        "Diluted EPS": 0.01,
        "Total Revenue": 672,
        "Gross Profit": 563,
        "Operating Income": 3,
        "EBIT": NaN,
        "Net Income": 2
    },
    "2011-09-30": {
        "Diluted EPS": 0.26,
        "Total Revenue": 614,
        "Gross Profit": 492,
        "Operating Income": 33,
        "EBIT": NaN,
        "Net Income": 27
    },
    "2011-06-30": {
        "Diluted EPS": 1.07,
        "Total Revenue": 631,
        "Gross Profit": 499,
        "Operating Income": 73,
        "EBIT": NaN,
        "Net Income": 110
    },
    "2011-03-31": {
        "Diluted EPS": 0.1,
        "Total Revenue": 650,
        "Gross Profit": 508,
        "Operating Income": 157,
        "EBIT": NaN,
        "Net Income": 9
    },
    "2010-12-31": {
        "Diluted EPS": -1.32,
        "Total Revenue": 613,
        "Gross Profit": 460,
        "Operating Income": -239,
        "EBIT": NaN,
        "Net Income": -419
    },
    "2010-09-30": {
        "Diluted EPS": 4.8,
        "Total Revenue": NaN,
        "Gross Profit": NaN,
        "Operating Income": 596,
        "EBIT": NaN,
        "Net Income": 494
    },
    "2010-06-30": {
        "Diluted EPS": -2.8,
        "Total Revenue": 691,
        "Gross Profit": 513,
        "Operating Income": -17,
        "EBIT": NaN,
        "Net Income": -44
    },
    "2010-03-31": {
        "Diluted EPS": -1.3,
        "Total Revenue": 585,
        "Gross Profit": 427,
        "Operating Income": -94,
        "EBIT": NaN,
        "Net Income": -85
    },
    "2009-12-31": {
        "Diluted EPS": -1.5,
        "Total Revenue": 616,
        "Gross Profit": 445,
        "Operating Income": -181,
        "EBIT": NaN,
        "Net Income": -885
    },
    "2009-09-30": {
        "Diluted EPS": 14.0,
        "Total Revenue": 615,
        "Gross Profit": 436,
        "Operating Income": -115,
        "EBIT": NaN,
        "Net Income": 596
    },
    "2009-06-30": {
        "Diluted EPS": -7.4,
        "Total Revenue": 697,
        "Gross Profit": 509,
        "Operating Income": -171,
        "EBIT": NaN,
        "Net Income": -208
    },
    "2009-03-31": {
        "Diluted EPS": -2.7,
        "Total Revenue": 824,
        "Gross Profit": 607,
        "Operating Income": -70,
        "EBIT": NaN,
        "Net Income": -77
    },
    "2023-09-30": {
        "Tax Effect Of Unusual Items": NaN,
        "Tax Rate For Calcs": NaN,
        "Total Unusual Items": -23000000.0,
        "Total Unusual Items Excluding Goodwill": -23000000.0,
        "Net Income From Continuing Operation Net Minority Interest": NaN,
        "Reconciled Depreciation": NaN,
        "Net Interest Income": NaN,
        "Interest Expense": NaN,
        "Interest Income": NaN,
        "Normalized Income": NaN,
        "Net Income From Continuing And Discontinued Operation": NaN,
        "Diluted Average Shares": NaN,
        "Basic Average Shares": NaN,
        "Diluted EPS": NaN,
        "Basic EPS": NaN,
        "Diluted NI Availto Com Stockholders": NaN,
        "Net Income Common Stockholders": NaN,
        "Preferred Stock Dividends": NaN,
        "Net Income": NaN,
        "Net Income Including Noncontrolling Interests": NaN,
        "Net Income Continuous Operations": NaN,
        "Tax Provision": NaN,
        "Pretax Income": NaN,
        "Special Income Charges": -23000000.0,
        "Impairment Of Capital Assets": 23000000.0,
        "Gain On Sale Of Security": NaN,
        "Depreciation Amortization Depletion Income Statement": NaN,
        "Depreciation And Amortization In Income Statement": NaN,
        "Amortization": NaN,
        "Amortization Of Intangibles Income Statement": NaN,
        "Selling General And Administration": NaN,
        "Selling And Marketing Expense": NaN,
        "General And Administrative Expense": NaN,
        "Insurance And Claims": NaN,
        "Salaries And Wages": NaN,
        "Total Revenue": NaN,
        "Operating Revenue": NaN,
        "Occupancy And Equipment": NaN,
        "Professional Expense And Contract Services Expense": NaN,
        "Other Non Interest Expense": NaN
    },
    "2023-12-31": {
        "Tax Effect Of Unusual Items": NaN,
        "Tax Rate For Calcs": NaN,
        "Total Unusual Items": 0.0,
        "Total Unusual Items Excluding Goodwill": 0.0,
        "Net Income From Continuing Operation Net Minority Interest": NaN,
        "Reconciled Depreciation": NaN,
        "Net Interest Income": NaN,
        "Interest Expense": NaN,
        "Interest Income": NaN,
        "Normalized Income": NaN,
        "Net Income From Continuing And Discontinued Operation": NaN,
        "Diluted Average Shares": NaN,
        "Basic Average Shares": NaN,
        "Diluted EPS": NaN,
        "Basic EPS": NaN,
        "Diluted NI Availto Com Stockholders": NaN,
        "Net Income Common Stockholders": NaN,
        "Preferred Stock Dividends": NaN,
        "Net Income": NaN,
        "Net Income Including Noncontrolling Interests": NaN,
        "Net Income Continuous Operations": NaN,
        "Tax Provision": NaN,
        "Pretax Income": NaN,
        "Special Income Charges": 0.0,
        "Impairment Of Capital Assets": 0.0,
        "Gain On Sale Of Security": NaN,
        "Depreciation Amortization Depletion Income Statement": NaN,
        "Depreciation And Amortization In Income Statement": NaN,
        "Amortization": NaN,
        "Amortization Of Intangibles Income Statement": NaN,
        "Selling General And Administration": NaN,
        "Selling And Marketing Expense": NaN,
        "General And Administrative Expense": NaN,
        "Insurance And Claims": NaN,
        "Salaries And Wages": NaN,
        "Total Revenue": NaN,
        "Operating Revenue": NaN,
        "Occupancy And Equipment": NaN,
        "Professional Expense And Contract Services Expense": NaN,
        "Other Non Interest Expense": NaN
    },
    "2024-03-31": {
        "Tax Effect Of Unusual Items": 0.0,
        "Tax Rate For Calcs": 0.349812,
        "Total Unusual Items": NaN,
        "Total Unusual Items Excluding Goodwill": NaN,
        "Net Income From Continuing Operation Net Minority Interest": 103283000.0,
        "Reconciled Depreciation": 16156000.0,
        "Net Interest Income": 550744000.0,
        "Interest Expense": 343397000.0,
        "Interest Income": 894141000.0,
        "Normalized Income": 103283000.0,
        "Net Income From Continuing And Discontinued Operation": 103283000.0,
        "Diluted Average Shares": 71966803.0,
        "Basic Average Shares": 71869735.0,
        "Diluted EPS": 1.43,
        "Basic EPS": 1.43,
        "Diluted NI Availto Com Stockholders": 102930000.0,
        "Net Income Common Stockholders": 102930000.0,
        "Preferred Stock Dividends": 353000.0,
        "Net Income": 103283000.0,
        "Net Income Including Noncontrolling Interests": 103283000.0,
        "Net Income Continuous Operations": 103283000.0,
        "Tax Provision": 55568000.0,
        "Pretax Income": 158851000.0,
        "Special Income Charges": NaN,
        "Impairment Of Capital Assets": NaN,
        "Gain On Sale Of Security": 1103000.0,
        "Depreciation Amortization Depletion Income Statement": 795000.0,
        "Depreciation And Amortization In Income Statement": 795000.0,
        "Amortization": 795000.0,
        "Amortization Of Intangibles Income Statement": 795000.0,
        "Selling General And Administration": 260253000.0,
        "Selling And Marketing Expense": 20989000.0,
        "General And Administrative Expense": 239264000.0,
        "Insurance And Claims": 23887000.0,
        "Salaries And Wages": 215377000.0,
        "Total Revenue": 680368000.0,
        "Operating Revenue": 680368000.0,
        "Occupancy And Equipment": 37608000.0,
        "Professional Expense And Contract Services Expense": 28918000.0,
        "Other Non Interest Expense": 121345000.0
    },
    "2024-06-30": {
        "Tax Effect Of Unusual Items": 0.0,
        "Tax Rate For Calcs": 0.185381,
        "Total Unusual Items": NaN,
        "Total Unusual Items Excluding Goodwill": NaN,
        "Net Income From Continuing Operation Net Minority Interest": 177789000.0,
        "Reconciled Depreciation": 16622000.0,
        "Net Interest Income": 568312000.0,
        "Interest Expense": 353595000.0,
        "Interest Income": 921907000.0,
        "Normalized Income": 177789000.0,
        "Net Income From Continuing And Discontinued Operation": 177789000.0,
        "Diluted Average Shares": NaN,
        "Basic Average Shares": NaN,
        "Diluted EPS": NaN,
        "Basic EPS": NaN,
        "Diluted NI Availto Com Stockholders": 177436000.0,
        "Net Income Common Stockholders": 177436000.0,
        "Preferred Stock Dividends": 353000.0,
        "Net Income": 177789000.0,
        "Net Income Including Noncontrolling Interests": 177789000.0,
        "Net Income Continuous Operations": 177789000.0,
        "Tax Provision": 40459000.0,
        "Pretax Income": 218248000.0,
        "Special Income Charges": NaN,
        "Impairment Of Capital Assets": NaN,
        "Gain On Sale Of Security": 319000.0,
        "Depreciation Amortization Depletion Income Statement": 734000.0,
        "Depreciation And Amortization In Income Statement": 734000.0,
        "Amortization": 734000.0,
        "Amortization Of Intangibles Income Statement": 734000.0,
        "Selling General And Administration": 233454000.0,
        "Selling And Marketing Expense": 25449000.0,
        "General And Administrative Expense": 208005000.0,
        "Insurance And Claims": 10581000.0,
        "Salaries And Wages": 197424000.0,
        "Total Revenue": 695522000.0,
        "Operating Revenue": 695522000.0,
        "Occupancy And Equipment": 37354000.0,
        "Professional Expense And Contract Services Expense": 37744000.0,
        "Other Non Interest Expense": 121194000.0
    },
    "2024-09-30": {
        "Tax Effect Of Unusual Items": 0.0,
        "Tax Rate For Calcs": 0.215,
        "Total Unusual Items": 0.0,
        "Total Unusual Items Excluding Goodwill": 0.0,
        "Net Income From Continuing Operation Net Minority Interest": 155323000.0,
        "Reconciled Depreciation": 16175000.0,
        "Net Interest Income": 572473000.0,
        "Interest Expense": 364975000.0,
        "Interest Income": 937448000.0,
        "Normalized Income": 155323000.0,
        "Net Income From Continuing And Discontinued Operation": 155323000.0,
        "Diluted Average Shares": 71828402.0,
        "Basic Average Shares": 71807136.0,
        "Diluted EPS": 2.16,
        "Basic EPS": 2.16,
        "Diluted NI Availto Com Stockholders": 154970000.0,
        "Net Income Common Stockholders": 154970000.0,
        "Preferred Stock Dividends": 353000.0,
        "Net Income": 155323000.0,
        "Net Income Including Noncontrolling Interests": 155323000.0,
        "Net Income Continuous Operations": 155323000.0,
        "Tax Provision": 42463000.0,
        "Pretax Income": 197786000.0,
        "Special Income Charges": 0.0,
        "Impairment Of Capital Assets": 0.0,
        "Gain On Sale Of Security": -546000.0,
        "Depreciation Amortization Depletion Income Statement": 704000.0,
        "Depreciation And Amortization In Income Statement": 704000.0,
        "Amortization": 704000.0,
        "Amortization Of Intangibles Income Statement": 704000.0,
        "Selling General And Administration": 237926000.0,
        "Selling And Marketing Expense": 25637000.0,
        "General And Administrative Expense": 212289000.0,
        "Insurance And Claims": 10433000.0,
        "Salaries And Wages": 201856000.0,
        "Total Revenue": 702235000.0,
        "Operating Revenue": 702235000.0,
        "Occupancy And Equipment": 37380000.0,
        "Professional Expense And Contract Services Expense": 26708000.0,
        "Other Non Interest Expense": 130283000.0
    },
    "2024-12-31": {
        "Tax Effect Of Unusual Items": 0.0,
        "Tax Rate For Calcs": 0.198058,
        "Total Unusual Items": 0.0,
        "Total Unusual Items Excluding Goodwill": 0.0,
        "Net Income From Continuing Operation Net Minority Interest": 177817000.0,
        "Reconciled Depreciation": 11063000.0,
        "Net Interest Income": 590759000.0,
        "Interest Expense": 329008000.0,
        "Interest Income": 919767000.0,
        "Normalized Income": 177817000.0,
        "Net Income From Continuing And Discontinued Operation": 177817000.0,
        "Diluted Average Shares": 70740958.0,
        "Basic Average Shares": 70722548.0,
        "Diluted EPS": 2.51,
        "Basic EPS": 2.51,
        "Diluted NI Availto Com Stockholders": 177464000.0,
        "Net Income Common Stockholders": 177464000.0,
        "Preferred Stock Dividends": 353000.0,
        "Net Income": 177817000.0,
        "Net Income Including Noncontrolling Interests": 177817000.0,
        "Net Income Continuous Operations": 177817000.0,
        "Tax Provision": 43916000.0,
        "Pretax Income": 221733000.0,
        "Special Income Charges": 0.0,
        "Impairment Of Capital Assets": 0.0,
        "Gain On Sale Of Security": -2459000.0,
        "Depreciation Amortization Depletion Income Statement": 705000.0,
        "Depreciation And Amortization In Income Statement": 705000.0,
        "Amortization": 705000.0,
        "Amortization Of Intangibles Income Statement": 705000.0,
        "Selling General And Administration": 245374000.0,
        "Selling And Marketing Expense": 29855000.0,
        "General And Administrative Expense": 215519000.0,
        "Insurance And Claims": 9725000.0,
        "Salaries And Wages": 205794000.0,
        "Total Revenue": 720395000.0,
        "Operating Revenue": 720395000.0,
        "Occupancy And Equipment": 32512000.0,
        "Professional Expense And Contract Services Expense": 32452000.0,
        "Other Non Interest Expense": 121517000.0
    },
    "2025-03-31": {
        "Tax Effect Of Unusual Items": 0.0,
        "Tax Rate For Calcs": 0.202,
        "Total Unusual Items": NaN,
        "Total Unusual Items Excluding Goodwill": NaN,
        "Net Income From Continuing Operation Net Minority Interest": 177502000.0,
        "Reconciled Depreciation": 12877000.0,
        "Net Interest Income": 605597000.0,
        "Interest Expense": 311401000.0,
        "Interest Income": 916998000.0,
        "Normalized Income": 177502000.0,
        "Net Income From Continuing And Discontinued Operation": 177502000.0,
        "Diluted Average Shares": 69307681.0,
        "Basic Average Shares": 69280137.0,
        "Diluted EPS": 2.56,
        "Basic EPS": 2.56,
        "Diluted NI Availto Com Stockholders": 177149000.0,
        "Net Income Common Stockholders": 177149000.0,
        "Preferred Stock Dividends": 353000.0,
        "Net Income": 177502000.0,
        "Net Income Including Noncontrolling Interests": 177502000.0,
        "Net Income Continuous Operations": 177502000.0,
        "Tax Provision": 45063000.0,
        "Pretax Income": 222565000.0,
        "Special Income Charges": NaN,
        "Impairment Of Capital Assets": NaN,
        "Gain On Sale Of Security": -414000.0,
        "Depreciation Amortization Depletion Income Statement": 597000.0,
        "Depreciation And Amortization In Income Statement": 597000.0,
        "Amortization": 597000.0,
        "Amortization Of Intangibles Income Statement": 597000.0,
        "Selling General And Administration": 246423000.0,
        "Selling And Marketing Expense": 23675000.0,
        "General And Administrative Expense": 222748000.0,
        "Insurance And Claims": 10035000.0,
        "Salaries And Wages": 212713000.0,
        "Total Revenue": 719877000.0,
        "Operating Revenue": 719877000.0,
        "Occupancy And Equipment": 32520000.0,
        "Professional Expense And Contract Services Expense": 26825000.0,
        "Other Non Interest Expense": 126866000.0
    },
    "2025-06-30": {
        "Tax Effect Of Unusual Items": 0.0,
        "Tax Rate For Calcs": 0.185,
        "Total Unusual Items": NaN,
        "Total Unusual Items Excluding Goodwill": NaN,
        "Net Income From Continuing Operation Net Minority Interest": 210440000.0,
        "Reconciled Depreciation": 13424000.0,
        "Net Interest Income": 631549000.0,
        "Interest Expense": 312323000.0,
        "Interest Income": 943872000.0,
        "Normalized Income": 210440000.0,
        "Net Income From Continuing And Discontinued Operation": 210440000.0,
        "Diluted Average Shares": 68079649.0,
        "Basic Average Shares": 68050361.0,
        "Diluted EPS": 3.09,
        "Basic EPS": 3.09,
        "Diluted NI Availto Com Stockholders": 210087000.0,
        "Net Income Common Stockholders": 210087000.0,
        "Preferred Stock Dividends": 353000.0,
        "Net Income": 210440000.0,
        "Net Income Including Noncontrolling Interests": 210440000.0,
        "Net Income Continuous Operations": 210440000.0,
        "Tax Provision": 47884000.0,
        "Pretax Income": 258324000.0,
        "Special Income Charges": NaN,
        "Impairment Of Capital Assets": NaN,
        "Gain On Sale Of Security": 1862000.0,
        "Depreciation Amortization Depletion Income Statement": 385000.0,
        "Depreciation And Amortization In Income Statement": 385000.0,
        "Amortization": 385000.0,
        "Amortization Of Intangibles Income Statement": 385000.0,
        "Selling General And Administration": 265147000.0,
        "Selling And Marketing Expense": 26385000.0,
        "General And Administrative Expense": 238762000.0,
        "Insurance And Claims": 9407000.0,
        "Salaries And Wages": 229355000.0,
        "Total Revenue": 762165000.0,
        "Operating Revenue": 762165000.0,
        "Occupancy And Equipment": 34929000.0,
        "Professional Expense And Contract Services Expense": 28108000.0,
        "Other Non Interest Expense": 126331000.0
    },
    "2025-09-30": {
        "Tax Effect Of Unusual Items": -1885000.0,
        "Tax Rate For Calcs": 0.145,
        "Total Unusual Items": -13000000.0,
        "Total Unusual Items Excluding Goodwill": -13000000.0,
        "Net Income From Continuing Operation Net Minority Interest": 211317000.0,
        "Reconciled Depreciation": 13968000.0,
        "Net Interest Income": 646505000.0,
        "Interest Expense": 320144000.0,
        "Interest Income": 966649000.0,
        "Normalized Income": 222432000.0,
        "Net Income From Continuing And Discontinued Operation": 211317000.0,
        "Diluted Average Shares": 67095421.0,
        "Basic Average Shares": 67058260.0,
        "Diluted EPS": 3.14,
        "Basic EPS": 3.15,
        "Diluted NI Availto Com Stockholders": 210964000.0,
        "Net Income Common Stockholders": 210964000.0,
        "Preferred Stock Dividends": 353000.0,
        "Net Income": 211317000.0,
        "Net Income Including Noncontrolling Interests": 211317000.0,
        "Net Income Continuous Operations": 211317000.0,
        "Tax Provision": 35971000.0,
        "Pretax Income": 247288000.0,
        "Special Income Charges": -13000000.0,
        "Impairment Of Capital Assets": 13000000.0,
        "Gain On Sale Of Security": 2197000.0,
        "Depreciation Amortization Depletion Income Statement": 384000.0,
        "Depreciation And Amortization In Income Statement": 384000.0,
        "Amortization": 384000.0,
        "Amortization Of Intangibles Income Statement": 384000.0,
        "Selling General And Administration": 271165000.0,
        "Selling And Marketing Expense": 27304000.0,
        "General And Administrative Expense": 243861000.0,
        "Insurance And Claims": 10873000.0,
        "Salaries And Wages": 232988000.0,
        "Total Revenue": 779292000.0,
        "Operating Revenue": 779292000.0,
        "Occupancy And Equipment": 31396000.0,
        "Professional Expense And Contract Services Expense": 25808000.0,
        "Other Non Interest Expense": 115126000.0
    }
}