{
    "2023-06-30": {
        "Tax Effect Of Unusual Items": NaN,
        "Tax Rate For Calcs": NaN,
        "Total Unusual Items": NaN,
        "Total Unusual Items Excluding Goodwill": NaN,
        "Net Income From Continuing Operation Net Minority Interest": NaN,
        "Reconciled Depreciation": NaN,
        "Net Interest Income": NaN,
        "Interest Expense": NaN,
        "Interest Income": NaN,
        "Normalized Income": NaN,
        "Net Income From Continuing And Discontinued Operation": NaN,
        "Diluted Average Shares": NaN,
        "Basic Average Shares": NaN,
        "Diluted EPS": NaN,
        "Basic EPS": NaN,
        "Diluted NI Availto Com Stockholders": NaN,
        "Net Income Common Stockholders": NaN,
        "Net Income": NaN,
        "Net Income Including Noncontrolling Interests": NaN,
        "Net Income Continuous Operations": NaN,
        "Tax Provision": NaN,
        "Pretax Income": NaN,
        "Special Income Charges": NaN,
        "Restructuring And Mergern Acquisition": NaN,
        "Gain On Sale Of Security": 0.0,
        "Depreciation Amortization Depletion Income Statement": NaN,
        "Depreciation And Amortization In Income Statement": NaN,
        "Amortization": NaN,
        "Amortization Of Intangibles Income Statement": NaN,
        "Selling General And Administration": NaN,
        "Selling And Marketing Expense": NaN,
        "General And Administrative Expense": NaN,
        "Insurance And Claims": NaN,
        "Salaries And Wages": NaN,
        "Total Revenue": NaN,
        "Operating Revenue": NaN,
        "Occupancy And Equipment": NaN,
        "Professional Expense And Contract Services Expense": NaN,
        "Other Non Interest Expense": NaN
    },
    "2023-03-31": {
        "Tax Effect Of Unusual Items": 0.0,
        "Tax Rate For Calcs": 0.238,
        "Total Unusual Items": NaN,
        "Total Unusual Items Excluding Goodwill": NaN,
        "Net Income From Continuing Operation Net Minority Interest": 6097000.0,
        "Reconciled Depreciation": 441000.0,
        "Net Interest Income": 16661000.0,
        "Interest Expense": 3951000.0,
        "Interest Income": 20612000.0,
        "Normalized Income": 6097000.0,
        "Net Income From Continuing And Discontinued Operation": 6097000.0,
        "Diluted Average Shares": 6386000.0,
        "Basic Average Shares": 6257000.0,
        "Diluted EPS": 0.95,
        "Basic EPS": 0.97,
        "Diluted NI Availto Com Stockholders": 6097000.0,
        "Net Income Common Stockholders": 6097000.0,
        "Net Income": 6097000.0,
        "Net Income Including Noncontrolling Interests": 6097000.0,
        "Net Income Continuous Operations": 6097000.0,
        "Tax Provision": 1901000.0,
        "Pretax Income": 7998000.0,
        "Special Income Charges": NaN,
        "Restructuring And Mergern Acquisition": NaN,
        "Gain On Sale Of Security": NaN,
        "Depreciation Amortization Depletion Income Statement": 135000.0,
        "Depreciation And Amortization In Income Statement": 135000.0,
        "Amortization": 135000.0,
        "Amortization Of Intangibles Income Statement": 135000.0,
        "Selling General And Administration": 5699000.0,
        "Selling And Marketing Expense": 110000.0,
        "General And Administrative Expense": 5589000.0,
        "Insurance And Claims": 190000.0,
        "Salaries And Wages": 5399000.0,
        "Total Revenue": 18035000.0,
        "Operating Revenue": 18035000.0,
        "Occupancy And Equipment": 1341000.0,
        "Professional Expense And Contract Services Expense": 465000.0,
        "Other Non Interest Expense": 2132000.0
    },
    "2022-12-31": {
        "Tax Effect Of Unusual Items": NaN,
        "Tax Rate For Calcs": NaN,
        "Total Unusual Items": NaN,
        "Total Unusual Items Excluding Goodwill": NaN,
        "Net Income From Continuing Operation Net Minority Interest": NaN,
        "Reconciled Depreciation": NaN,
        "Net Interest Income": NaN,
        "Interest Expense": NaN,
        "Interest Income": NaN,
        "Normalized Income": NaN,
        "Net Income From Continuing And Discontinued Operation": NaN,
        "Diluted Average Shares": NaN,
        "Basic Average Shares": NaN,
        "Diluted EPS": NaN,
        "Basic EPS": NaN,
        "Diluted NI Availto Com Stockholders": NaN,
        "Net Income Common Stockholders": NaN,
        "Net Income": NaN,
        "Net Income Including Noncontrolling Interests": NaN,
        "Net Income Continuous Operations": NaN,
        "Tax Provision": NaN,
        "Pretax Income": NaN,
        "Special Income Charges": NaN,
        "Restructuring And Mergern Acquisition": NaN,
        "Gain On Sale Of Security": 0.0,
        "Depreciation Amortization Depletion Income Statement": NaN,
        "Depreciation And Amortization In Income Statement": NaN,
        "Amortization": NaN,
        "Amortization Of Intangibles Income Statement": NaN,
        "Selling General And Administration": NaN,
        "Selling And Marketing Expense": NaN,
        "General And Administrative Expense": NaN,
        "Insurance And Claims": NaN,
        "Salaries And Wages": NaN,
        "Total Revenue": NaN,
        "Operating Revenue": NaN,
        "Occupancy And Equipment": NaN,
        "Professional Expense And Contract Services Expense": NaN,
        "Other Non Interest Expense": NaN
    },
    "2022-09-30": {
        "Tax Effect Of Unusual Items": NaN,
        "Tax Rate For Calcs": NaN,
        "Total Unusual Items": 0.0,
        "Total Unusual Items Excluding Goodwill": 0.0,
        "Net Income From Continuing Operation Net Minority Interest": NaN,
        "Reconciled Depreciation": NaN,
        "Net Interest Income": NaN,
        "Interest Expense": NaN,
        "Interest Income": NaN,
        "Normalized Income": NaN,
        "Net Income From Continuing And Discontinued Operation": NaN,
        "Diluted Average Shares": NaN,
        "Basic Average Shares": NaN,
        "Diluted EPS": NaN,
        "Basic EPS": NaN,
        "Diluted NI Availto Com Stockholders": NaN,
        "Net Income Common Stockholders": NaN,
        "Net Income": NaN,
        "Net Income Including Noncontrolling Interests": NaN,
        "Net Income Continuous Operations": NaN,
        "Tax Provision": NaN,
        "Pretax Income": NaN,
        "Special Income Charges": 0.0,
        "Restructuring And Mergern Acquisition": 0.0,
        "Gain On Sale Of Security": 0.0,
        "Depreciation Amortization Depletion Income Statement": NaN,
        "Depreciation And Amortization In Income Statement": NaN,
        "Amortization": NaN,
        "Amortization Of Intangibles Income Statement": NaN,
        "Selling General And Administration": NaN,
        "Selling And Marketing Expense": NaN,
        "General And Administrative Expense": NaN,
        "Insurance And Claims": NaN,
        "Salaries And Wages": NaN,
        "Total Revenue": NaN,
        "Operating Revenue": NaN
    },
    "2022-06-30": {
        "Tax Effect Of Unusual Items": 0.0,
        "Tax Rate For Calcs": 0.206,
        "Total Unusual Items": NaN,
        "Total Unusual Items Excluding Goodwill": NaN,
        "Net Income From Continuing Operation Net Minority Interest": 6327000.0,
        "Reconciled Depreciation": 476000.0,
        "Net Interest Income": 16287000.0,
        "Interest Expense": 1169000.0,
        "Interest Income": 17456000.0,
        "Normalized Income": 6327000.0,
        "Net Income From Continuing And Discontinued Operation": 6327000.0,
        "Diluted Average Shares": 6437000.0,
        "Basic Average Shares": 6305000.0,
        "Diluted EPS": 0.98,
        "Basic EPS": 1.0,
        "Diluted NI Availto Com Stockholders": 6327000.0,
        "Net Income Common Stockholders": 6327000.0,
        "Net Income": 6327000.0,
        "Net Income Including Noncontrolling Interests": 6327000.0,
        "Net Income Continuous Operations": 6327000.0,
        "Tax Provision": 1644000.0,
        "Pretax Income": 7971000.0,
        "Special Income Charges": NaN,
        "Restructuring And Mergern Acquisition": NaN,
        "Gain On Sale Of Security": 2000.0,
        "Depreciation Amortization Depletion Income Statement": 145000.0,
        "Depreciation And Amortization In Income Statement": 145000.0,
        "Amortization": 145000.0,
        "Amortization Of Intangibles Income Statement": 145000.0,
        "Selling General And Administration": 5304000.0,
        "Selling And Marketing Expense": 120000.0,
        "General And Administrative Expense": 5184000.0,
        "Other Gand A": 1118000.0,
        "Insurance And Claims": 276000.0,
        "Salaries And Wages": 4908000.0,
        "Total Revenue": 17399000.0,
        "Operating Revenue": 17399000.0
    },
    "2023-09-30": {
        "Tax Effect Of Unusual Items": NaN,
        "Tax Rate For Calcs": NaN,
        "Total Unusual Items": 1594000.0,
        "Total Unusual Items Excluding Goodwill": 1594000.0,
        "Net Income From Continuing Operation Net Minority Interest": NaN,
        "Reconciled Depreciation": NaN,
        "Net Interest Income": NaN,
        "Interest Expense": NaN,
        "Interest Income": NaN,
        "Normalized Income": NaN,
        "Net Income From Continuing And Discontinued Operation": NaN,
        "Diluted Average Shares": NaN,
        "Basic Average Shares": NaN,
        "Diluted EPS": NaN,
        "Basic EPS": NaN,
        "Diluted NI Availto Com Stockholders": NaN,
        "Net Income Common Stockholders": NaN,
        "Net Income": NaN,
        "Net Income Including Noncontrolling Interests": NaN,
        "Net Income Continuous Operations": NaN,
        "Tax Provision": NaN,
        "Pretax Income": NaN,
        "Special Income Charges": 1391000.0,
        "Restructuring And Mergern Acquisition": -1391000.0,
        "Gain On Sale Of Security": -6000.0,
        "Depreciation Amortization Depletion Income Statement": NaN,
        "Depreciation And Amortization In Income Statement": NaN,
        "Amortization": NaN,
        "Amortization Of Intangibles Income Statement": NaN,
        "Selling General And Administration": NaN,
        "Selling And Marketing Expense": NaN,
        "General And Administrative Expense": NaN,
        "Insurance And Claims": NaN,
        "Salaries And Wages": NaN,
        "Total Revenue": NaN,
        "Operating Revenue": NaN,
        "Occupancy And Equipment": NaN,
        "Professional Expense And Contract Services Expense": NaN,
        "Other Non Interest Expense": NaN
    },
    "2023-12-31": {
        "Tax Effect Of Unusual Items": NaN,
        "Tax Rate For Calcs": NaN,
        "Total Unusual Items": 0.0,
        "Total Unusual Items Excluding Goodwill": 0.0,
        "Net Income From Continuing Operation Net Minority Interest": NaN,
        "Reconciled Depreciation": NaN,
        "Net Interest Income": NaN,
        "Interest Expense": NaN,
        "Interest Income": NaN,
        "Normalized Income": NaN,
        "Net Income From Continuing And Discontinued Operation": NaN,
        "Diluted Average Shares": NaN,
        "Basic Average Shares": NaN,
        "Diluted EPS": NaN,
        "Basic EPS": NaN,
        "Diluted NI Availto Com Stockholders": NaN,
        "Net Income Common Stockholders": NaN,
        "Net Income": NaN,
        "Net Income Including Noncontrolling Interests": NaN,
        "Net Income Continuous Operations": NaN,
        "Tax Provision": NaN,
        "Pretax Income": NaN,
        "Special Income Charges": 0.0,
        "Restructuring And Mergern Acquisition": 0.0,
        "Gain On Sale Of Security": 45000.0,
        "Depreciation Amortization Depletion Income Statement": NaN,
        "Depreciation And Amortization In Income Statement": NaN,
        "Amortization": NaN,
        "Amortization Of Intangibles Income Statement": NaN,
        "Selling General And Administration": NaN,
        "Selling And Marketing Expense": NaN,
        "General And Administrative Expense": NaN,
        "Insurance And Claims": NaN,
        "Salaries And Wages": NaN,
        "Total Revenue": NaN,
        "Operating Revenue": NaN,
        "Occupancy And Equipment": NaN,
        "Professional Expense And Contract Services Expense": NaN,
        "Other Non Interest Expense": NaN
    },
    "2024-03-31": {
        "Tax Effect Of Unusual Items": 0.0,
        "Tax Rate For Calcs": 0.197006,
        "Total Unusual Items": NaN,
        "Total Unusual Items Excluding Goodwill": NaN,
        "Net Income From Continuing Operation Net Minority Interest": 4345000.0,
        "Reconciled Depreciation": 530000.0,
        "Net Interest Income": 15448000.0,
        "Interest Expense": 12618000.0,
        "Interest Income": 28066000.0,
        "Normalized Income": 4345000.0,
        "Net Income From Continuing And Discontinued Operation": 4345000.0,
        "Diluted Average Shares": 6418000.0,
        "Basic Average Shares": 6328000.0,
        "Diluted EPS": 0.68,
        "Basic EPS": 0.69,
        "Diluted NI Availto Com Stockholders": 4345000.0,
        "Net Income Common Stockholders": 4345000.0,
        "Net Income": 4345000.0,
        "Net Income Including Noncontrolling Interests": 4345000.0,
        "Net Income Continuous Operations": 4345000.0,
        "Tax Provision": 1066000.0,
        "Pretax Income": 5411000.0,
        "Special Income Charges": NaN,
        "Restructuring And Mergern Acquisition": NaN,
        "Gain On Sale Of Security": NaN,
        "Depreciation Amortization Depletion Income Statement": 120000.0,
        "Depreciation And Amortization In Income Statement": 120000.0,
        "Amortization": 120000.0,
        "Amortization Of Intangibles Income Statement": 120000.0,
        "Selling General And Administration": 6935000.0,
        "Selling And Marketing Expense": 142000.0,
        "General And Administrative Expense": 6793000.0,
        "Insurance And Claims": 273000.0,
        "Salaries And Wages": 6520000.0,
        "Total Revenue": 17433000.0,
        "Operating Revenue": 17433000.0,
        "Occupancy And Equipment": 2029000.0,
        "Professional Expense And Contract Services Expense": 524000.0,
        "Other Non Interest Expense": 2228000.0
    },
    "2024-06-30": {
        "Tax Effect Of Unusual Items": 0.0,
        "Tax Rate For Calcs": 0.168397,
        "Total Unusual Items": 0.0,
        "Total Unusual Items Excluding Goodwill": 0.0,
        "Net Income From Continuing Operation Net Minority Interest": 5126000.0,
        "Reconciled Depreciation": 518000.0,
        "Net Interest Income": 15968000.0,
        "Interest Expense": 13442000.0,
        "Interest Income": 29410000.0,
        "Normalized Income": 5126000.0,
        "Net Income From Continuing And Discontinued Operation": 5126000.0,
        "Diluted Average Shares": 6417000.0,
        "Basic Average Shares": 6332000.0,
        "Diluted EPS": 0.8,
        "Basic EPS": 0.81,
        "Diluted NI Availto Com Stockholders": 5126000.0,
        "Net Income Common Stockholders": 5126000.0,
        "Net Income": 5126000.0,
        "Net Income Including Noncontrolling Interests": 5126000.0,
        "Net Income Continuous Operations": 5126000.0,
        "Tax Provision": 1038000.0,
        "Pretax Income": 6164000.0,
        "Special Income Charges": 0.0,
        "Restructuring And Mergern Acquisition": 0.0,
        "Gain On Sale Of Security": NaN,
        "Depreciation Amortization Depletion Income Statement": 111000.0,
        "Depreciation And Amortization In Income Statement": 111000.0,
        "Amortization": 111000.0,
        "Amortization Of Intangibles Income Statement": 111000.0,
        "Selling General And Administration": 6878000.0,
        "Selling And Marketing Expense": 156000.0,
        "General And Administrative Expense": 6722000.0,
        "Insurance And Claims": 279000.0,
        "Salaries And Wages": 6443000.0,
        "Total Revenue": 18055000.0,
        "Operating Revenue": 18055000.0,
        "Occupancy And Equipment": 1850000.0,
        "Professional Expense And Contract Services Expense": 602000.0,
        "Other Non Interest Expense": 2568000.0
    },
    "2024-09-30": {
        "Tax Effect Of Unusual Items": -1568403.0,
        "Tax Rate For Calcs": 0.201,
        "Total Unusual Items": -7803000.0,
        "Total Unusual Items Excluding Goodwill": -7803000.0,
        "Net Income From Continuing Operation Net Minority Interest": -4456000.0,
        "Reconciled Depreciation": 569000.0,
        "Net Interest Income": 17109000.0,
        "Interest Expense": 14701000.0,
        "Interest Income": 31810000.0,
        "Normalized Income": 1778597.0,
        "Net Income From Continuing And Discontinued Operation": -4456000.0,
        "Diluted Average Shares": 6573000.0,
        "Basic Average Shares": 6573000.0,
        "Diluted EPS": -0.68,
        "Basic EPS": -0.68,
        "Diluted NI Availto Com Stockholders": -4456000.0,
        "Net Income Common Stockholders": -4456000.0,
        "Net Income": -4456000.0,
        "Net Income Including Noncontrolling Interests": -4456000.0,
        "Net Income Continuous Operations": -4456000.0,
        "Tax Provision": -1124000.0,
        "Pretax Income": -5580000.0,
        "Special Income Charges": -7803000.0,
        "Restructuring And Mergern Acquisition": 7803000.0,
        "Gain On Sale Of Security": -7000.0,
        "Depreciation Amortization Depletion Income Statement": 143000.0,
        "Depreciation And Amortization In Income Statement": 143000.0,
        "Amortization": 143000.0,
        "Amortization Of Intangibles Income Statement": 143000.0,
        "Selling General And Administration": 7053000.0,
        "Selling And Marketing Expense": 181000.0,
        "General And Administrative Expense": 6872000.0,
        "Insurance And Claims": 316000.0,
        "Salaries And Wages": 6556000.0,
        "Total Revenue": 19165000.0,
        "Operating Revenue": 19165000.0,
        "Occupancy And Equipment": 2087000.0,
        "Professional Expense And Contract Services Expense": 654000.0,
        "Other Non Interest Expense": 2404000.0
    },
    "2024-12-31": {
        "Tax Effect Of Unusual Items": 0.0,
        "Tax Rate For Calcs": 0.23369,
        "Total Unusual Items": 0.0,
        "Total Unusual Items Excluding Goodwill": 0.0,
        "Net Income From Continuing Operation Net Minority Interest": 5227000.0,
        "Reconciled Depreciation": 666000.0,
        "Net Interest Income": 18007000.0,
        "Interest Expense": 15653000.0,
        "Interest Income": 33660000.0,
        "Normalized Income": 5227000.0,
        "Net Income From Continuing And Discontinued Operation": 5227000.0,
        "Diluted Average Shares": 6984000.0,
        "Basic Average Shares": 6880000.0,
        "Diluted EPS": 0.75,
        "Basic EPS": 0.76,
        "Diluted NI Availto Com Stockholders": 5227000.0,
        "Net Income Common Stockholders": 5227000.0,
        "Net Income": 5227000.0,
        "Net Income Including Noncontrolling Interests": 5227000.0,
        "Net Income Continuous Operations": 5227000.0,
        "Tax Provision": 1594000.0,
        "Pretax Income": 6821000.0,
        "Special Income Charges": 0.0,
        "Restructuring And Mergern Acquisition": 0.0,
        "Gain On Sale Of Security": 0.0,
        "Depreciation Amortization Depletion Income Statement": 228000.0,
        "Depreciation And Amortization In Income Statement": 228000.0,
        "Amortization": 228000.0,
        "Amortization Of Intangibles Income Statement": 228000.0,
        "Selling General And Administration": 6946000.0,
        "Selling And Marketing Expense": 151000.0,
        "General And Administrative Expense": 6795000.0,
        "Insurance And Claims": 277000.0,
        "Salaries And Wages": 6518000.0,
        "Total Revenue": 20034000.0,
        "Operating Revenue": 20034000.0,
        "Occupancy And Equipment": 2241000.0,
        "Professional Expense And Contract Services Expense": 795000.0,
        "Other Non Interest Expense": 2563000.0
    },
    "2025-03-31": {
        "Tax Effect Of Unusual Items": 0.0,
        "Tax Rate For Calcs": 0.219,
        "Total Unusual Items": NaN,
        "Total Unusual Items Excluding Goodwill": NaN,
        "Net Income From Continuing Operation Net Minority Interest": 5378000.0,
        "Reconciled Depreciation": 673000.0,
        "Net Interest Income": 18757000.0,
        "Interest Expense": 14538000.0,
        "Interest Income": 33295000.0,
        "Normalized Income": 5378000.0,
        "Net Income From Continuing And Discontinued Operation": 5378000.0,
        "Diluted Average Shares": 6964000.0,
        "Basic Average Shares": 6905000.0,
        "Diluted EPS": 0.77,
        "Basic EPS": 0.78,
        "Diluted NI Availto Com Stockholders": 5378000.0,
        "Net Income Common Stockholders": 5378000.0,
        "Net Income": 5378000.0,
        "Net Income Including Noncontrolling Interests": 5378000.0,
        "Net Income Continuous Operations": 5378000.0,
        "Tax Provision": 1509000.0,
        "Pretax Income": 6887000.0,
        "Special Income Charges": NaN,
        "Restructuring And Mergern Acquisition": NaN,
        "Gain On Sale Of Security": NaN,
        "Depreciation Amortization Depletion Income Statement": 229000.0,
        "Depreciation And Amortization In Income Statement": 229000.0,
        "Amortization": 229000.0,
        "Amortization Of Intangibles Income Statement": 229000.0,
        "Selling General And Administration": 7876000.0,
        "Selling And Marketing Expense": 171000.0,
        "General And Administrative Expense": 7705000.0,
        "Insurance And Claims": 533000.0,
        "Salaries And Wages": 7172000.0,
        "Total Revenue": 20947000.0,
        "Operating Revenue": 20947000.0,
        "Occupancy And Equipment": 2285000.0,
        "Professional Expense And Contract Services Expense": 761000.0,
        "Other Non Interest Expense": 2641000.0
    },
    "2025-06-30": {
        "Tax Effect Of Unusual Items": 0.0,
        "Tax Rate For Calcs": 0.21,
        "Total Unusual Items": NaN,
        "Total Unusual Items Excluding Goodwill": NaN,
        "Net Income From Continuing Operation Net Minority Interest": 688000.0,
        "Reconciled Depreciation": 668000.0,
        "Net Interest Income": 18810000.0,
        "Interest Expense": 13946000.0,
        "Interest Income": 32756000.0,
        "Normalized Income": 688000.0,
        "Net Income From Continuing And Discontinued Operation": 688000.0,
        "Diluted Average Shares": 6896000.0,
        "Basic Average Shares": 6867000.0,
        "Diluted EPS": 0.1,
        "Basic EPS": 0.1,
        "Diluted NI Availto Com Stockholders": 688000.0,
        "Net Income Common Stockholders": 688000.0,
        "Net Income": 688000.0,
        "Net Income Including Noncontrolling Interests": 688000.0,
        "Net Income Continuous Operations": 688000.0,
        "Tax Provision": -92000.0,
        "Pretax Income": 596000.0,
        "Special Income Charges": NaN,
        "Restructuring And Mergern Acquisition": NaN,
        "Gain On Sale Of Security": NaN,
        "Depreciation Amortization Depletion Income Statement": 219000.0,
        "Depreciation And Amortization In Income Statement": 219000.0,
        "Amortization": 219000.0,
        "Amortization Of Intangibles Income Statement": 219000.0,
        "Selling General And Administration": 7660000.0,
        "Selling And Marketing Expense": 152000.0,
        "General And Administrative Expense": 7508000.0,
        "Insurance And Claims": 415000.0,
        "Salaries And Wages": 7093000.0,
        "Total Revenue": 21061000.0,
        "Operating Revenue": 21061000.0,
        "Occupancy And Equipment": 2147000.0,
        "Professional Expense And Contract Services Expense": 721000.0,
        "Other Non Interest Expense": 2762000.0
    }
}