{
    "2023-03-31": {
        "Tax Effect Of Unusual Items": NaN,
        "Tax Rate For Calcs": NaN,
        "Normalized EBITDA": NaN,
        "Net Income From Continuing Operation Net Minority Interest": NaN,
        "Reconciled Depreciation": NaN,
        "Reconciled Cost Of Revenue": NaN,
        "EBITDA": NaN,
        "EBIT": NaN,
        "Net Interest Income": NaN,
        "Interest Expense": NaN,
        "Interest Income": NaN,
        "Normalized Income": NaN,
        "Net Income From Continuing And Discontinued Operation": NaN,
        "Total Expenses": NaN,
        "Total Operating Income As Reported": NaN,
        "Diluted Average Shares": 119100000.0,
        "Basic Average Shares": 117700000.0,
        "Diluted EPS": 1.67,
        "Basic EPS": 1.69,
        "Diluted NI Availto Com Stockholders": NaN,
        "Net Income Common Stockholders": NaN,
        "Net Income": NaN,
        "Net Income Including Noncontrolling Interests": NaN,
        "Net Income Continuous Operations": NaN,
        "Tax Provision": NaN,
        "Pretax Income": NaN,
        "Other Income Expense": NaN,
        "Other Non Operating Income Expenses": NaN,
        "Net Non Operating Interest Income Expense": NaN,
        "Interest Expense Non Operating": NaN,
        "Interest Income Non Operating": NaN,
        "Operating Income": NaN,
        "Operating Expense": NaN,
        "Selling General And Administration": NaN,
        "Gross Profit": NaN,
        "Cost Of Revenue": NaN,
        "Total Revenue": NaN,
        "Operating Revenue": NaN
    },
    "2022-12-31": {
        "Tax Effect Of Unusual Items": 0.0,
        "Tax Rate For Calcs": 0.2,
        "Normalized EBITDA": 183600000.0,
        "Net Income From Continuing Operation Net Minority Interest": 57500000.0,
        "Reconciled Depreciation": 75400000.0,
        "Reconciled Cost Of Revenue": 988200000.0,
        "EBITDA": 183600000.0,
        "EBIT": 108200000.0,
        "Net Interest Income": -34200000.0,
        "Interest Expense": 36300000.0,
        "Interest Income": 2100000.0,
        "Normalized Income": 57500000.0,
        "Net Income From Continuing And Discontinued Operation": 57500000.0,
        "Total Expenses": 1185000000.0,
        "Total Operating Income As Reported": 107900000.0,
        "Diluted Average Shares": 118900000.0,
        "Basic Average Shares": 117700000.0,
        "Diluted EPS": 0.48,
        "Basic EPS": 0.49,
        "Diluted NI Availto Com Stockholders": 57500000.0,
        "Net Income Common Stockholders": 57500000.0,
        "Net Income": 57500000.0,
        "Net Income Including Noncontrolling Interests": 57500000.0,
        "Net Income Continuous Operations": 57500000.0,
        "Tax Provision": 14400000.0,
        "Pretax Income": 71900000.0,
        "Other Income Expense": -1900000.0,
        "Other Non Operating Income Expenses": -1900000.0,
        "Net Non Operating Interest Income Expense": -34200000.0,
        "Interest Expense Non Operating": 36300000.0,
        "Interest Income Non Operating": 2100000.0,
        "Operating Income": 107900000.0,
        "Operating Expense": 196800000.0,
        "Selling General And Administration": 196800000.0,
        "Gross Profit": 304700000.0,
        "Cost Of Revenue": 988200000.0,
        "Total Revenue": 1292900000.0,
        "Operating Revenue": 1292900000.0
    },
    "2022-09-30": {
        "Tax Effect Of Unusual Items": 0.0,
        "Tax Rate For Calcs": 0.09,
        "Normalized EBITDA": 160000000.0,
        "Net Income From Continuing Operation Net Minority Interest": 50400000.0,
        "Reconciled Depreciation": 76600000.0,
        "Reconciled Cost Of Revenue": 990400000.0,
        "EBITDA": 160000000.0,
        "EBIT": 83400000.0,
        "Net Interest Income": -26800000.0,
        "Interest Expense": 28000000.0,
        "Interest Income": 1200000.0,
        "Normalized Income": 50400000.0,
        "Net Income From Continuing And Discontinued Operation": 50400000.0,
        "Total Expenses": 1195700000.0,
        "Total Operating Income As Reported": 87500000.0,
        "Diluted Average Shares": 118900000.0,
        "Basic Average Shares": 117500000.0,
        "Diluted EPS": 0.42,
        "Basic EPS": 0.43,
        "Diluted NI Availto Com Stockholders": 50400000.0,
        "Net Income Common Stockholders": 50400000.0,
        "Net Income": 50400000.0,
        "Net Income Including Noncontrolling Interests": 50400000.0,
        "Net Income Continuous Operations": 50400000.0,
        "Tax Provision": 5000000.0,
        "Pretax Income": 55400000.0,
        "Other Income Expense": -5200000.0,
        "Other Non Operating Income Expenses": -5200000.0,
        "Net Non Operating Interest Income Expense": -26800000.0,
        "Interest Expense Non Operating": 28000000.0,
        "Interest Income Non Operating": 1200000.0,
        "Operating Income": 87600000.0,
        "Operating Expense": 205300000.0,
        "Selling General And Administration": 205300000.0,
        "Gross Profit": 292900000.0,
        "Cost Of Revenue": 990400000.0,
        "Total Revenue": 1283300000.0,
        "Operating Revenue": 1283300000.0
    },
    "2022-06-30": {
        "Tax Effect Of Unusual Items": 0.0,
        "Tax Rate For Calcs": 0.221,
        "Normalized EBITDA": 339500000.0,
        "Net Income From Continuing Operation Net Minority Interest": 248100000.0,
        "Reconciled Depreciation": 78200000.0,
        "Reconciled Cost Of Revenue": 1146800000.0,
        "EBITDA": 339500000.0,
        "EBIT": 339500000.0,
        "Net Interest Income": -20700000.0,
        "Interest Expense": 20700000.0,
        "Interest Income": 900000.0,
        "Normalized Income": 248100000.0,
        "Net Income From Continuing And Discontinued Operation": 248100000.0,
        "Total Expenses": 1381100000.0,
        "Total Operating Income As Reported": 341700000.0,
        "Diluted Average Shares": 118500000.0,
        "Basic Average Shares": 117300000.0,
        "Diluted EPS": 2.09,
        "Basic EPS": 2.12,
        "Diluted NI Availto Com Stockholders": 248100000.0,
        "Net Income Common Stockholders": 248100000.0,
        "Net Income": 248100000.0,
        "Net Income Including Noncontrolling Interests": 248200000.0,
        "Net Income Continuous Operations": 248200000.0,
        "Tax Provision": 70600000.0,
        "Pretax Income": 318800000.0,
        "Other Income Expense": -2200000.0,
        "Other Non Operating Income Expenses": -2200000.0,
        "Net Non Operating Interest Income Expense": -20700000.0,
        "Interest Expense Non Operating": 20700000.0,
        "Interest Income Non Operating": 900000.0,
        "Operating Income": 341800000.0,
        "Operating Expense": 234300000.0,
        "Selling General And Administration": 234300000.0,
        "Gross Profit": 576100000.0,
        "Cost Of Revenue": 1146800000.0,
        "Total Revenue": 1722900000.0,
        "Operating Revenue": 1722900000.0
    },
    "2023-06-30": {
        "Tax Effect Of Unusual Items": 0.0,
        "Tax Rate For Calcs": 0.223713,
        "Normalized EBITDA": 559800000.0,
        "Net Income From Continuing Operation Net Minority Interest": 324100000.0,
        "Reconciled Depreciation": 103200000.0,
        "Reconciled Cost Of Revenue": 1159100000.0,
        "EBITDA": 559800000.0,
        "EBIT": 456600000.0,
        "Net Interest Income": -36000000.0,
        "Interest Expense": 39100000.0,
        "Interest Income": 3100000.0,
        "Normalized Income": 324100000.0,
        "Net Income From Continuing And Discontinued Operation": 324100000.0,
        "Total Expenses": 1384800000.0,
        "Total Operating Income As Reported": 454200000.0,
        "Diluted Average Shares": 119100000.0,
        "Basic Average Shares": 118000000.0,
        "Diluted EPS": 2.72,
        "Basic EPS": 2.75,
        "Diluted NI Availto Com Stockholders": 324100000.0,
        "Net Income Common Stockholders": 324100000.0,
        "Net Income": 324100000.0,
        "Net Income Including Noncontrolling Interests": 324100000.0,
        "Net Income Continuous Operations": 324100000.0,
        "Tax Provision": 93400000.0,
        "Pretax Income": 417500000.0,
        "Other Income Expense": -700000.0,
        "Other Non Operating Income Expenses": -700000.0,
        "Net Non Operating Interest Income Expense": -36000000.0,
        "Interest Expense Non Operating": 39100000.0,
        "Interest Income Non Operating": 3100000.0,
        "Operating Income": 454200000.0,
        "Operating Expense": 225700000.0,
        "Selling General And Administration": 225700000.0,
        "Gross Profit": 679900000.0,
        "Cost Of Revenue": 1159100000.0,
        "Total Revenue": 1839000000.0,
        "Operating Revenue": 1839000000.0
    },
    "2023-09-30": {
        "Tax Effect Of Unusual Items": 0.0,
        "Tax Rate For Calcs": 0.195,
        "Normalized EBITDA": 268800000.0,
        "Net Income From Continuing Operation Net Minority Interest": 90900000.0,
        "Reconciled Depreciation": 119500000.0,
        "Reconciled Cost Of Revenue": 1075300000.0,
        "EBITDA": 268800000.0,
        "EBIT": 149300000.0,
        "Net Interest Income": -33500000.0,
        "Interest Expense": 36400000.0,
        "Interest Income": 2900000.0,
        "Normalized Income": 90900000.0,
        "Net Income From Continuing And Discontinued Operation": 90900000.0,
        "Total Expenses": 1282600000.0,
        "Total Operating Income As Reported": 148400000.0,
        "Diluted Average Shares": 119200000.0,
        "Basic Average Shares": 117900000.0,
        "Diluted EPS": 0.76,
        "Basic EPS": 0.77,
        "Diluted NI Availto Com Stockholders": 90900000.0,
        "Net Income Common Stockholders": 90900000.0,
        "Net Income": 90900000.0,
        "Net Income Including Noncontrolling Interests": 90900000.0,
        "Net Income Continuous Operations": 90900000.0,
        "Tax Provision": 22000000.0,
        "Pretax Income": 112900000.0,
        "Other Income Expense": -2100000.0,
        "Other Non Operating Income Expenses": -2100000.0,
        "Net Non Operating Interest Income Expense": -33500000.0,
        "Interest Expense Non Operating": 36400000.0,
        "Interest Income Non Operating": 2900000.0,
        "Operating Income": 148500000.0,
        "Operating Expense": 207300000.0,
        "Selling General And Administration": 207300000.0,
        "Gross Profit": 355800000.0,
        "Cost Of Revenue": 1075300000.0,
        "Total Revenue": 1431100000.0,
        "Operating Revenue": 1431100000.0
    },
    "2023-12-31": {
        "Tax Effect Of Unusual Items": 0.0,
        "Tax Rate For Calcs": 0.199,
        "Normalized EBITDA": 245600000.0,
        "Net Income From Continuing Operation Net Minority Interest": 70300000.0,
        "Reconciled Depreciation": 118000000.0,
        "Reconciled Cost Of Revenue": 1057200000.0,
        "EBITDA": 245600000.0,
        "EBIT": 127600000.0,
        "Net Interest Income": -36300000.0,
        "Interest Expense": 40000000.0,
        "Interest Income": 3700000.0,
        "Normalized Income": 70300000.0,
        "Net Income From Continuing And Discontinued Operation": 70300000.0,
        "Total Expenses": 1280600000.0,
        "Total Operating Income As Reported": 124400000.0,
        "Diluted Average Shares": 119100000.0,
        "Basic Average Shares": 117700000.0,
        "Diluted EPS": 0.59,
        "Basic EPS": 0.6,
        "Diluted NI Availto Com Stockholders": 70300000.0,
        "Net Income Common Stockholders": 70300000.0,
        "Net Income": 70300000.0,
        "Net Income Including Noncontrolling Interests": 70300000.0,
        "Net Income Continuous Operations": 70300000.0,
        "Tax Provision": 17400000.0,
        "Pretax Income": 87600000.0,
        "Other Income Expense": -400000.0,
        "Other Non Operating Income Expenses": -400000.0,
        "Net Non Operating Interest Income Expense": -36300000.0,
        "Interest Expense Non Operating": 40000000.0,
        "Interest Income Non Operating": 3700000.0,
        "Operating Income": 124400000.0,
        "Operating Expense": 223400000.0,
        "Selling General And Administration": 223400000.0,
        "Gross Profit": 347800000.0,
        "Cost Of Revenue": 1057200000.0,
        "Total Revenue": 1405000000.0,
        "Operating Revenue": 1405000000.0
    },
    "2024-03-31": {
        "Tax Effect Of Unusual Items": NaN,
        "Tax Rate For Calcs": NaN,
        "Normalized EBITDA": NaN,
        "Net Income From Continuing Operation Net Minority Interest": NaN,
        "Reconciled Depreciation": NaN,
        "Reconciled Cost Of Revenue": NaN,
        "EBITDA": NaN,
        "EBIT": NaN,
        "Net Interest Income": NaN,
        "Interest Expense": NaN,
        "Interest Income": NaN,
        "Normalized Income": NaN,
        "Net Income From Continuing And Discontinued Operation": NaN,
        "Total Expenses": NaN,
        "Total Operating Income As Reported": NaN,
        "Diluted Average Shares": 119400000.0,
        "Basic Average Shares": 117800000.0,
        "Diluted EPS": 1.79,
        "Basic EPS": 1.81,
        "Diluted NI Availto Com Stockholders": NaN,
        "Net Income Common Stockholders": NaN,
        "Net Income": NaN,
        "Net Income Including Noncontrolling Interests": NaN,
        "Net Income Continuous Operations": NaN,
        "Tax Provision": NaN,
        "Pretax Income": NaN,
        "Other Income Expense": NaN,
        "Other Non Operating Income Expenses": NaN,
        "Net Non Operating Interest Income Expense": NaN,
        "Interest Expense Non Operating": NaN,
        "Interest Income Non Operating": NaN,
        "Operating Income": NaN,
        "Operating Expense": NaN,
        "Selling General And Administration": NaN,
        "Gross Profit": NaN,
        "Cost Of Revenue": NaN,
        "Total Revenue": NaN,
        "Operating Revenue": NaN
    },
    "2024-06-30": {
        "Tax Effect Of Unusual Items": 0.0,
        "Tax Rate For Calcs": 0.212092,
        "Normalized EBITDA": 525000000.0,
        "Net Income From Continuing Operation Net Minority Interest": 323200000.0,
        "Reconciled Depreciation": 79100000.0,
        "Reconciled Cost Of Revenue": 1253100000.0,
        "EBITDA": 525000000.0,
        "EBIT": 445900000.0,
        "Net Interest Income": -33000000.0,
        "Interest Expense": 35700000.0,
        "Interest Income": 2700000.0,
        "Normalized Income": 323200000.0,
        "Net Income From Continuing And Discontinued Operation": 323200000.0,
        "Total Expenses": 1502900000.0,
        "Total Operating Income As Reported": 441400000.0,
        "Diluted Average Shares": 118700000.0,
        "Basic Average Shares": 117500000.0,
        "Diluted EPS": 2.72,
        "Basic EPS": 2.75,
        "Diluted NI Availto Com Stockholders": 323200000.0,
        "Net Income Common Stockholders": 323200000.0,
        "Net Income": 323200000.0,
        "Net Income Including Noncontrolling Interests": 323200000.0,
        "Net Income Continuous Operations": 323200000.0,
        "Tax Provision": 87000000.0,
        "Pretax Income": 410200000.0,
        "Other Income Expense": 1800000.0,
        "Other Non Operating Income Expenses": 1800000.0,
        "Net Non Operating Interest Income Expense": -33000000.0,
        "Interest Expense Non Operating": 35700000.0,
        "Interest Income Non Operating": 2700000.0,
        "Operating Income": 441400000.0,
        "Operating Expense": 249800000.0,
        "Selling General And Administration": 249800000.0,
        "Gross Profit": 691200000.0,
        "Cost Of Revenue": 1253100000.0,
        "Total Revenue": 1944300000.0,
        "Operating Revenue": 1944300000.0
    },
    "2024-09-30": {
        "Tax Effect Of Unusual Items": 0.0,
        "Tax Rate For Calcs": 0.204387,
        "Normalized EBITDA": 216700000.0,
        "Net Income From Continuing Operation Net Minority Interest": 79800000.0,
        "Reconciled Depreciation": 80500000.0,
        "Reconciled Cost Of Revenue": 1075000000.0,
        "EBITDA": 216700000.0,
        "EBIT": 136200000.0,
        "Net Interest Income": -32300000.0,
        "Interest Expense": 35900000.0,
        "Interest Income": 3600000.0,
        "Normalized Income": 79800000.0,
        "Net Income From Continuing And Discontinued Operation": 79800000.0,
        "Total Expenses": 1288400000.0,
        "Total Operating Income As Reported": 134400000.0,
        "Diluted Average Shares": 118100000.0,
        "Basic Average Shares": 116900000.0,
        "Diluted EPS": 0.68,
        "Basic EPS": 0.68,
        "Diluted NI Availto Com Stockholders": 79800000.0,
        "Net Income Common Stockholders": 79800000.0,
        "Net Income": 79800000.0,
        "Net Income Including Noncontrolling Interests": 79800000.0,
        "Net Income Continuous Operations": 79800000.0,
        "Tax Provision": 20500000.0,
        "Pretax Income": 100300000.0,
        "Other Income Expense": -1900000.0,
        "Other Non Operating Income Expenses": -1900000.0,
        "Net Non Operating Interest Income Expense": -32300000.0,
        "Interest Expense Non Operating": 35900000.0,
        "Interest Income Non Operating": 3600000.0,
        "Operating Income": 134500000.0,
        "Operating Expense": 213400000.0,
        "Selling General And Administration": 213400000.0,
        "Gross Profit": 347900000.0,
        "Cost Of Revenue": 1075000000.0,
        "Total Revenue": 1422900000.0,
        "Operating Revenue": 1422900000.0
    },
    "2024-12-31": {
        "Tax Effect Of Unusual Items": 0.0,
        "Tax Rate For Calcs": 0.190909,
        "Normalized EBITDA": 294900000.0,
        "Net Income From Continuing Operation Net Minority Interest": 142400000.0,
        "Reconciled Depreciation": 82300000.0,
        "Reconciled Cost Of Revenue": 1145800000.0,
        "EBITDA": 294900000.0,
        "EBIT": 212600000.0,
        "Net Interest Income": -32800000.0,
        "Interest Expense": 36600000.0,
        "Interest Income": 3800000.0,
        "Normalized Income": 142400000.0,
        "Net Income From Continuing And Discontinued Operation": 142400000.0,
        "Total Expenses": 1378600000.0,
        "Total Operating Income As Reported": 210700000.0,
        "Diluted Average Shares": 118300000.0,
        "Basic Average Shares": 117100000.0,
        "Diluted EPS": 1.2,
        "Basic EPS": 1.22,
        "Diluted NI Availto Com Stockholders": 142400000.0,
        "Net Income Common Stockholders": 142400000.0,
        "Net Income": 142400000.0,
        "Net Income Including Noncontrolling Interests": 142400000.0,
        "Net Income Continuous Operations": 142400000.0,
        "Tax Provision": 33600000.0,
        "Pretax Income": 176000000.0,
        "Other Income Expense": -1900000.0,
        "Other Non Operating Income Expenses": -1900000.0,
        "Net Non Operating Interest Income Expense": -32800000.0,
        "Interest Expense Non Operating": 36600000.0,
        "Interest Income Non Operating": 3800000.0,
        "Operating Income": 210600000.0,
        "Operating Expense": 232800000.0,
        "Selling General And Administration": 232800000.0,
        "Gross Profit": 443400000.0,
        "Cost Of Revenue": 1145800000.0,
        "Total Revenue": 1589200000.0,
        "Operating Revenue": 1589200000.0
    },
    "2025-03-31": {
        "Tax Effect Of Unusual Items": 0.0,
        "Tax Rate For Calcs": 0.218,
        "Normalized EBITDA": 425800000.0,
        "Net Income From Continuing Operation Net Minority Interest": 243100000.0,
        "Reconciled Depreciation": 81400000.0,
        "Reconciled Cost Of Revenue": 1235900000.0,
        "EBITDA": 425800000.0,
        "EBIT": 344400000.0,
        "Net Interest Income": -31100000.0,
        "Interest Expense": 33500000.0,
        "Interest Income": 2400000.0,
        "Normalized Income": 243100000.0,
        "Net Income From Continuing And Discontinued Operation": 243100000.0,
        "Total Expenses": 1466800000.0,
        "Total Operating Income As Reported": 344900000.0,
        "Diluted Average Shares": 118500000.0,
        "Basic Average Shares": 117200000.0,
        "Diluted EPS": 2.05,
        "Basic EPS": 2.07,
        "Diluted NI Availto Com Stockholders": 243100000.0,
        "Net Income Common Stockholders": 243100000.0,
        "Net Income": 243100000.0,
        "Net Income Including Noncontrolling Interests": 243100000.0,
        "Net Income Continuous Operations": 243100000.0,
        "Tax Provision": 67800000.0,
        "Pretax Income": 310900000.0,
        "Other Income Expense": -2800000.0,
        "Other Non Operating Income Expenses": -2800000.0,
        "Net Non Operating Interest Income Expense": -31100000.0,
        "Interest Expense Non Operating": 33500000.0,
        "Interest Income Non Operating": 2400000.0,
        "Operating Income": 344900000.0,
        "Operating Expense": 230900000.0,
        "Selling General And Administration": 230900000.0,
        "Gross Profit": 575800000.0,
        "Cost Of Revenue": 1235900000.0,
        "Total Revenue": 1811700000.0,
        "Operating Revenue": 1811700000.0
    },
    "2025-06-30": {
        "Tax Effect Of Unusual Items": 0.0,
        "Tax Rate For Calcs": 0.206363,
        "Normalized EBITDA": 584400000.0,
        "Net Income From Continuing Operation Net Minority Interest": 374200000.0,
        "Reconciled Depreciation": 83100000.0,
        "Reconciled Cost Of Revenue": 1295600000.0,
        "EBITDA": 584400000.0,
        "EBIT": 501300000.0,
        "Net Interest Income": -26500000.0,
        "Interest Expense": 29800000.0,
        "Interest Income": 3300000.0,
        "Normalized Income": 374200000.0,
        "Net Income From Continuing And Discontinued Operation": 374200000.0,
        "Total Expenses": 1566700000.0,
        "Total Operating Income As Reported": 498700000.0,
        "Diluted Average Shares": 118300000.0,
        "Basic Average Shares": 117400000.0,
        "Diluted EPS": 3.16,
        "Basic EPS": 3.19,
        "Diluted NI Availto Com Stockholders": 374200000.0,
        "Net Income Common Stockholders": 374200000.0,
        "Net Income": 374200000.0,
        "Net Income Including Noncontrolling Interests": 374200000.0,
        "Net Income Continuous Operations": 374200000.0,
        "Tax Provision": 97300000.0,
        "Pretax Income": 471500000.0,
        "Other Income Expense": -500000.0,
        "Other Non Operating Income Expenses": -500000.0,
        "Net Non Operating Interest Income Expense": -26500000.0,
        "Interest Expense Non Operating": 29800000.0,
        "Interest Income Non Operating": 3300000.0,
        "Operating Income": 498700000.0,
        "Operating Expense": 271100000.0,
        "Selling General And Administration": 271100000.0,
        "Gross Profit": 769800000.0,
        "Cost Of Revenue": 1295600000.0,
        "Total Revenue": 2065400000.0,
        "Operating Revenue": 2065400000.0
    },
    "2025-09-30": {
        "Tax Effect Of Unusual Items": 0.0,
        "Tax Rate For Calcs": 0.223839,
        "Normalized EBITDA": 324500000.0,
        "Net Income From Continuing Operation Net Minority Interest": 165400000.0,
        "Reconciled Depreciation": 83500000.0,
        "Reconciled Cost Of Revenue": 1166800000.0,
        "EBITDA": 324500000.0,
        "EBIT": 241000000.0,
        "Net Interest Income": -24200000.0,
        "Interest Expense": 27900000.0,
        "Interest Income": 3700000.0,
        "Normalized Income": 165400000.0,
        "Net Income From Continuing And Discontinued Operation": 165400000.0,
        "Total Expenses": 1400700000.0,
        "Total Operating Income As Reported": 188800000.0,
        "Diluted Average Shares": 118000000.0,
        "Basic Average Shares": 117000000.0,
        "Diluted EPS": 1.4,
        "Basic EPS": 1.41,
        "Diluted NI Availto Com Stockholders": 165400000.0,
        "Net Income Common Stockholders": 165400000.0,
        "Net Income": 165400000.0,
        "Net Income Including Noncontrolling Interests": 165400000.0,
        "Net Income Continuous Operations": 165400000.0,
        "Tax Provision": 47700000.0,
        "Pretax Income": 213100000.0,
        "Other Income Expense": 48500000.0,
        "Other Non Operating Income Expenses": 48500000.0,
        "Net Non Operating Interest Income Expense": -24200000.0,
        "Interest Expense Non Operating": 27900000.0,
        "Interest Income Non Operating": 3700000.0,
        "Operating Income": 188700000.0,
        "Operating Expense": 233900000.0,
        "Selling General And Administration": 233900000.0,
        "Gross Profit": 422600000.0,
        "Cost Of Revenue": 1166800000.0,
        "Total Revenue": 1589400000.0,
        "Operating Revenue": 1589400000.0
    },
    "2025-12-31": {
        "Tax Effect Of Unusual Items": 0.0,
        "Tax Rate For Calcs": 0.231496,
        "Normalized EBITDA": 482700000.0,
        "Net Income From Continuing Operation Net Minority Interest": 284600000.0,
        "Reconciled Depreciation": 84800000.0,
        "Reconciled Cost Of Revenue": 1240300000.0,
        "EBITDA": 482700000.0,
        "EBIT": 397900000.0,
        "Net Interest Income": -23800000.0,
        "Interest Expense": 27700000.0,
        "Interest Income": 3900000.0,
        "Normalized Income": 284600000.0,
        "Net Income From Continuing And Discontinued Operation": 284600000.0,
        "Total Expenses": 1507800000.0,
        "Total Operating Income As Reported": 206000000.0,
        "Diluted Average Shares": 117700000.0,
        "Basic Average Shares": 116800000.0,
        "Diluted EPS": 2.42,
        "Basic EPS": 2.44,
        "Diluted NI Availto Com Stockholders": 284600000.0,
        "Net Income Common Stockholders": 284600000.0,
        "Net Income": 284600000.0,
        "Net Income Including Noncontrolling Interests": 284600000.0,
        "Net Income Continuous Operations": 284600000.0,
        "Tax Provision": 85700000.0,
        "Pretax Income": 370200000.0,
        "Other Income Expense": 188000000.0,
        "Other Non Operating Income Expenses": 188000000.0,
        "Net Non Operating Interest Income Expense": -23800000.0,
        "Interest Expense Non Operating": 27700000.0,
        "Interest Income Non Operating": 3900000.0,
        "Operating Income": 206100000.0,
        "Operating Expense": 267500000.0,
        "Selling General And Administration": 267500000.0,
        "Gross Profit": 473600000.0,
        "Cost Of Revenue": 1240300000.0,
        "Total Revenue": 1713900000.0,
        "Operating Revenue": 1713900000.0
    }
}