{
    "2023-03-31": {
        "Tax Effect Of Unusual Items": NaN,
        "Tax Rate For Calcs": NaN,
        "Normalized EBITDA": NaN,
        "Total Unusual Items": 0.0,
        "Total Unusual Items Excluding Goodwill": 0.0,
        "Net Income From Continuing Operation Net Minority Interest": NaN,
        "Reconciled Depreciation": NaN,
        "Reconciled Cost Of Revenue": NaN,
        "EBITDA": NaN,
        "EBIT": NaN,
        "Net Interest Income": NaN,
        "Interest Expense": NaN,
        "Normalized Income": NaN,
        "Net Income From Continuing And Discontinued Operation": NaN,
        "Total Expenses": NaN,
        "Total Operating Income As Reported": NaN,
        "Diluted Average Shares": 134500000.0,
        "Basic Average Shares": 133400000.0,
        "Diluted EPS": 0.23,
        "Basic EPS": 0.23,
        "Diluted NI Availto Com Stockholders": NaN,
        "Average Dilution Earnings": NaN,
        "Net Income Common Stockholders": NaN,
        "Net Income": NaN,
        "Minority Interests": 0.0,
        "Net Income Including Noncontrolling Interests": NaN,
        "Net Income Continuous Operations": NaN,
        "Tax Provision": NaN,
        "Pretax Income": NaN,
        "Special Income Charges": 0.0,
        "Net Non Operating Interest Income Expense": NaN,
        "Interest Expense Non Operating": NaN,
        "Operating Income": NaN,
        "Operating Expense": NaN,
        "Depreciation Amortization Depletion Income Statement": NaN,
        "Depreciation And Amortization In Income Statement": NaN,
        "Amortization": NaN,
        "Amortization Of Intangibles Income Statement": NaN,
        "Selling General And Administration": NaN,
        "Gross Profit": NaN,
        "Cost Of Revenue": NaN,
        "Total Revenue": NaN,
        "Operating Revenue": NaN
    },
    "2022-12-31": {
        "Tax Effect Of Unusual Items": NaN,
        "Tax Rate For Calcs": NaN,
        "Normalized EBITDA": NaN,
        "Total Unusual Items": NaN,
        "Total Unusual Items Excluding Goodwill": NaN,
        "Net Income From Continuing Operation Net Minority Interest": NaN,
        "Reconciled Depreciation": NaN,
        "Reconciled Cost Of Revenue": NaN,
        "EBITDA": NaN,
        "EBIT": NaN,
        "Net Interest Income": NaN,
        "Interest Expense": NaN,
        "Normalized Income": NaN,
        "Net Income From Continuing And Discontinued Operation": NaN,
        "Total Expenses": NaN,
        "Total Operating Income As Reported": NaN,
        "Diluted Average Shares": NaN,
        "Basic Average Shares": NaN,
        "Diluted EPS": NaN,
        "Basic EPS": NaN,
        "Diluted NI Availto Com Stockholders": NaN,
        "Average Dilution Earnings": 0.0,
        "Net Income Common Stockholders": NaN,
        "Net Income": NaN,
        "Minority Interests": 0.0,
        "Net Income Including Noncontrolling Interests": NaN,
        "Net Income Continuous Operations": NaN,
        "Tax Provision": NaN,
        "Pretax Income": NaN,
        "Special Income Charges": NaN,
        "Net Non Operating Interest Income Expense": NaN,
        "Interest Expense Non Operating": NaN,
        "Operating Income": NaN,
        "Operating Expense": NaN,
        "Depreciation Amortization Depletion Income Statement": NaN,
        "Depreciation And Amortization In Income Statement": NaN,
        "Amortization": NaN,
        "Amortization Of Intangibles Income Statement": NaN,
        "Selling General And Administration": NaN,
        "Gross Profit": NaN,
        "Cost Of Revenue": NaN,
        "Total Revenue": NaN,
        "Operating Revenue": NaN
    },
    "2022-09-30": {
        "Tax Effect Of Unusual Items": NaN,
        "Tax Rate For Calcs": NaN,
        "Normalized EBITDA": NaN,
        "Total Unusual Items": 0.0,
        "Total Unusual Items Excluding Goodwill": 0.0,
        "Net Income From Continuing Operation Net Minority Interest": NaN,
        "Reconciled Depreciation": NaN,
        "Reconciled Cost Of Revenue": NaN,
        "EBITDA": NaN,
        "EBIT": NaN,
        "Net Interest Income": NaN,
        "Interest Expense": NaN,
        "Normalized Income": NaN,
        "Net Income From Continuing And Discontinued Operation": NaN,
        "Total Expenses": NaN,
        "Total Operating Income As Reported": NaN,
        "Diluted Average Shares": NaN,
        "Basic Average Shares": NaN,
        "Diluted EPS": NaN,
        "Basic EPS": NaN,
        "Diluted NI Availto Com Stockholders": NaN,
        "Average Dilution Earnings": NaN,
        "Net Income Common Stockholders": NaN,
        "Net Income": NaN,
        "Minority Interests": 0.0,
        "Net Income Including Noncontrolling Interests": NaN,
        "Net Income Continuous Operations": NaN,
        "Tax Provision": NaN,
        "Pretax Income": NaN,
        "Other Income Expense": 0.0,
        "Special Income Charges": 0.0,
        "Other Special Charges": 0.0,
        "Net Non Operating Interest Income Expense": NaN,
        "Interest Expense Non Operating": NaN,
        "Operating Income": NaN,
        "Operating Expense": NaN,
        "Depreciation Amortization Depletion Income Statement": NaN,
        "Depreciation And Amortization In Income Statement": NaN,
        "Amortization": NaN,
        "Amortization Of Intangibles Income Statement": NaN,
        "Selling General And Administration": NaN,
        "Gross Profit": NaN,
        "Cost Of Revenue": NaN,
        "Total Revenue": NaN,
        "Operating Revenue": NaN
    },
    "2022-06-30": {
        "Tax Effect Of Unusual Items": 0.0,
        "Tax Rate For Calcs": 0.242,
        "Normalized EBITDA": 72800000.0,
        "Total Unusual Items": 0.0,
        "Total Unusual Items Excluding Goodwill": 0.0,
        "Net Income From Continuing Operation Net Minority Interest": 39100000.0,
        "Reconciled Depreciation": 5300000.0,
        "Reconciled Cost Of Revenue": 250000000.0,
        "EBITDA": 72800000.0,
        "EBIT": 67500000.0,
        "Net Interest Income": -15900000.0,
        "Interest Expense": 15900000.0,
        "Normalized Income": 39100000.0,
        "Net Income From Continuing And Discontinued Operation": 39100000.0,
        "Total Expenses": 303100000.0,
        "Total Operating Income As Reported": 67500000.0,
        "Diluted Average Shares": 136700000.0,
        "Basic Average Shares": 136300000.0,
        "Diluted EPS": 0.29,
        "Basic EPS": 0.29,
        "Diluted NI Availto Com Stockholders": 39100000.0,
        "Average Dilution Earnings": 0.0,
        "Net Income Common Stockholders": 39100000.0,
        "Net Income": 39100000.0,
        "Minority Interests": 0.0,
        "Net Income Including Noncontrolling Interests": 39100000.0,
        "Net Income Continuous Operations": 39100000.0,
        "Tax Provision": 12500000.0,
        "Pretax Income": 51600000.0,
        "Other Income Expense": NaN,
        "Special Income Charges": 0.0,
        "Other Special Charges": NaN,
        "Net Non Operating Interest Income Expense": -15900000.0,
        "Interest Expense Non Operating": 15900000.0,
        "Operating Income": 67500000.0,
        "Operating Expense": 52700000.0,
        "Depreciation Amortization Depletion Income Statement": 4900000.0,
        "Depreciation And Amortization In Income Statement": 4900000.0,
        "Amortization": 4900000.0,
        "Amortization Of Intangibles Income Statement": 4900000.0,
        "Selling General And Administration": 47800000.0,
        "Gross Profit": 120200000.0,
        "Cost Of Revenue": 250400000.0,
        "Total Revenue": 370600000.0,
        "Operating Revenue": 370600000.0
    },
    "2022-03-31": {
        "Diluted EPS": 0.02,
        "Total Revenue": 315,
        "Gross Profit": 87,
        "Operating Income": 33,
        "EBIT": 39,
        "Net Income": 1
    },
    "2021-12-31": {
        "Diluted EPS": 0.21,
        "Total Revenue": 307,
        "Gross Profit": 92,
        "Operating Income": 51,
        "EBIT": 56,
        "Net Income": 8
    },
    "2021-09-30": {
        "Diluted EPS": 0.24,
        "Total Revenue": 340,
        "Gross Profit": 96,
        "Operating Income": 53,
        "EBIT": 59,
        "Net Income": 10
    },
    "2021-06-30": {
        "Diluted EPS": 0.24,
        "Total Revenue": 343,
        "Gross Profit": 111,
        "Operating Income": 52,
        "EBIT": 69,
        "Net Income": 10
    },
    "2021-03-31": {
        "Diluted EPS": 0.02,
        "Total Revenue": 282,
        "Gross Profit": 87,
        "Operating Income": 16,
        "EBIT": 40,
        "Net Income": 1
    },
    "2020-12-31": {
        "Diluted EPS": 0.2,
        "Total Revenue": 282,
        "Gross Profit": 92,
        "Operating Income": 48,
        "EBIT": 55,
        "Net Income": 8
    },
    "2020-09-30": {
        "Diluted EPS": 0.26,
        "Total Revenue": 283,
        "Gross Profit": 90,
        "Operating Income": 49,
        "EBIT": 55,
        "Net Income": 10
    },
    "2020-06-30": {
        "Diluted EPS": 0.08,
        "Total Revenue": 204,
        "Gross Profit": 69,
        "Operating Income": 31,
        "EBIT": 37,
        "Net Income": 3
    },
    "2020-03-31": {
        "Diluted EPS": 0.11,
        "Total Revenue": 258,
        "Gross Profit": 88,
        "Operating Income": 35,
        "EBIT": 42,
        "Net Income": 4
    },
    "2019-12-31": {
        "Diluted EPS": 0.15,
        "Total Revenue": 244,
        "Gross Profit": 91,
        "Operating Income": 49,
        "EBIT": 56,
        "Net Income": 6
    },
    "2019-09-30": {
        "Diluted EPS": 0.0,
        "Total Revenue": 215,
        "Gross Profit": 77,
        "Operating Income": 36,
        "EBIT": 42,
        "Net Income": 27
    },
    "2019-06-30": {
        "Diluted EPS": 0.0,
        "Total Revenue": 238,
        "Gross Profit": 91,
        "Operating Income": 53,
        "EBIT": 59,
        "Net Income": 0
    },
    "2019-03-31": {
        "Diluted EPS": 0.0,
        "Total Revenue": 217,
        "Gross Profit": 79,
        "Operating Income": 41,
        "EBIT": 47,
        "Net Income": NaN
    },
    "2018-12-31": {
        "Diluted EPS": 0.0,
        "Total Revenue": 186,
        "Gross Profit": 66,
        "Operating Income": 33,
        "EBIT": 39,
        "Net Income": NaN
    },
    "2018-09-30": {
        "Diluted EPS": 0.0,
        "Total Revenue": NaN,
        "Gross Profit": NaN,
        "Operating Income": NaN,
        "EBIT": NaN,
        "Net Income": NaN
    },
    "2023-06-30": {
        "Tax Effect Of Unusual Items": NaN,
        "Tax Rate For Calcs": NaN,
        "Normalized EBITDA": NaN,
        "Total Unusual Items": 0.0,
        "Total Unusual Items Excluding Goodwill": 0.0,
        "Net Income From Continuing Operation Net Minority Interest": NaN,
        "Reconciled Depreciation": NaN,
        "Reconciled Cost Of Revenue": NaN,
        "EBITDA": NaN,
        "EBIT": NaN,
        "Net Interest Income": NaN,
        "Interest Expense": NaN,
        "Normalized Income": NaN,
        "Net Income From Continuing And Discontinued Operation": NaN,
        "Total Expenses": NaN,
        "Total Operating Income As Reported": NaN,
        "Diluted Average Shares": 133800000.0,
        "Basic Average Shares": 132400000.0,
        "Diluted EPS": 0.33,
        "Basic EPS": 0.33,
        "Diluted NI Availto Com Stockholders": NaN,
        "Average Dilution Earnings": 0.0,
        "Net Income Common Stockholders": NaN,
        "Net Income": NaN,
        "Minority Interests": 0.0,
        "Net Income Including Noncontrolling Interests": NaN,
        "Net Income Continuous Operations": NaN,
        "Tax Provision": NaN,
        "Pretax Income": NaN,
        "Special Income Charges": 0.0,
        "Net Non Operating Interest Income Expense": NaN,
        "Interest Expense Non Operating": NaN,
        "Operating Income": NaN,
        "Operating Expense": NaN,
        "Depreciation Amortization Depletion Income Statement": NaN,
        "Depreciation And Amortization In Income Statement": NaN,
        "Amortization": NaN,
        "Amortization Of Intangibles Income Statement": NaN,
        "Selling General And Administration": NaN,
        "Gross Profit": NaN,
        "Cost Of Revenue": NaN,
        "Total Revenue": NaN,
        "Operating Revenue": NaN
    },
    "2023-09-30": {
        "Tax Effect Of Unusual Items": NaN,
        "Tax Rate For Calcs": NaN,
        "Normalized EBITDA": NaN,
        "Total Unusual Items": 0.0,
        "Total Unusual Items Excluding Goodwill": 0.0,
        "Net Income From Continuing Operation Net Minority Interest": NaN,
        "Reconciled Depreciation": NaN,
        "Reconciled Cost Of Revenue": NaN,
        "EBITDA": NaN,
        "EBIT": NaN,
        "Net Interest Income": NaN,
        "Interest Expense": NaN,
        "Normalized Income": NaN,
        "Net Income From Continuing And Discontinued Operation": NaN,
        "Total Expenses": NaN,
        "Total Operating Income As Reported": NaN,
        "Diluted Average Shares": NaN,
        "Basic Average Shares": NaN,
        "Diluted EPS": NaN,
        "Basic EPS": NaN,
        "Diluted NI Availto Com Stockholders": NaN,
        "Average Dilution Earnings": 0.0,
        "Net Income Common Stockholders": NaN,
        "Net Income": NaN,
        "Minority Interests": 0.0,
        "Net Income Including Noncontrolling Interests": NaN,
        "Net Income Continuous Operations": NaN,
        "Tax Provision": NaN,
        "Pretax Income": NaN,
        "Special Income Charges": 0.0,
        "Net Non Operating Interest Income Expense": NaN,
        "Interest Expense Non Operating": NaN,
        "Operating Income": NaN,
        "Operating Expense": NaN,
        "Depreciation Amortization Depletion Income Statement": NaN,
        "Depreciation And Amortization In Income Statement": NaN,
        "Amortization": NaN,
        "Amortization Of Intangibles Income Statement": NaN,
        "Selling General And Administration": NaN,
        "Gross Profit": NaN,
        "Cost Of Revenue": NaN,
        "Total Revenue": NaN,
        "Operating Revenue": NaN
    },
    "2023-12-31": {
        "Tax Effect Of Unusual Items": 0.0,
        "Tax Rate For Calcs": 0.244,
        "Normalized EBITDA": 95600000.0,
        "Total Unusual Items": NaN,
        "Total Unusual Items Excluding Goodwill": NaN,
        "Net Income From Continuing Operation Net Minority Interest": 43900000.0,
        "Reconciled Depreciation": 22600000.0,
        "Reconciled Cost Of Revenue": 282000000.0,
        "EBITDA": 95600000.0,
        "EBIT": 73000000.0,
        "Net Interest Income": -14900000.0,
        "Interest Expense": 14900000.0,
        "Normalized Income": 43900000.0,
        "Net Income From Continuing And Discontinued Operation": 43900000.0,
        "Total Expenses": 357400000.0,
        "Total Operating Income As Reported": 73000000.0,
        "Diluted Average Shares": 133000000.0,
        "Basic Average Shares": 131200000.0,
        "Diluted EPS": 0.33,
        "Basic EPS": 0.33,
        "Diluted NI Availto Com Stockholders": 43900000.0,
        "Average Dilution Earnings": NaN,
        "Net Income Common Stockholders": 43900000.0,
        "Net Income": 43900000.0,
        "Minority Interests": NaN,
        "Net Income Including Noncontrolling Interests": 43900000.0,
        "Net Income Continuous Operations": 43900000.0,
        "Tax Provision": 14200000.0,
        "Pretax Income": 58100000.0,
        "Special Income Charges": NaN,
        "Net Non Operating Interest Income Expense": -14900000.0,
        "Interest Expense Non Operating": 14900000.0,
        "Operating Income": 73000000.0,
        "Operating Expense": 75000000.0,
        "Depreciation Amortization Depletion Income Statement": 22200000.0,
        "Depreciation And Amortization In Income Statement": 22200000.0,
        "Amortization": 22200000.0,
        "Amortization Of Intangibles Income Statement": 22200000.0,
        "Selling General And Administration": 52800000.0,
        "Gross Profit": 148000000.0,
        "Cost Of Revenue": 282400000.0,
        "Total Revenue": 430400000.0,
        "Operating Revenue": 419700000.0
    },
    "2024-03-31": {
        "Tax Effect Of Unusual Items": 0.0,
        "Tax Rate For Calcs": 0.252288,
        "Normalized EBITDA": 95600000.0,
        "Net Income From Continuing Operation Net Minority Interest": 57200000.0,
        "Reconciled Depreciation": 4600000.0,
        "Reconciled Cost Of Revenue": 329900000.0,
        "EBITDA": 95600000.0,
        "EBIT": 91000000.0,
        "Net Interest Income": -14500000.0,
        "Interest Expense": 14500000.0,
        "Normalized Income": 57200000.0,
        "Net Income From Continuing And Discontinued Operation": 57200000.0,
        "Total Expenses": 403600000.0,
        "Total Operating Income As Reported": 91000000.0,
        "Diluted Average Shares": 133000000.0,
        "Basic Average Shares": 131000000.0,
        "Diluted EPS": 0.43,
        "Basic EPS": 0.43,
        "Diluted NI Availto Com Stockholders": 57200000.0,
        "Net Income Common Stockholders": 57200000.0,
        "Net Income": 57200000.0,
        "Net Income Including Noncontrolling Interests": 57200000.0,
        "Net Income Continuous Operations": 57200000.0,
        "Tax Provision": 19300000.0,
        "Pretax Income": 76500000.0,
        "Net Non Operating Interest Income Expense": -14500000.0,
        "Interest Expense Non Operating": 14500000.0,
        "Operating Income": 91000000.0,
        "Operating Expense": 73300000.0,
        "Depreciation Amortization Depletion Income Statement": 4200000.0,
        "Depreciation And Amortization In Income Statement": 4200000.0,
        "Amortization": 4200000.0,
        "Amortization Of Intangibles Income Statement": 4200000.0,
        "Selling General And Administration": 69100000.0,
        "Gross Profit": 164300000.0,
        "Cost Of Revenue": 330300000.0,
        "Total Revenue": 494600000.0,
        "Operating Revenue": 482000000.0
    },
    "2024-06-30": {
        "Tax Effect Of Unusual Items": 0.0,
        "Tax Rate For Calcs": 0.24177,
        "Normalized EBITDA": 116200000.0,
        "Net Income From Continuing Operation Net Minority Interest": 73700000.0,
        "Reconciled Depreciation": 4600000.0,
        "Reconciled Cost Of Revenue": 325200000.0,
        "EBITDA": 116200000.0,
        "EBIT": 111600000.0,
        "Net Interest Income": -14400000.0,
        "Interest Expense": 14400000.0,
        "Normalized Income": 73700000.0,
        "Net Income From Continuing And Discontinued Operation": 73700000.0,
        "Total Expenses": 403800000.0,
        "Total Operating Income As Reported": 111600000.0,
        "Diluted Average Shares": 132100000.0,
        "Basic Average Shares": 130000000.0,
        "Diluted EPS": 0.56,
        "Basic EPS": 0.57,
        "Diluted NI Availto Com Stockholders": 73700000.0,
        "Net Income Common Stockholders": 73700000.0,
        "Net Income": 73700000.0,
        "Net Income Including Noncontrolling Interests": 73700000.0,
        "Net Income Continuous Operations": 73700000.0,
        "Tax Provision": 23500000.0,
        "Pretax Income": 97200000.0,
        "Net Non Operating Interest Income Expense": -14400000.0,
        "Interest Expense Non Operating": 14400000.0,
        "Operating Income": 111600000.0,
        "Operating Expense": 78300000.0,
        "Depreciation Amortization Depletion Income Statement": 4300000.0,
        "Depreciation And Amortization In Income Statement": 4300000.0,
        "Amortization": 4300000.0,
        "Amortization Of Intangibles Income Statement": 4300000.0,
        "Selling General And Administration": 74000000.0,
        "Gross Profit": 189900000.0,
        "Cost Of Revenue": 325500000.0,
        "Total Revenue": 515400000.0,
        "Operating Revenue": 502300000.0
    },
    "2024-09-30": {
        "Tax Effect Of Unusual Items": 0.0,
        "Tax Rate For Calcs": 0.265369,
        "Normalized EBITDA": 116800000.0,
        "Net Income From Continuing Operation Net Minority Interest": 71700000.0,
        "Reconciled Depreciation": 4700000.0,
        "Reconciled Cost Of Revenue": 350300000.0,
        "EBITDA": 116800000.0,
        "EBIT": 112100000.0,
        "Net Interest Income": -14500000.0,
        "Interest Expense": 14500000.0,
        "Normalized Income": 71700000.0,
        "Net Income From Continuing And Discontinued Operation": 71700000.0,
        "Total Expenses": 443700000.0,
        "Total Operating Income As Reported": 112100000.0,
        "Diluted Average Shares": 131100000.0,
        "Basic Average Shares": 129100000.0,
        "Diluted EPS": 0.55,
        "Basic EPS": 0.56,
        "Diluted NI Availto Com Stockholders": 71700000.0,
        "Net Income Common Stockholders": 71700000.0,
        "Net Income": 71700000.0,
        "Net Income Including Noncontrolling Interests": 71700000.0,
        "Net Income Continuous Operations": 71700000.0,
        "Tax Provision": 25900000.0,
        "Pretax Income": 97600000.0,
        "Net Non Operating Interest Income Expense": -14500000.0,
        "Interest Expense Non Operating": 14500000.0,
        "Operating Income": 112100000.0,
        "Operating Expense": 93000000.0,
        "Depreciation Amortization Depletion Income Statement": 4300000.0,
        "Depreciation And Amortization In Income Statement": 4300000.0,
        "Amortization": 4300000.0,
        "Amortization Of Intangibles Income Statement": 4300000.0,
        "Selling General And Administration": 88700000.0,
        "Gross Profit": 205100000.0,
        "Cost Of Revenue": 350700000.0,
        "Total Revenue": 555800000.0,
        "Operating Revenue": 542000000.0
    },
    "2024-12-31": {
        "Tax Effect Of Unusual Items": 0.0,
        "Tax Rate For Calcs": 0.238,
        "Normalized EBITDA": 119900000.0,
        "Net Income From Continuing Operation Net Minority Interest": 76900000.0,
        "Reconciled Depreciation": 4600000.0,
        "Reconciled Cost Of Revenue": 332900000.0,
        "EBITDA": 119900000.0,
        "EBIT": 115300000.0,
        "Net Interest Income": -14400000.0,
        "Interest Expense": 14400000.0,
        "Normalized Income": 76900000.0,
        "Net Income From Continuing And Discontinued Operation": 76900000.0,
        "Total Expenses": 417600000.0,
        "Total Operating Income As Reported": 115300000.0,
        "Diluted Average Shares": 131100000.0,
        "Basic Average Shares": 128900000.0,
        "Diluted EPS": 0.59,
        "Basic EPS": 0.59,
        "Diluted NI Availto Com Stockholders": 76900000.0,
        "Net Income Common Stockholders": 76900000.0,
        "Net Income": 76900000.0,
        "Net Income Including Noncontrolling Interests": 76900000.0,
        "Net Income Continuous Operations": 76900000.0,
        "Tax Provision": 24000000.0,
        "Pretax Income": 100900000.0,
        "Net Non Operating Interest Income Expense": -14400000.0,
        "Interest Expense Non Operating": 14400000.0,
        "Operating Income": 115300000.0,
        "Operating Expense": 84300000.0,
        "Depreciation Amortization Depletion Income Statement": 4200000.0,
        "Depreciation And Amortization In Income Statement": 4200000.0,
        "Amortization": 4200000.0,
        "Amortization Of Intangibles Income Statement": 4200000.0,
        "Selling General And Administration": 80100000.0,
        "Gross Profit": 199600000.0,
        "Cost Of Revenue": 333300000.0,
        "Total Revenue": 532900000.0,
        "Operating Revenue": 520700000.0
    },
    "2025-03-31": {
        "Tax Effect Of Unusual Items": 0.0,
        "Tax Rate For Calcs": 0.253,
        "Normalized EBITDA": 99700000.0,
        "Net Income From Continuing Operation Net Minority Interest": 58700000.0,
        "Reconciled Depreciation": 4600000.0,
        "Reconciled Cost Of Revenue": 397800000.0,
        "EBITDA": 99700000.0,
        "EBIT": 95100000.0,
        "Net Interest Income": -16500000.0,
        "Interest Expense": 16500000.0,
        "Normalized Income": 58700000.0,
        "Net Income From Continuing And Discontinued Operation": 58700000.0,
        "Total Expenses": 492900000.0,
        "Total Operating Income As Reported": 95100000.0,
        "Diluted Average Shares": 129900000.0,
        "Basic Average Shares": 128200000.0,
        "Diluted EPS": 0.45,
        "Basic EPS": 0.46,
        "Diluted NI Availto Com Stockholders": 58700000.0,
        "Net Income Common Stockholders": 58700000.0,
        "Net Income": 58700000.0,
        "Net Income Including Noncontrolling Interests": 58700000.0,
        "Net Income Continuous Operations": 58700000.0,
        "Tax Provision": 19900000.0,
        "Pretax Income": 78600000.0,
        "Net Non Operating Interest Income Expense": -16500000.0,
        "Interest Expense Non Operating": 16500000.0,
        "Operating Income": 95100000.0,
        "Operating Expense": 94700000.0,
        "Depreciation Amortization Depletion Income Statement": 4200000.0,
        "Depreciation And Amortization In Income Statement": 4200000.0,
        "Amortization": 4200000.0,
        "Amortization Of Intangibles Income Statement": 4200000.0,
        "Selling General And Administration": 90500000.0,
        "Gross Profit": 189800000.0,
        "Cost Of Revenue": 398200000.0,
        "Total Revenue": 588000000.0,
        "Operating Revenue": 575500000.0
    },
    "2025-06-30": {
        "Tax Effect Of Unusual Items": 0.0,
        "Tax Rate For Calcs": 0.204545,
        "Normalized EBITDA": 49400000.0,
        "Net Income From Continuing Operation Net Minority Interest": 21000000.0,
        "Reconciled Depreciation": 4600000.0,
        "Reconciled Cost Of Revenue": 353600000.0,
        "EBITDA": 49400000.0,
        "EBIT": 44800000.0,
        "Net Interest Income": -18400000.0,
        "Interest Expense": 18400000.0,
        "Normalized Income": 21000000.0,
        "Net Income From Continuing And Discontinued Operation": 21000000.0,
        "Total Expenses": 502700000.0,
        "Total Operating Income As Reported": 44800000.0,
        "Diluted Average Shares": 128000000.0,
        "Basic Average Shares": 126600000.0,
        "Diluted EPS": 0.16,
        "Basic EPS": 0.17,
        "Diluted NI Availto Com Stockholders": 21000000.0,
        "Net Income Common Stockholders": 21000000.0,
        "Net Income": 21000000.0,
        "Net Income Including Noncontrolling Interests": 21000000.0,
        "Net Income Continuous Operations": 21000000.0,
        "Tax Provision": 5400000.0,
        "Pretax Income": 26400000.0,
        "Net Non Operating Interest Income Expense": -18400000.0,
        "Interest Expense Non Operating": 18400000.0,
        "Operating Income": 44800000.0,
        "Operating Expense": 148800000.0,
        "Depreciation Amortization Depletion Income Statement": 4300000.0,
        "Depreciation And Amortization In Income Statement": 4300000.0,
        "Amortization": 4300000.0,
        "Amortization Of Intangibles Income Statement": 4300000.0,
        "Selling General And Administration": 144500000.0,
        "Gross Profit": 193600000.0,
        "Cost Of Revenue": 353900000.0,
        "Total Revenue": 547500000.0,
        "Operating Revenue": 530700000.0
    }
}