{
    "2023-04-30": {
        "Tax Effect Of Unusual Items": NaN,
        "Tax Rate For Calcs": NaN,
        "Normalized EBITDA": NaN,
        "Total Unusual Items": NaN,
        "Total Unusual Items Excluding Goodwill": NaN,
        "Net Income From Continuing Operation Net Minority Interest": NaN,
        "Reconciled Depreciation": NaN,
        "Reconciled Cost Of Revenue": NaN,
        "EBITDA": NaN,
        "EBIT": NaN,
        "Net Interest Income": NaN,
        "Interest Expense": NaN,
        "Normalized Income": NaN,
        "Net Income From Continuing And Discontinued Operation": NaN,
        "Total Expenses": NaN,
        "Total Operating Income As Reported": NaN,
        "Diluted Average Shares": 50001000.0,
        "Basic Average Shares": 49653000.0,
        "Diluted EPS": 0.96,
        "Basic EPS": 0.97,
        "Diluted NI Availto Com Stockholders": NaN,
        "Net Income Common Stockholders": NaN,
        "Preferred Stock Dividends": NaN,
        "Net Income": NaN,
        "Net Income Including Noncontrolling Interests": NaN,
        "Net Income Continuous Operations": NaN,
        "Tax Provision": NaN,
        "Pretax Income": NaN,
        "Other Income Expense": NaN,
        "Gain On Sale Of Security": NaN,
        "Net Non Operating Interest Income Expense": NaN,
        "Interest Expense Non Operating": NaN,
        "Operating Income": NaN,
        "Operating Expense": NaN,
        "Research And Development": NaN,
        "Selling General And Administration": NaN,
        "Gross Profit": NaN,
        "Cost Of Revenue": NaN,
        "Total Revenue": NaN,
        "Operating Revenue": NaN
    },
    "2023-01-31": {
        "Tax Effect Of Unusual Items": NaN,
        "Tax Rate For Calcs": NaN,
        "Normalized EBITDA": NaN,
        "Total Unusual Items": NaN,
        "Total Unusual Items Excluding Goodwill": NaN,
        "Net Income From Continuing Operation Net Minority Interest": NaN,
        "Reconciled Depreciation": NaN,
        "Reconciled Cost Of Revenue": NaN,
        "EBITDA": NaN,
        "EBIT": NaN,
        "Net Interest Income": NaN,
        "Interest Expense": NaN,
        "Normalized Income": NaN,
        "Net Income From Continuing And Discontinued Operation": NaN,
        "Total Expenses": NaN,
        "Total Operating Income As Reported": NaN,
        "Diluted Average Shares": 50009000.0,
        "Basic Average Shares": 49745000.0,
        "Diluted EPS": 0.76,
        "Basic EPS": 0.76,
        "Diluted NI Availto Com Stockholders": NaN,
        "Net Income Common Stockholders": NaN,
        "Preferred Stock Dividends": NaN,
        "Net Income": NaN,
        "Net Income Including Noncontrolling Interests": NaN,
        "Net Income Continuous Operations": NaN,
        "Tax Provision": NaN,
        "Pretax Income": NaN,
        "Other Income Expense": NaN,
        "Gain On Sale Of Security": NaN,
        "Net Non Operating Interest Income Expense": NaN,
        "Interest Expense Non Operating": NaN,
        "Operating Income": NaN,
        "Operating Expense": NaN,
        "Research And Development": NaN,
        "Selling General And Administration": NaN,
        "Gross Profit": NaN,
        "Cost Of Revenue": NaN,
        "Total Revenue": NaN,
        "Operating Revenue": NaN
    },
    "2022-10-31": {
        "Tax Effect Of Unusual Items": NaN,
        "Tax Rate For Calcs": NaN,
        "Normalized EBITDA": NaN,
        "Total Unusual Items": NaN,
        "Total Unusual Items Excluding Goodwill": NaN,
        "Net Income From Continuing Operation Net Minority Interest": NaN,
        "Reconciled Depreciation": NaN,
        "Reconciled Cost Of Revenue": NaN,
        "EBITDA": NaN,
        "EBIT": NaN,
        "Net Interest Income": NaN,
        "Interest Expense": NaN,
        "Normalized Income": NaN,
        "Net Income From Continuing And Discontinued Operation": NaN,
        "Total Expenses": NaN,
        "Total Operating Income As Reported": NaN,
        "Diluted Average Shares": NaN,
        "Basic Average Shares": NaN,
        "Diluted EPS": NaN,
        "Basic EPS": NaN,
        "Diluted NI Availto Com Stockholders": NaN,
        "Net Income Common Stockholders": NaN,
        "Preferred Stock Dividends": 773000.0,
        "Net Income": NaN,
        "Net Income Including Noncontrolling Interests": NaN,
        "Net Income Continuous Operations": NaN,
        "Tax Provision": NaN,
        "Pretax Income": NaN,
        "Other Income Expense": NaN,
        "Gain On Sale Of Security": NaN,
        "Net Non Operating Interest Income Expense": NaN,
        "Interest Expense Non Operating": NaN,
        "Operating Income": NaN,
        "Operating Expense": NaN,
        "Research And Development": NaN,
        "Selling General And Administration": NaN,
        "Gross Profit": NaN,
        "Cost Of Revenue": NaN,
        "Total Revenue": NaN,
        "Operating Revenue": NaN
    },
    "2022-07-31": {
        "Tax Effect Of Unusual Items": 379951.1391,
        "Tax Rate For Calcs": 0.239415,
        "Normalized EBITDA": 61650000.0,
        "Total Unusual Items": 1587000.0,
        "Total Unusual Items Excluding Goodwill": 1587000.0,
        "Net Income From Continuing Operation Net Minority Interest": 41064000.0,
        "Reconciled Depreciation": 8734000.0,
        "Reconciled Cost Of Revenue": 160805000.0,
        "EBITDA": 63237000.0,
        "EBIT": 54503000.0,
        "Net Interest Income": -513000.0,
        "Interest Expense": 513000.0,
        "Normalized Income": 39856951.1391,
        "Net Income From Continuing And Discontinued Operation": 41064000.0,
        "Total Expenses": 271065000.0,
        "Total Operating Income As Reported": 52916000.0,
        "Diluted Average Shares": 50439000.0,
        "Basic Average Shares": 50184000.0,
        "Diluted EPS": 0.81,
        "Basic EPS": 0.82,
        "Diluted NI Availto Com Stockholders": 41064000.0,
        "Net Income Common Stockholders": 41064000.0,
        "Preferred Stock Dividends": 0.0,
        "Net Income": 41064000.0,
        "Net Income Including Noncontrolling Interests": 41064000.0,
        "Net Income Continuous Operations": 41064000.0,
        "Earnings From Equity Interest Net Of Tax": 0.0,
        "Tax Provision": 12926000.0,
        "Pretax Income": 53990000.0,
        "Other Income Expense": 1587000.0,
        "Gain On Sale Of Security": 1587000.0,
        "Net Non Operating Interest Income Expense": -513000.0,
        "Interest Expense Non Operating": 513000.0,
        "Operating Income": 52916000.0,
        "Operating Expense": 110260000.0,
        "Research And Development": 15753000.0,
        "Selling General And Administration": 94507000.0,
        "Gross Profit": 163176000.0,
        "Cost Of Revenue": 160805000.0,
        "Total Revenue": 323981000.0,
        "Operating Revenue": 323981000.0
    },
    "2022-04-30": {
        "Diluted EPS": 0.78,
        "Total Revenue": 339,
        "Gross Profit": 164,
        "Operating Income": 53,
        "EBIT": 61,
        "Net Income": 40
    },
    "2022-01-31": {
        "Diluted EPS": 0.65,
        "Total Revenue": 318,
        "Gross Profit": 149,
        "Operating Income": 43,
        "EBIT": 51,
        "Net Income": 34
    },
    "2021-10-31": {
        "Diluted EPS": 0.65,
        "Total Revenue": 321,
        "Gross Profit": 155,
        "Operating Income": 44,
        "EBIT": 53,
        "Net Income": 34
    },
    "2021-07-31": {
        "Diluted EPS": 0.54,
        "Total Revenue": 306,
        "Gross Profit": 148,
        "Operating Income": 41,
        "EBIT": 49,
        "Net Income": 28
    },
    "2021-04-30": {
        "Diluted EPS": 0.71,
        "Total Revenue": 296,
        "Gross Profit": 149,
        "Operating Income": 47,
        "EBIT": 53,
        "Net Income": 37
    },
    "2021-01-31": {
        "Diluted EPS": 0.59,
        "Total Revenue": 266,
        "Gross Profit": 130,
        "Operating Income": 37,
        "EBIT": 43,
        "Net Income": 31
    },
    "2020-10-31": {
        "Diluted EPS": 0.62,
        "Total Revenue": 277,
        "Gross Profit": 135,
        "Operating Income": 42,
        "EBIT": 48,
        "Net Income": 33
    },
    "2020-07-31": {
        "Diluted EPS": 0.54,
        "Total Revenue": 252,
        "Gross Profit": 119,
        "Operating Income": 33,
        "EBIT": 39,
        "Net Income": 28
    },
    "2020-04-30": {
        "Diluted EPS": 0.26,
        "Total Revenue": 266,
        "Gross Profit": 130,
        "Operating Income": 23,
        "EBIT": 29,
        "Net Income": 14
    },
    "2020-01-31": {
        "Diluted EPS": 0.62,
        "Total Revenue": 277,
        "Gross Profit": 139,
        "Operating Income": 41,
        "EBIT": 47,
        "Net Income": 34
    },
    "2019-10-31": {
        "Diluted EPS": 0.68,
        "Total Revenue": 287,
        "Gross Profit": 141,
        "Operating Income": 41,
        "EBIT": 47,
        "Net Income": 37
    },
    "2019-07-31": {
        "Diluted EPS": 0.69,
        "Total Revenue": 295,
        "Gross Profit": 147,
        "Operating Income": 46,
        "EBIT": 52,
        "Net Income": 37
    },
    "2019-04-30": {
        "Diluted EPS": 0.65,
        "Total Revenue": 290,
        "Gross Profit": 146,
        "Operating Income": 40,
        "EBIT": 46,
        "Net Income": 35
    },
    "2019-01-31": {
        "Diluted EPS": 0.55,
        "Total Revenue": 282,
        "Gross Profit": 140,
        "Operating Income": 36,
        "EBIT": 42,
        "Net Income": 29
    },
    "2018-10-31": {
        "Diluted EPS": 0.56,
        "Total Revenue": 293,
        "Gross Profit": 147,
        "Operating Income": 41,
        "EBIT": 47,
        "Net Income": 31
    },
    "2018-07-31": {
        "Diluted EPS": 0.67,
        "Total Revenue": 297,
        "Gross Profit": 147,
        "Operating Income": 45,
        "EBIT": 51,
        "Net Income": 35
    },
    "2018-04-30": {
        "Diluted EPS": 0.49,
        "Total Revenue": 298,
        "Gross Profit": 151,
        "Operating Income": 38,
        "EBIT": 44,
        "Net Income": 26
    },
    "2018-01-31": {
        "Diluted EPS": 0.08,
        "Total Revenue": 288,
        "Gross Profit": 144,
        "Operating Income": 35,
        "EBIT": 41,
        "Net Income": 4
    },
    "2017-10-31": {
        "Diluted EPS": 0.48,
        "Total Revenue": 290,
        "Gross Profit": 146,
        "Operating Income": 35,
        "EBIT": 42,
        "Net Income": 26
    },
    "2017-07-31": {
        "Diluted EPS": 0.49,
        "Total Revenue": 289,
        "Gross Profit": 144,
        "Operating Income": 36,
        "EBIT": 43,
        "Net Income": 25
    },
    "2017-04-30": {
        "Diluted EPS": 0.43,
        "Total Revenue": 276,
        "Gross Profit": 140,
        "Operating Income": 32,
        "EBIT": 38,
        "Net Income": 23
    },
    "2017-01-31": {
        "Diluted EPS": 0.49,
        "Total Revenue": 268,
        "Gross Profit": 134,
        "Operating Income": 30,
        "EBIT": 37,
        "Net Income": 25
    },
    "2016-10-31": {
        "Diluted EPS": 0.42,
        "Total Revenue": 280,
        "Gross Profit": 140,
        "Operating Income": 33,
        "EBIT": 40,
        "Net Income": 23
    },
    "2016-07-31": {
        "Diluted EPS": 0.49,
        "Total Revenue": 282,
        "Gross Profit": 141,
        "Operating Income": 33,
        "EBIT": 41,
        "Net Income": 25
    },
    "2016-04-30": {
        "Diluted EPS": 0.42,
        "Total Revenue": 287,
        "Gross Profit": 145,
        "Operating Income": 31,
        "EBIT": 38,
        "Net Income": 21
    },
    "2016-01-31": {
        "Diluted EPS": 0.3,
        "Total Revenue": 269,
        "Gross Profit": 133,
        "Operating Income": 24,
        "EBIT": 32,
        "Net Income": 15
    },
    "2015-10-31": {
        "Diluted EPS": 0.35,
        "Total Revenue": 283,
        "Gross Profit": 139,
        "Operating Income": 30,
        "EBIT": 39,
        "Net Income": 19
    },
    "2015-07-31": {
        "Diluted EPS": -0.77,
        "Total Revenue": 289,
        "Gross Profit": 129,
        "Operating Income": -33,
        "EBIT": -22,
        "Net Income": -39
    },
    "2015-04-30": {
        "Diluted EPS": 0.33,
        "Total Revenue": 290,
        "Gross Profit": 141,
        "Operating Income": 24,
        "EBIT": 33,
        "Net Income": 17
    },
    "2015-01-31": {
        "Diluted EPS": 0.23,
        "Total Revenue": 283,
        "Gross Profit": 138,
        "Operating Income": 17,
        "EBIT": 27,
        "Net Income": 12
    },
    "2014-10-31": {
        "Diluted EPS": 0.25,
        "Total Revenue": 310,
        "Gross Profit": 150,
        "Operating Income": 27,
        "EBIT": 37,
        "Net Income": 14
    },
    "2014-07-31": {
        "Diluted EPS": -2.11,
        "Total Revenue": 317,
        "Gross Profit": 154,
        "Operating Income": -116,
        "EBIT": -105,
        "Net Income": -110
    },
    "2014-04-30": {
        "Diluted EPS": 0.46,
        "Total Revenue": 310,
        "Gross Profit": 155,
        "Operating Income": 27,
        "EBIT": 38,
        "Net Income": 24
    },
    "2014-01-31": {
        "Diluted EPS": 0.31,
        "Total Revenue": 291,
        "Gross Profit": 143,
        "Operating Income": 18,
        "EBIT": 30,
        "Net Income": 16
    },
    "2013-10-31": {
        "Diluted EPS": 0.44,
        "Total Revenue": 308,
        "Gross Profit": 158,
        "Operating Income": 30,
        "EBIT": 41,
        "Net Income": 24
    },
    "2013-07-31": {
        "Diluted EPS": -3.45,
        "Total Revenue": 312,
        "Gross Profit": 159,
        "Operating Income": -178,
        "EBIT": -165,
        "Net Income": -177
    },
    "2013-04-30": {
        "Diluted EPS": 0.08,
        "Total Revenue": 302,
        "Gross Profit": 159,
        "Operating Income": 31,
        "EBIT": 45,
        "Net Income": 4
    },
    "2013-01-31": {
        "Diluted EPS": -0.17,
        "Total Revenue": 273,
        "Gross Profit": 142,
        "Operating Income": 22,
        "EBIT": 33,
        "Net Income": -9
    },
    "2012-10-31": {
        "Diluted EPS": 0.51,
        "Total Revenue": 271,
        "Gross Profit": 150,
        "Operating Income": 43,
        "EBIT": 53,
        "Net Income": 27
    },
    "2012-07-31": {
        "Diluted EPS": 0.24,
        "Total Revenue": 126,
        "Gross Profit": 118,
        "Operating Income": 143,
        "EBIT": 154,
        "Net Income": 12
    },
    "2012-04-30": {
        "Diluted EPS": 0.52,
        "Total Revenue": 275,
        "Gross Profit": 152,
        "Operating Income": 43,
        "EBIT": 54,
        "Net Income": 28
    },
    "2012-01-31": {
        "Diluted EPS": -1.72,
        "Total Revenue": 321,
        "Gross Profit": 153,
        "Operating Income": -77,
        "EBIT": -66,
        "Net Income": -90
    },
    "2011-10-31": {
        "Diluted EPS": 0.6,
        "Total Revenue": 350,
        "Gross Profit": 168,
        "Operating Income": 49,
        "EBIT": 60,
        "Net Income": 33
    },
    "2011-07-31": {
        "Diluted EPS": 0.56,
        "Total Revenue": 343,
        "Gross Profit": 165,
        "Operating Income": 43,
        "EBIT": 54,
        "Net Income": 30
    },
    "2011-04-30": {
        "Diluted EPS": 0.54,
        "Total Revenue": 338,
        "Gross Profit": 168,
        "Operating Income": 41,
        "EBIT": 53,
        "Net Income": 29
    },
    "2011-01-31": {
        "Diluted EPS": 0.46,
        "Total Revenue": 329,
        "Gross Profit": 159,
        "Operating Income": 37,
        "EBIT": 50,
        "Net Income": 24
    },
    "2010-10-31": {
        "Diluted EPS": 0.48,
        "Total Revenue": 330,
        "Gross Profit": 165,
        "Operating Income": 42,
        "EBIT": 54,
        "Net Income": 26
    },
    "2010-07-31": {
        "Diluted EPS": 0.41,
        "Total Revenue": 323,
        "Gross Profit": 159,
        "Operating Income": 34,
        "EBIT": 47,
        "Net Income": 21
    },
    "2010-04-30": {
        "Diluted EPS": 0.45,
        "Total Revenue": 322,
        "Gross Profit": 160,
        "Operating Income": 36,
        "EBIT": 49,
        "Net Income": 24
    },
    "2010-01-31": {
        "Diluted EPS": 0.28,
        "Total Revenue": 296,
        "Gross Profit": 147,
        "Operating Income": 24,
        "EBIT": 37,
        "Net Income": 15
    },
    "2009-10-31": {
        "Diluted EPS": 0.39,
        "Total Revenue": 318,
        "Gross Profit": 157,
        "Operating Income": 36,
        "EBIT": 49,
        "Net Income": 22
    },
    "2009-07-31": {
        "Diluted EPS": 0.38,
        "Total Revenue": 287,
        "Gross Profit": 136,
        "Operating Income": 30,
        "EBIT": 44,
        "Net Income": 19
    },
    "2009-04-30": {
        "Diluted EPS": 0.34,
        "Total Revenue": 277,
        "Gross Profit": 134,
        "Operating Income": 29,
        "EBIT": 43,
        "Net Income": 18
    },
    "2009-01-31": {
        "Diluted EPS": -0.08,
        "Total Revenue": 266,
        "Gross Profit": 126,
        "Operating Income": 5,
        "EBIT": 18,
        "Net Income": -4
    },
    "2023-07-31": {
        "Tax Effect Of Unusual Items": 548927.261901,
        "Tax Rate For Calcs": 0.226268,
        "Normalized EBITDA": 69893000.0,
        "Total Unusual Items": 2426000.0,
        "Total Unusual Items Excluding Goodwill": 2426000.0,
        "Net Income From Continuing Operation Net Minority Interest": 49378000.0,
        "Reconciled Depreciation": 7848000.0,
        "Reconciled Cost Of Revenue": 170049000.0,
        "EBITDA": 72319000.0,
        "EBIT": 64471000.0,
        "Net Interest Income": -653000.0,
        "Interest Expense": 653000.0,
        "Normalized Income": 47500927.261901,
        "Net Income From Continuing And Discontinued Operation": 49378000.0,
        "Total Expenses": 283884000.0,
        "Total Operating Income As Reported": 62045000.0,
        "Diluted Average Shares": NaN,
        "Basic Average Shares": NaN,
        "Diluted EPS": NaN,
        "Basic EPS": NaN,
        "Diluted NI Availto Com Stockholders": 48606000.0,
        "Net Income Common Stockholders": 48606000.0,
        "Preferred Stock Dividends": NaN,
        "Net Income": 49378000.0,
        "Net Income Including Noncontrolling Interests": 49378000.0,
        "Net Income Continuous Operations": 49378000.0,
        "Tax Provision": 14440000.0,
        "Pretax Income": 63818000.0,
        "Other Income Expense": 2426000.0,
        "Gain On Sale Of Security": 2426000.0,
        "Net Non Operating Interest Income Expense": -653000.0,
        "Interest Expense Non Operating": 653000.0,
        "Operating Income": 62045000.0,
        "Operating Expense": 113835000.0,
        "Research And Development": 16340000.0,
        "Selling General And Administration": 97495000.0,
        "Gross Profit": 175880000.0,
        "Cost Of Revenue": 170049000.0,
        "Total Revenue": 345929000.0,
        "Operating Revenue": 345929000.0
    },
    "2023-10-31": {
        "Tax Effect Of Unusual Items": NaN,
        "Tax Rate For Calcs": NaN,
        "Normalized EBITDA": NaN,
        "Total Unusual Items": NaN,
        "Total Unusual Items Excluding Goodwill": NaN,
        "Net Income From Continuing Operation Net Minority Interest": NaN,
        "Reconciled Depreciation": NaN,
        "Reconciled Cost Of Revenue": NaN,
        "EBITDA": NaN,
        "EBIT": NaN,
        "Net Interest Income": NaN,
        "Interest Expense": NaN,
        "Normalized Income": NaN,
        "Net Income From Continuing And Discontinued Operation": NaN,
        "Total Expenses": NaN,
        "Total Operating Income As Reported": NaN,
        "Diluted Average Shares": NaN,
        "Basic Average Shares": NaN,
        "Diluted EPS": NaN,
        "Basic EPS": NaN,
        "Diluted NI Availto Com Stockholders": NaN,
        "Net Income Common Stockholders": NaN,
        "Preferred Stock Dividends": 753000.0,
        "Net Income": NaN,
        "Net Income Including Noncontrolling Interests": NaN,
        "Net Income Continuous Operations": NaN,
        "Tax Provision": NaN,
        "Pretax Income": NaN,
        "Other Income Expense": NaN,
        "Gain On Sale Of Security": NaN,
        "Net Non Operating Interest Income Expense": NaN,
        "Interest Expense Non Operating": NaN,
        "Operating Income": NaN,
        "Operating Expense": NaN,
        "Research And Development": NaN,
        "Selling General And Administration": NaN,
        "Gross Profit": NaN,
        "Cost Of Revenue": NaN,
        "Total Revenue": NaN,
        "Operating Revenue": NaN
    },
    "2024-01-31": {
        "Tax Effect Of Unusual Items": NaN,
        "Tax Rate For Calcs": NaN,
        "Normalized EBITDA": NaN,
        "Total Unusual Items": NaN,
        "Total Unusual Items Excluding Goodwill": NaN,
        "Net Income From Continuing Operation Net Minority Interest": NaN,
        "Reconciled Depreciation": NaN,
        "Reconciled Cost Of Revenue": NaN,
        "EBITDA": NaN,
        "EBIT": NaN,
        "Net Interest Income": NaN,
        "Interest Expense": NaN,
        "Normalized Income": NaN,
        "Net Income From Continuing And Discontinued Operation": NaN,
        "Total Expenses": NaN,
        "Total Operating Income As Reported": NaN,
        "Diluted Average Shares": 48725000.0,
        "Basic Average Shares": 48374000.0,
        "Diluted EPS": 0.9,
        "Basic EPS": 0.9,
        "Diluted NI Availto Com Stockholders": NaN,
        "Net Income Common Stockholders": NaN,
        "Preferred Stock Dividends": NaN,
        "Net Income": NaN,
        "Net Income Including Noncontrolling Interests": NaN,
        "Net Income Continuous Operations": NaN,
        "Tax Provision": NaN,
        "Pretax Income": NaN,
        "Other Income Expense": NaN,
        "Gain On Sale Of Security": NaN,
        "Net Non Operating Interest Income Expense": NaN,
        "Interest Expense Non Operating": NaN,
        "Operating Income": NaN,
        "Operating Expense": NaN,
        "Research And Development": NaN,
        "Selling General And Administration": NaN,
        "Gross Profit": NaN,
        "Cost Of Revenue": NaN,
        "Total Revenue": NaN,
        "Operating Revenue": NaN
    },
    "2024-04-30": {
        "Tax Effect Of Unusual Items": 335028.426822,
        "Tax Rate For Calcs": 0.209918,
        "Normalized EBITDA": 70941000.0,
        "Total Unusual Items": 1596000.0,
        "Total Unusual Items Excluding Goodwill": 1596000.0,
        "Net Income From Continuing Operation Net Minority Interest": 50890000.0,
        "Reconciled Depreciation": 7398000.0,
        "Reconciled Cost Of Revenue": 166357000.0,
        "EBITDA": 72537000.0,
        "EBIT": 65139000.0,
        "Net Interest Income": -728000.0,
        "Interest Expense": 728000.0,
        "Normalized Income": 49629028.426822,
        "Net Income From Continuing And Discontinued Operation": 50890000.0,
        "Total Expenses": 279841000.0,
        "Total Operating Income As Reported": 63543000.0,
        "Diluted Average Shares": 48386000.0,
        "Basic Average Shares": 48004000.0,
        "Diluted EPS": 1.05,
        "Basic EPS": 1.06,
        "Diluted NI Availto Com Stockholders": 50890000.0,
        "Net Income Common Stockholders": 50890000.0,
        "Preferred Stock Dividends": NaN,
        "Net Income": 50890000.0,
        "Net Income Including Noncontrolling Interests": 50890000.0,
        "Net Income Continuous Operations": 50890000.0,
        "Tax Provision": 13521000.0,
        "Pretax Income": 64411000.0,
        "Other Income Expense": 1596000.0,
        "Gain On Sale Of Security": 1596000.0,
        "Net Non Operating Interest Income Expense": -728000.0,
        "Interest Expense Non Operating": 728000.0,
        "Operating Income": 63543000.0,
        "Operating Expense": 113484000.0,
        "Research And Development": 17681000.0,
        "Selling General And Administration": 95803000.0,
        "Gross Profit": 177027000.0,
        "Cost Of Revenue": 166357000.0,
        "Total Revenue": 343384000.0,
        "Operating Revenue": 343384000.0
    },
    "2024-07-31": {
        "Tax Effect Of Unusual Items": 530024.630542,
        "Tax Rate For Calcs": 0.186958,
        "Normalized EBITDA": 73682000.0,
        "Total Unusual Items": 2835000.0,
        "Total Unusual Items Excluding Goodwill": 2835000.0,
        "Net Income From Continuing Operation Net Minority Interest": 55456000.0,
        "Reconciled Depreciation": 7467000.0,
        "Reconciled Cost Of Revenue": 166347000.0,
        "EBITDA": 76517000.0,
        "EBIT": 69050000.0,
        "Net Interest Income": -842000.0,
        "Interest Expense": 842000.0,
        "Normalized Income": 53151024.630542,
        "Net Income From Continuing And Discontinued Operation": 55456000.0,
        "Total Expenses": 277187000.0,
        "Total Operating Income As Reported": 66215000.0,
        "Diluted Average Shares": NaN,
        "Basic Average Shares": NaN,
        "Diluted EPS": NaN,
        "Basic EPS": NaN,
        "Diluted NI Availto Com Stockholders": 54703000.0,
        "Net Income Common Stockholders": 54703000.0,
        "Preferred Stock Dividends": NaN,
        "Net Income": 55456000.0,
        "Net Income Including Noncontrolling Interests": 55456000.0,
        "Net Income Continuous Operations": 55456000.0,
        "Tax Provision": 12752000.0,
        "Pretax Income": 68208000.0,
        "Other Income Expense": 2835000.0,
        "Gain On Sale Of Security": 2835000.0,
        "Net Non Operating Interest Income Expense": -842000.0,
        "Interest Expense Non Operating": 842000.0,
        "Operating Income": 66215000.0,
        "Operating Expense": 110840000.0,
        "Research And Development": 17533000.0,
        "Selling General And Administration": 93307000.0,
        "Gross Profit": 177055000.0,
        "Cost Of Revenue": 166347000.0,
        "Total Revenue": 343402000.0,
        "Operating Revenue": 343402000.0
    },
    "2024-10-31": {
        "Tax Effect Of Unusual Items": 251736.0,
        "Tax Rate For Calcs": 0.204,
        "Normalized EBITDA": 69086000.0,
        "Total Unusual Items": 1234000.0,
        "Total Unusual Items Excluding Goodwill": 1234000.0,
        "Net Income From Continuing Operation Net Minority Interest": 46783000.0,
        "Reconciled Depreciation": 10164000.0,
        "Reconciled Cost Of Revenue": 187376000.0,
        "EBITDA": 70320000.0,
        "EBIT": 60156000.0,
        "Net Interest Income": -1356000.0,
        "Interest Expense": 1356000.0,
        "Normalized Income": 45800736.0,
        "Net Income From Continuing And Discontinued Operation": 46783000.0,
        "Total Expenses": 318143000.0,
        "Total Operating Income As Reported": 58922000.0,
        "Diluted Average Shares": 48217000.0,
        "Basic Average Shares": 47732000.0,
        "Diluted EPS": 0.97,
        "Basic EPS": 0.98,
        "Diluted NI Availto Com Stockholders": 46039000.0,
        "Net Income Common Stockholders": 46039000.0,
        "Preferred Stock Dividends": 744000.0,
        "Net Income": 46783000.0,
        "Net Income Including Noncontrolling Interests": 46783000.0,
        "Net Income Continuous Operations": 46783000.0,
        "Tax Provision": 12017000.0,
        "Pretax Income": 58800000.0,
        "Other Income Expense": 1234000.0,
        "Gain On Sale Of Security": 1234000.0,
        "Net Non Operating Interest Income Expense": -1356000.0,
        "Interest Expense Non Operating": 1356000.0,
        "Operating Income": 58922000.0,
        "Operating Expense": 130767000.0,
        "Research And Development": 18921000.0,
        "Selling General And Administration": 111846000.0,
        "Gross Profit": 189689000.0,
        "Cost Of Revenue": 187376000.0,
        "Total Revenue": 377065000.0,
        "Operating Revenue": 377065000.0
    },
    "2025-01-31": {
        "Tax Effect Of Unusual Items": 478125.0,
        "Tax Rate For Calcs": 0.225,
        "Normalized EBITDA": 61166000.0,
        "Total Unusual Items": 2125000.0,
        "Total Unusual Items Excluding Goodwill": 2125000.0,
        "Net Income From Continuing Operation Net Minority Interest": 40334000.0,
        "Reconciled Depreciation": 9932000.0,
        "Reconciled Cost Of Revenue": 180832000.0,
        "EBITDA": 63291000.0,
        "EBIT": 53359000.0,
        "Net Interest Income": -1312000.0,
        "Interest Expense": 1312000.0,
        "Normalized Income": 38687125.0,
        "Net Income From Continuing And Discontinued Operation": 40334000.0,
        "Total Expenses": 305441000.0,
        "Total Operating Income As Reported": 51234000.0,
        "Diluted Average Shares": 48306000.0,
        "Basic Average Shares": 47851000.0,
        "Diluted EPS": 0.83,
        "Basic EPS": 0.84,
        "Diluted NI Availto Com Stockholders": 40334000.0,
        "Net Income Common Stockholders": 40334000.0,
        "Preferred Stock Dividends": NaN,
        "Net Income": 40334000.0,
        "Net Income Including Noncontrolling Interests": 40334000.0,
        "Net Income Continuous Operations": 40334000.0,
        "Tax Provision": 11713000.0,
        "Pretax Income": 52047000.0,
        "Other Income Expense": 2125000.0,
        "Gain On Sale Of Security": 2125000.0,
        "Net Non Operating Interest Income Expense": -1312000.0,
        "Interest Expense Non Operating": 1312000.0,
        "Operating Income": 51234000.0,
        "Operating Expense": 124609000.0,
        "Research And Development": 18723000.0,
        "Selling General And Administration": 105886000.0,
        "Gross Profit": 175843000.0,
        "Cost Of Revenue": 180832000.0,
        "Total Revenue": 356675000.0,
        "Operating Revenue": 356675000.0
    },
    "2025-04-30": {
        "Tax Effect Of Unusual Items": -104378.097194,
        "Tax Rate For Calcs": 0.205065,
        "Normalized EBITDA": 77373000.0,
        "Total Unusual Items": -509000.0,
        "Total Unusual Items Excluding Goodwill": -509000.0,
        "Net Income From Continuing Operation Net Minority Interest": 52263000.0,
        "Reconciled Depreciation": 10183000.0,
        "Reconciled Cost Of Revenue": 187531000.0,
        "EBITDA": 76864000.0,
        "EBIT": 66681000.0,
        "Net Interest Income": -936000.0,
        "Interest Expense": 936000.0,
        "Normalized Income": 52667621.902806,
        "Net Income From Continuing And Discontinued Operation": 52263000.0,
        "Total Expenses": 315400000.0,
        "Total Operating Income As Reported": 67190000.0,
        "Diluted Average Shares": 48066000.0,
        "Basic Average Shares": 47644000.0,
        "Diluted EPS": 1.09,
        "Basic EPS": 1.1,
        "Diluted NI Availto Com Stockholders": 52263000.0,
        "Net Income Common Stockholders": 52263000.0,
        "Preferred Stock Dividends": NaN,
        "Net Income": 52263000.0,
        "Net Income Including Noncontrolling Interests": 52263000.0,
        "Net Income Continuous Operations": 52263000.0,
        "Tax Provision": 13482000.0,
        "Pretax Income": 65745000.0,
        "Other Income Expense": -509000.0,
        "Gain On Sale Of Security": -509000.0,
        "Net Non Operating Interest Income Expense": -936000.0,
        "Interest Expense Non Operating": 936000.0,
        "Operating Income": 67190000.0,
        "Operating Expense": 127869000.0,
        "Research And Development": 19191000.0,
        "Selling General And Administration": 108678000.0,
        "Gross Profit": 195059000.0,
        "Cost Of Revenue": 187531000.0,
        "Total Revenue": 382590000.0,
        "Operating Revenue": 382590000.0
    }
}