{
    "2023-03-31": {
        "Tax Effect Of Unusual Items": NaN,
        "Tax Rate For Calcs": NaN,
        "Normalized EBITDA": NaN,
        "Total Unusual Items": 0.0,
        "Total Unusual Items Excluding Goodwill": 0.0,
        "Net Income From Continuing Operation Net Minority Interest": NaN,
        "Reconciled Depreciation": NaN,
        "Reconciled Cost Of Revenue": NaN,
        "EBITDA": NaN,
        "EBIT": NaN,
        "Net Interest Income": NaN,
        "Interest Expense": NaN,
        "Normalized Income": NaN,
        "Net Income From Continuing And Discontinued Operation": NaN,
        "Total Expenses": NaN,
        "Total Operating Income As Reported": NaN,
        "Diluted Average Shares": NaN,
        "Basic Average Shares": NaN,
        "Diluted EPS": NaN,
        "Basic EPS": NaN,
        "Diluted NI Availto Com Stockholders": NaN,
        "Net Income Common Stockholders": NaN,
        "Net Income": NaN,
        "Minority Interests": NaN,
        "Net Income Including Noncontrolling Interests": NaN,
        "Net Income Continuous Operations": NaN,
        "Tax Provision": NaN,
        "Pretax Income": NaN,
        "Other Income Expense": 273000.0,
        "Other Non Operating Income Expenses": 273000.0,
        "Special Income Charges": 0.0,
        "Impairment Of Capital Assets": NaN,
        "Restructuring And Mergern Acquisition": 0.0,
        "Net Non Operating Interest Income Expense": NaN,
        "Interest Expense Non Operating": NaN,
        "Operating Income": NaN,
        "Operating Expense": NaN,
        "Other Operating Expenses": NaN,
        "Selling General And Administration": NaN,
        "Selling And Marketing Expense": NaN,
        "General And Administrative Expense": NaN,
        "Other Gand A": NaN,
        "Salaries And Wages": NaN,
        "Gross Profit": NaN,
        "Cost Of Revenue": NaN,
        "Total Revenue": NaN,
        "Operating Revenue": NaN
    },
    "2022-12-31": {
        "Tax Effect Of Unusual Items": NaN,
        "Tax Rate For Calcs": NaN,
        "Normalized EBITDA": NaN,
        "Total Unusual Items": 0.0,
        "Total Unusual Items Excluding Goodwill": 0.0,
        "Net Income From Continuing Operation Net Minority Interest": NaN,
        "Reconciled Depreciation": NaN,
        "Reconciled Cost Of Revenue": NaN,
        "EBITDA": NaN,
        "EBIT": NaN,
        "Net Interest Income": NaN,
        "Interest Expense": NaN,
        "Normalized Income": NaN,
        "Net Income From Continuing And Discontinued Operation": NaN,
        "Total Expenses": NaN,
        "Total Operating Income As Reported": NaN,
        "Diluted Average Shares": NaN,
        "Basic Average Shares": NaN,
        "Diluted EPS": NaN,
        "Basic EPS": NaN,
        "Diluted NI Availto Com Stockholders": NaN,
        "Net Income Common Stockholders": NaN,
        "Net Income": NaN,
        "Minority Interests": NaN,
        "Net Income Including Noncontrolling Interests": NaN,
        "Net Income Continuous Operations": NaN,
        "Tax Provision": NaN,
        "Pretax Income": NaN,
        "Other Income Expense": -11000.0,
        "Other Non Operating Income Expenses": -11000.0,
        "Special Income Charges": 0.0,
        "Impairment Of Capital Assets": NaN,
        "Restructuring And Mergern Acquisition": 0.0,
        "Gain On Sale Of Security": 0.0,
        "Net Non Operating Interest Income Expense": NaN,
        "Interest Expense Non Operating": NaN,
        "Operating Income": NaN,
        "Operating Expense": NaN,
        "Other Operating Expenses": NaN,
        "Selling General And Administration": NaN,
        "Selling And Marketing Expense": NaN,
        "General And Administrative Expense": NaN,
        "Other Gand A": NaN,
        "Salaries And Wages": NaN,
        "Gross Profit": NaN,
        "Cost Of Revenue": NaN,
        "Total Revenue": NaN,
        "Operating Revenue": NaN
    },
    "2022-09-30": {
        "Tax Effect Of Unusual Items": 0.0,
        "Tax Rate For Calcs": 0.4,
        "Normalized EBITDA": -14521000.0,
        "Total Unusual Items": 0.0,
        "Total Unusual Items Excluding Goodwill": 0.0,
        "Net Income From Continuing Operation Net Minority Interest": -4043000.0,
        "Reconciled Depreciation": 1040000.0,
        "Reconciled Cost Of Revenue": 51549000.0,
        "EBITDA": -14521000.0,
        "EBIT": -15561000.0,
        "Net Interest Income": -470000.0,
        "Interest Expense": 470000.0,
        "Normalized Income": -4043000.0,
        "Net Income From Continuing And Discontinued Operation": -4043000.0,
        "Total Expenses": 91112000.0,
        "Total Operating Income As Reported": -15618000.0,
        "Diluted Average Shares": 53013720.0,
        "Basic Average Shares": 53013720.0,
        "Diluted EPS": -0.08,
        "Basic EPS": -0.08,
        "Diluted NI Availto Com Stockholders": -4043000.0,
        "Net Income Common Stockholders": -4043000.0,
        "Net Income": -4043000.0,
        "Minority Interests": 12059000.0,
        "Net Income Including Noncontrolling Interests": -16102000.0,
        "Net Income Continuous Operations": -16102000.0,
        "Tax Provision": 71000.0,
        "Pretax Income": -16031000.0,
        "Other Income Expense": 57000.0,
        "Other Non Operating Income Expenses": 57000.0,
        "Special Income Charges": 0.0,
        "Impairment Of Capital Assets": NaN,
        "Restructuring And Mergern Acquisition": 0.0,
        "Gain On Sale Of Security": NaN,
        "Net Non Operating Interest Income Expense": -470000.0,
        "Interest Expense Non Operating": 470000.0,
        "Operating Income": -15618000.0,
        "Operating Expense": 39563000.0,
        "Other Operating Expenses": NaN,
        "Selling General And Administration": 39563000.0,
        "Selling And Marketing Expense": 7414000.0,
        "General And Administrative Expense": 32149000.0,
        "Other Gand A": 16301000.0,
        "Salaries And Wages": 15848000.0,
        "Gross Profit": 23945000.0,
        "Cost Of Revenue": 51549000.0,
        "Total Revenue": 75494000.0,
        "Operating Revenue": 75494000.0
    },
    "2022-06-30": {
        "Tax Effect Of Unusual Items": -11178400.0,
        "Tax Rate For Calcs": 0.4,
        "Normalized EBITDA": -15870000.0,
        "Total Unusual Items": -27946000.0,
        "Total Unusual Items Excluding Goodwill": -27946000.0,
        "Net Income From Continuing Operation Net Minority Interest": -10755000.0,
        "Reconciled Depreciation": 1026000.0,
        "Reconciled Cost Of Revenue": 43809000.0,
        "EBITDA": -43816000.0,
        "EBIT": -44842000.0,
        "Net Interest Income": -176000.0,
        "Interest Expense": 176000.0,
        "Normalized Income": 6012600.0,
        "Net Income From Continuing And Discontinued Operation": -10755000.0,
        "Total Expenses": 83205000.0,
        "Total Operating Income As Reported": -16840000.0,
        "Diluted Average Shares": 49771104.0,
        "Basic Average Shares": 49771104.0,
        "Diluted EPS": -0.22,
        "Basic EPS": -0.22,
        "Diluted NI Availto Com Stockholders": -10755000.0,
        "Net Income Common Stockholders": -10755000.0,
        "Net Income": -10755000.0,
        "Minority Interests": 34330000.0,
        "Net Income Including Noncontrolling Interests": -45085000.0,
        "Net Income Continuous Operations": -45085000.0,
        "Tax Provision": 67000.0,
        "Pretax Income": -45018000.0,
        "Other Income Expense": -28002000.0,
        "Other Non Operating Income Expenses": -56000.0,
        "Special Income Charges": -38553000.0,
        "Impairment Of Capital Assets": NaN,
        "Restructuring And Mergern Acquisition": 38553000.0,
        "Gain On Sale Of Security": 10607000.0,
        "Net Non Operating Interest Income Expense": -176000.0,
        "Interest Expense Non Operating": 176000.0,
        "Operating Income": -16840000.0,
        "Operating Expense": 39396000.0,
        "Selling General And Administration": 39396000.0,
        "Selling And Marketing Expense": 9026000.0,
        "General And Administrative Expense": 30370000.0,
        "Other Gand A": 14831000.0,
        "Salaries And Wages": 15539000.0,
        "Gross Profit": 22556000.0,
        "Cost Of Revenue": 43809000.0,
        "Total Revenue": 66365000.0,
        "Operating Revenue": 66365000.0
    },
    "2022-03-31": {
        "Diluted EPS": -1.36,
        "Total Revenue": 66,
        "Gross Profit": 23,
        "Operating Income": -16,
        "EBIT": -15,
        "Net Income": -63
    },
    "2021-12-31": {
        "Diluted EPS": 0.0,
        "Total Revenue": 72,
        "Gross Profit": 25,
        "Operating Income": -4,
        "EBIT": -3,
        "Net Income": -5
    },
    "2021-09-30": {
        "Diluted EPS": 0.0,
        "Total Revenue": 60,
        "Gross Profit": 24,
        "Operating Income": -3,
        "EBIT": -2,
        "Net Income": -4
    },
    "2021-06-30": {
        "Diluted EPS": -0.11,
        "Total Revenue": 52,
        "Gross Profit": 21,
        "Operating Income": -5,
        "EBIT": -4,
        "Net Income": -5
    },
    "2021-03-31": {
        "Diluted EPS": 0.0,
        "Total Revenue": 49,
        "Gross Profit": 20,
        "Operating Income": 0,
        "EBIT": 1,
        "Net Income": 0
    },
    "2020-12-31": {
        "Diluted EPS": 0.0,
        "Total Revenue": NaN,
        "Gross Profit": NaN,
        "Operating Income": NaN,
        "EBIT": NaN,
        "Net Income": NaN
    },
    "2019-12-31": {
        "Diluted EPS": 0.0,
        "Total Revenue": NaN,
        "Gross Profit": NaN,
        "Operating Income": NaN,
        "EBIT": NaN,
        "Net Income": NaN
    },
    "2023-06-30": {
        "Tax Effect Of Unusual Items": NaN,
        "Tax Rate For Calcs": NaN,
        "Normalized EBITDA": NaN,
        "Total Unusual Items": -1202000.0,
        "Total Unusual Items Excluding Goodwill": -1202000.0,
        "Net Income From Continuing Operation Net Minority Interest": NaN,
        "Reconciled Depreciation": NaN,
        "Reconciled Cost Of Revenue": NaN,
        "EBITDA": NaN,
        "EBIT": NaN,
        "Net Interest Income": NaN,
        "Interest Expense": NaN,
        "Normalized Income": NaN,
        "Net Income From Continuing And Discontinued Operation": NaN,
        "Total Expenses": NaN,
        "Total Operating Income As Reported": NaN,
        "Diluted Average Shares": NaN,
        "Basic Average Shares": NaN,
        "Diluted EPS": NaN,
        "Basic EPS": NaN,
        "Diluted NI Availto Com Stockholders": NaN,
        "Net Income Common Stockholders": NaN,
        "Net Income": NaN,
        "Minority Interests": NaN,
        "Net Income Including Noncontrolling Interests": NaN,
        "Net Income Continuous Operations": NaN,
        "Tax Provision": NaN,
        "Pretax Income": NaN,
        "Other Income Expense": -156000.0,
        "Other Non Operating Income Expenses": -156000.0,
        "Special Income Charges": -1202000.0,
        "Impairment Of Capital Assets": 1202000.0,
        "Restructuring And Mergern Acquisition": 0.0,
        "Net Non Operating Interest Income Expense": NaN,
        "Interest Expense Non Operating": NaN,
        "Operating Income": NaN,
        "Operating Expense": NaN,
        "Other Operating Expenses": NaN,
        "Selling General And Administration": NaN,
        "Selling And Marketing Expense": NaN,
        "General And Administrative Expense": NaN,
        "Other Gand A": NaN,
        "Salaries And Wages": NaN,
        "Gross Profit": NaN,
        "Cost Of Revenue": NaN,
        "Total Revenue": NaN,
        "Operating Revenue": NaN
    },
    "2023-09-30": {
        "Tax Effect Of Unusual Items": NaN,
        "Tax Rate For Calcs": NaN,
        "Normalized EBITDA": NaN,
        "Total Unusual Items": 0.0,
        "Total Unusual Items Excluding Goodwill": 0.0,
        "Net Income From Continuing Operation Net Minority Interest": NaN,
        "Reconciled Depreciation": NaN,
        "Reconciled Cost Of Revenue": NaN,
        "EBITDA": NaN,
        "EBIT": NaN,
        "Net Interest Income": NaN,
        "Interest Expense": NaN,
        "Normalized Income": NaN,
        "Net Income From Continuing And Discontinued Operation": NaN,
        "Total Expenses": NaN,
        "Total Operating Income As Reported": NaN,
        "Diluted Average Shares": NaN,
        "Basic Average Shares": NaN,
        "Diluted EPS": NaN,
        "Basic EPS": NaN,
        "Diluted NI Availto Com Stockholders": NaN,
        "Net Income Common Stockholders": NaN,
        "Net Income": NaN,
        "Minority Interests": NaN,
        "Net Income Including Noncontrolling Interests": NaN,
        "Net Income Continuous Operations": NaN,
        "Tax Provision": NaN,
        "Pretax Income": NaN,
        "Other Income Expense": -108000.0,
        "Other Non Operating Income Expenses": -108000.0,
        "Special Income Charges": 0.0,
        "Restructuring And Mergern Acquisition": 0.0,
        "Net Non Operating Interest Income Expense": NaN,
        "Interest Expense Non Operating": NaN,
        "Operating Income": NaN,
        "Operating Expense": NaN,
        "Other Operating Expenses": NaN,
        "Selling General And Administration": NaN,
        "Selling And Marketing Expense": NaN,
        "General And Administrative Expense": NaN,
        "Other Gand A": NaN,
        "Salaries And Wages": NaN,
        "Gross Profit": NaN,
        "Cost Of Revenue": NaN,
        "Total Revenue": NaN,
        "Operating Revenue": NaN
    },
    "2023-12-31": {
        "Tax Effect Of Unusual Items": NaN,
        "Tax Rate For Calcs": NaN,
        "Normalized EBITDA": NaN,
        "Total Unusual Items": 0.0,
        "Total Unusual Items Excluding Goodwill": 0.0,
        "Net Income From Continuing Operation Net Minority Interest": NaN,
        "Reconciled Depreciation": NaN,
        "Reconciled Cost Of Revenue": NaN,
        "EBITDA": NaN,
        "EBIT": NaN,
        "Net Interest Income": NaN,
        "Interest Expense": NaN,
        "Normalized Income": NaN,
        "Net Income From Continuing And Discontinued Operation": NaN,
        "Total Expenses": NaN,
        "Total Operating Income As Reported": NaN,
        "Diluted Average Shares": NaN,
        "Basic Average Shares": NaN,
        "Diluted EPS": NaN,
        "Basic EPS": NaN,
        "Diluted NI Availto Com Stockholders": NaN,
        "Net Income Common Stockholders": NaN,
        "Net Income": NaN,
        "Minority Interests": NaN,
        "Net Income Including Noncontrolling Interests": NaN,
        "Net Income Continuous Operations": NaN,
        "Tax Provision": NaN,
        "Pretax Income": NaN,
        "Other Income Expense": -128000.0,
        "Other Non Operating Income Expenses": -128000.0,
        "Special Income Charges": 0.0,
        "Restructuring And Mergern Acquisition": 0.0,
        "Net Non Operating Interest Income Expense": NaN,
        "Interest Expense Non Operating": NaN,
        "Operating Income": NaN,
        "Operating Expense": NaN,
        "Other Operating Expenses": NaN,
        "Selling General And Administration": NaN,
        "Selling And Marketing Expense": NaN,
        "General And Administrative Expense": NaN,
        "Other Gand A": NaN,
        "Salaries And Wages": NaN,
        "Gross Profit": NaN,
        "Cost Of Revenue": NaN,
        "Total Revenue": NaN,
        "Operating Revenue": NaN
    },
    "2024-03-31": {
        "Tax Effect Of Unusual Items": 0.0,
        "Tax Rate For Calcs": 0.025735,
        "Normalized EBITDA": 6368000.0,
        "Total Unusual Items": NaN,
        "Total Unusual Items Excluding Goodwill": NaN,
        "Net Income From Continuing Operation Net Minority Interest": 548000.0,
        "Reconciled Depreciation": 2413000.0,
        "Reconciled Cost Of Revenue": 56207000.0,
        "EBITDA": 6368000.0,
        "EBIT": 3955000.0,
        "Net Interest Income": -2051000.0,
        "Interest Expense": 2051000.0,
        "Normalized Income": 548000.0,
        "Net Income From Continuing And Discontinued Operation": 548000.0,
        "Total Expenses": 94437000.0,
        "Total Operating Income As Reported": 3955000.0,
        "Diluted Average Shares": 66597626.0,
        "Basic Average Shares": 66312366.0,
        "Diluted EPS": 0.01,
        "Basic EPS": 0.01,
        "Diluted NI Availto Com Stockholders": 548000.0,
        "Net Income Common Stockholders": 548000.0,
        "Net Income": 548000.0,
        "Minority Interests": -1307000.0,
        "Net Income Including Noncontrolling Interests": 1855000.0,
        "Net Income Continuous Operations": 1855000.0,
        "Tax Provision": 49000.0,
        "Pretax Income": 1904000.0,
        "Other Income Expense": NaN,
        "Other Non Operating Income Expenses": NaN,
        "Special Income Charges": NaN,
        "Restructuring And Mergern Acquisition": NaN,
        "Net Non Operating Interest Income Expense": -2051000.0,
        "Interest Expense Non Operating": 2051000.0,
        "Operating Income": 3955000.0,
        "Operating Expense": 38230000.0,
        "Other Operating Expenses": 14000.0,
        "Selling General And Administration": 38216000.0,
        "Selling And Marketing Expense": 7609000.0,
        "General And Administrative Expense": 30607000.0,
        "Other Gand A": 15346000.0,
        "Salaries And Wages": 15261000.0,
        "Gross Profit": 42185000.0,
        "Cost Of Revenue": 56207000.0,
        "Total Revenue": 98392000.0,
        "Operating Revenue": 98392000.0
    },
    "2024-06-30": {
        "Tax Effect Of Unusual Items": 0.0,
        "Tax Rate For Calcs": 0.21,
        "Normalized EBITDA": 3362000.0,
        "Total Unusual Items": NaN,
        "Total Unusual Items Excluding Goodwill": NaN,
        "Net Income From Continuing Operation Net Minority Interest": -482000.0,
        "Reconciled Depreciation": 2384000.0,
        "Reconciled Cost Of Revenue": 51758000.0,
        "EBITDA": 3362000.0,
        "EBIT": 978000.0,
        "Net Interest Income": -2301000.0,
        "Interest Expense": 2301000.0,
        "Normalized Income": -482000.0,
        "Net Income From Continuing And Discontinued Operation": -482000.0,
        "Total Expenses": 88039000.0,
        "Total Operating Income As Reported": 978000.0,
        "Diluted Average Shares": 68209081.0,
        "Basic Average Shares": 68209081.0,
        "Diluted EPS": -0.01,
        "Basic EPS": -0.01,
        "Diluted NI Availto Com Stockholders": -482000.0,
        "Net Income Common Stockholders": -482000.0,
        "Net Income": -482000.0,
        "Minority Interests": 892000.0,
        "Net Income Including Noncontrolling Interests": -1374000.0,
        "Net Income Continuous Operations": -1374000.0,
        "Tax Provision": 51000.0,
        "Pretax Income": -1323000.0,
        "Other Income Expense": NaN,
        "Other Non Operating Income Expenses": NaN,
        "Special Income Charges": NaN,
        "Restructuring And Mergern Acquisition": NaN,
        "Net Non Operating Interest Income Expense": -2301000.0,
        "Interest Expense Non Operating": 2301000.0,
        "Operating Income": 978000.0,
        "Operating Expense": 36281000.0,
        "Other Operating Expenses": 311000.0,
        "Selling General And Administration": 35970000.0,
        "Selling And Marketing Expense": 7411000.0,
        "General And Administrative Expense": 28559000.0,
        "Other Gand A": 10949000.0,
        "Salaries And Wages": 17610000.0,
        "Gross Profit": 37259000.0,
        "Cost Of Revenue": 51758000.0,
        "Total Revenue": 89017000.0,
        "Operating Revenue": 89017000.0
    },
    "2024-09-30": {
        "Tax Effect Of Unusual Items": 0.0,
        "Tax Rate For Calcs": 0.21,
        "Normalized EBITDA": 3767000.0,
        "Total Unusual Items": NaN,
        "Total Unusual Items Excluding Goodwill": NaN,
        "Net Income From Continuing Operation Net Minority Interest": -535000.0,
        "Reconciled Depreciation": 2661000.0,
        "Reconciled Cost Of Revenue": 56856000.0,
        "EBITDA": 3767000.0,
        "EBIT": 1106000.0,
        "Net Interest Income": -2453000.0,
        "Interest Expense": 2453000.0,
        "Normalized Income": -535000.0,
        "Net Income From Continuing And Discontinued Operation": -535000.0,
        "Total Expenses": 97098000.0,
        "Total Operating Income As Reported": 1106000.0,
        "Diluted Average Shares": 72154931.0,
        "Basic Average Shares": 72154931.0,
        "Diluted EPS": -0.01,
        "Basic EPS": -0.01,
        "Diluted NI Availto Com Stockholders": -535000.0,
        "Net Income Common Stockholders": -535000.0,
        "Net Income": -535000.0,
        "Minority Interests": 862000.0,
        "Net Income Including Noncontrolling Interests": -1397000.0,
        "Net Income Continuous Operations": -1397000.0,
        "Tax Provision": 50000.0,
        "Pretax Income": -1347000.0,
        "Other Income Expense": NaN,
        "Other Non Operating Income Expenses": NaN,
        "Special Income Charges": NaN,
        "Restructuring And Mergern Acquisition": NaN,
        "Net Non Operating Interest Income Expense": -2453000.0,
        "Interest Expense Non Operating": 2453000.0,
        "Operating Income": 1106000.0,
        "Operating Expense": 40242000.0,
        "Other Operating Expenses": 1261000.0,
        "Selling General And Administration": 38981000.0,
        "Selling And Marketing Expense": 10109000.0,
        "General And Administrative Expense": 28872000.0,
        "Other Gand A": 12324000.0,
        "Salaries And Wages": 16548000.0,
        "Gross Profit": 41348000.0,
        "Cost Of Revenue": 56856000.0,
        "Total Revenue": 98204000.0,
        "Operating Revenue": 98204000.0
    },
    "2024-12-31": {
        "Tax Effect Of Unusual Items": 0.0,
        "Tax Rate For Calcs": 0.21,
        "Normalized EBITDA": 407000.0,
        "Total Unusual Items": NaN,
        "Total Unusual Items Excluding Goodwill": NaN,
        "Net Income From Continuing Operation Net Minority Interest": -2482000.0,
        "Reconciled Depreciation": 2599000.0,
        "Reconciled Cost Of Revenue": 65494000.0,
        "EBITDA": 407000.0,
        "EBIT": -2192000.0,
        "Net Interest Income": -4520000.0,
        "Interest Expense": 4520000.0,
        "Normalized Income": -2482000.0,
        "Net Income From Continuing And Discontinued Operation": -2482000.0,
        "Total Expenses": 108069000.0,
        "Total Operating Income As Reported": -2192000.0,
        "Diluted Average Shares": 77670243.0,
        "Basic Average Shares": 77670243.0,
        "Diluted EPS": -0.03,
        "Basic EPS": -0.03,
        "Diluted NI Availto Com Stockholders": -2482000.0,
        "Net Income Common Stockholders": -2482000.0,
        "Net Income": -2482000.0,
        "Minority Interests": 4251000.0,
        "Net Income Including Noncontrolling Interests": -6733000.0,
        "Net Income Continuous Operations": -6733000.0,
        "Tax Provision": 21000.0,
        "Pretax Income": -6712000.0,
        "Other Income Expense": NaN,
        "Other Non Operating Income Expenses": NaN,
        "Special Income Charges": NaN,
        "Restructuring And Mergern Acquisition": NaN,
        "Net Non Operating Interest Income Expense": -4520000.0,
        "Interest Expense Non Operating": 4520000.0,
        "Operating Income": -2192000.0,
        "Operating Expense": 42575000.0,
        "Other Operating Expenses": 6869000.0,
        "Selling General And Administration": 35706000.0,
        "Selling And Marketing Expense": 10502000.0,
        "General And Administrative Expense": 25204000.0,
        "Other Gand A": 12208000.0,
        "Salaries And Wages": 12996000.0,
        "Gross Profit": 40383000.0,
        "Cost Of Revenue": 65494000.0,
        "Total Revenue": 105877000.0,
        "Operating Revenue": 105877000.0
    },
    "2025-03-31": {
        "Tax Effect Of Unusual Items": 0.0,
        "Tax Rate For Calcs": 0.4,
        "Normalized EBITDA": -2856000.0,
        "Total Unusual Items": NaN,
        "Total Unusual Items Excluding Goodwill": NaN,
        "Net Income From Continuing Operation Net Minority Interest": -2888000.0,
        "Reconciled Depreciation": 2576000.0,
        "Reconciled Cost Of Revenue": 57502000.0,
        "EBITDA": -2856000.0,
        "EBIT": -5432000.0,
        "Net Interest Income": -2370000.0,
        "Interest Expense": 2370000.0,
        "Normalized Income": -2888000.0,
        "Net Income From Continuing And Discontinued Operation": -2888000.0,
        "Total Expenses": 95406000.0,
        "Total Operating Income As Reported": -5432000.0,
        "Diluted Average Shares": 78411354.0,
        "Basic Average Shares": 78411354.0,
        "Diluted EPS": -0.04,
        "Basic EPS": -0.04,
        "Diluted NI Availto Com Stockholders": -2888000.0,
        "Net Income Common Stockholders": -2888000.0,
        "Net Income": -2888000.0,
        "Minority Interests": 4958000.0,
        "Net Income Including Noncontrolling Interests": -7846000.0,
        "Net Income Continuous Operations": -7846000.0,
        "Tax Provision": 44000.0,
        "Pretax Income": -7802000.0,
        "Other Income Expense": NaN,
        "Other Non Operating Income Expenses": NaN,
        "Special Income Charges": NaN,
        "Restructuring And Mergern Acquisition": NaN,
        "Net Non Operating Interest Income Expense": -2370000.0,
        "Interest Expense Non Operating": 2370000.0,
        "Operating Income": -5432000.0,
        "Operating Expense": 37904000.0,
        "Other Operating Expenses": 1233000.0,
        "Selling General And Administration": 36671000.0,
        "Selling And Marketing Expense": 11322000.0,
        "General And Administrative Expense": 25349000.0,
        "Other Gand A": 11786000.0,
        "Salaries And Wages": 13563000.0,
        "Gross Profit": 32472000.0,
        "Cost Of Revenue": 57502000.0,
        "Total Revenue": 89974000.0,
        "Operating Revenue": 89974000.0
    }
}