{
    "2023-03-31": {
        "Tax Effect Of Unusual Items": 0.0,
        "Tax Rate For Calcs": 0.4,
        "Normalized EBITDA": -31216000.0,
        "Total Unusual Items": NaN,
        "Total Unusual Items Excluding Goodwill": NaN,
        "Net Income From Continuing Operation Net Minority Interest": -44318000.0,
        "Reconciled Depreciation": 10225000.0,
        "Reconciled Cost Of Revenue": 24452000.0,
        "EBITDA": -31216000.0,
        "EBIT": -41441000.0,
        "Net Interest Income": -1962000.0,
        "Interest Expense": 1969000.0,
        "Interest Income": 7000.0,
        "Normalized Income": -44318000.0,
        "Net Income From Continuing And Discontinued Operation": -44318000.0,
        "Total Expenses": 65006000.0,
        "Total Operating Income As Reported": -35469000.0,
        "Diluted Average Shares": 12649608.0,
        "Basic Average Shares": 12649608.0,
        "Diluted EPS": -3.5,
        "Basic EPS": -3.5,
        "Diluted NI Availto Com Stockholders": -44318000.0,
        "Net Income Common Stockholders": -44318000.0,
        "Otherunder Preferred Stock Dividend": NaN,
        "Net Income": -44318000.0,
        "Net Income Including Noncontrolling Interests": -44318000.0,
        "Net Income Continuous Operations": -44318000.0,
        "Tax Provision": 908000.0,
        "Pretax Income": -43410000.0,
        "Other Income Expense": -5979000.0,
        "Other Non Operating Income Expenses": -5979000.0,
        "Special Income Charges": NaN,
        "Gain On Sale Of Ppe": NaN,
        "Write Off": NaN,
        "Impairment Of Capital Assets": NaN,
        "Net Non Operating Interest Income Expense": -1962000.0,
        "Interest Expense Non Operating": 1969000.0,
        "Interest Income Non Operating": 7000.0,
        "Operating Income": -35469000.0,
        "Operating Expense": 40554000.0,
        "Research And Development": 6979000.0,
        "Selling General And Administration": 33575000.0,
        "Selling And Marketing Expense": 1935000.0,
        "General And Administrative Expense": 31640000.0,
        "Other Gand A": 31640000.0,
        "Gross Profit": 5085000.0,
        "Cost Of Revenue": 24452000.0,
        "Total Revenue": 29537000.0,
        "Operating Revenue": 29537000.0
    },
    "2022-12-31": {
        "Tax Effect Of Unusual Items": 0.0,
        "Tax Rate For Calcs": 0.4,
        "Normalized EBITDA": -11167000.0,
        "Total Unusual Items": 0.0,
        "Total Unusual Items Excluding Goodwill": 0.0,
        "Net Income From Continuing Operation Net Minority Interest": -36407000.0,
        "Reconciled Depreciation": 20748000.0,
        "Reconciled Cost Of Revenue": 40250000.0,
        "EBITDA": -11167000.0,
        "EBIT": -31915000.0,
        "Net Interest Income": -2997000.0,
        "Interest Expense": 2997000.0,
        "Interest Income": NaN,
        "Normalized Income": -36407000.0,
        "Net Income From Continuing And Discontinued Operation": -36407000.0,
        "Total Expenses": 98760000.0,
        "Total Operating Income As Reported": -29099000.0,
        "Diluted Average Shares": 11564730.0,
        "Basic Average Shares": 11564730.0,
        "Diluted EPS": -2.75,
        "Basic EPS": -2.75,
        "Diluted NI Availto Com Stockholders": -36407000.0,
        "Net Income Common Stockholders": -36407000.0,
        "Otherunder Preferred Stock Dividend": 0.0,
        "Net Income": -36407000.0,
        "Net Income Including Noncontrolling Interests": -36407000.0,
        "Net Income Continuous Operations": -36407000.0,
        "Tax Provision": 1495000.0,
        "Pretax Income": -34912000.0,
        "Other Income Expense": -2816000.0,
        "Other Non Operating Income Expenses": -2816000.0,
        "Special Income Charges": 0.0,
        "Gain On Sale Of Ppe": NaN,
        "Write Off": 0.0,
        "Impairment Of Capital Assets": NaN,
        "Net Non Operating Interest Income Expense": -2997000.0,
        "Interest Expense Non Operating": 2997000.0,
        "Interest Income Non Operating": NaN,
        "Operating Income": -29099000.0,
        "Operating Expense": 58510000.0,
        "Research And Development": 7888000.0,
        "Selling General And Administration": 50622000.0,
        "Selling And Marketing Expense": 2731000.0,
        "General And Administrative Expense": 47891000.0,
        "Other Gand A": 47891000.0,
        "Gross Profit": 29411000.0,
        "Cost Of Revenue": 40250000.0,
        "Total Revenue": 69661000.0,
        "Operating Revenue": 69661000.0
    },
    "2022-09-30": {
        "Tax Effect Of Unusual Items": 0.0,
        "Tax Rate For Calcs": 0.4,
        "Normalized EBITDA": 6524000.0,
        "Total Unusual Items": 0.0,
        "Total Unusual Items Excluding Goodwill": 0.0,
        "Net Income From Continuing Operation Net Minority Interest": -9766000.0,
        "Reconciled Depreciation": 12136000.0,
        "Reconciled Cost Of Revenue": 45148000.0,
        "EBITDA": 6524000.0,
        "EBIT": -5612000.0,
        "Net Interest Income": -3765000.0,
        "Interest Expense": 3765000.0,
        "Interest Income": NaN,
        "Normalized Income": -9766000.0,
        "Net Income From Continuing And Discontinued Operation": -9766000.0,
        "Total Expenses": 74587000.0,
        "Total Operating Income As Reported": -1728000.0,
        "Diluted Average Shares": 11236226.0,
        "Basic Average Shares": 11236226.0,
        "Diluted EPS": -0.75,
        "Basic EPS": -0.75,
        "Diluted NI Availto Com Stockholders": -9766000.0,
        "Net Income Common Stockholders": -9766000.0,
        "Otherunder Preferred Stock Dividend": 0.0,
        "Net Income": -9766000.0,
        "Net Income Including Noncontrolling Interests": -9766000.0,
        "Net Income Continuous Operations": -9766000.0,
        "Tax Provision": 389000.0,
        "Pretax Income": -9377000.0,
        "Other Income Expense": -3884000.0,
        "Other Non Operating Income Expenses": -3884000.0,
        "Special Income Charges": 0.0,
        "Gain On Sale Of Ppe": NaN,
        "Write Off": 0.0,
        "Impairment Of Capital Assets": NaN,
        "Net Non Operating Interest Income Expense": -3765000.0,
        "Interest Expense Non Operating": 3765000.0,
        "Interest Income Non Operating": NaN,
        "Operating Income": -1728000.0,
        "Operating Expense": 29439000.0,
        "Research And Development": 9386000.0,
        "Selling General And Administration": 20053000.0,
        "Selling And Marketing Expense": 3177000.0,
        "General And Administrative Expense": 16876000.0,
        "Other Gand A": 16876000.0,
        "Gross Profit": 27711000.0,
        "Cost Of Revenue": 45148000.0,
        "Total Revenue": 72859000.0,
        "Operating Revenue": 72859000.0
    },
    "2022-06-30": {
        "Tax Effect Of Unusual Items": 0.0,
        "Tax Rate For Calcs": 0.0,
        "Normalized EBITDA": -72586000.0,
        "Total Unusual Items": -215822000.0,
        "Total Unusual Items Excluding Goodwill": -215822000.0,
        "Net Income From Continuing Operation Net Minority Interest": -310419000.0,
        "Reconciled Depreciation": 19317000.0,
        "Reconciled Cost Of Revenue": 90007000.0,
        "EBITDA": -288408000.0,
        "EBIT": -307725000.0,
        "Net Interest Income": -2610000.0,
        "Interest Expense": 2610000.0,
        "Interest Income": NaN,
        "Normalized Income": -94597000.0,
        "Net Income From Continuing And Discontinued Operation": -310419000.0,
        "Total Expenses": 192083000.0,
        "Total Operating Income As Reported": -331243000.0,
        "Diluted Average Shares": 11092344.0,
        "Basic Average Shares": 11031487.0,
        "Diluted EPS": -29.04,
        "Basic EPS": -29.04,
        "Diluted NI Availto Com Stockholders": -310419000.0,
        "Net Income Common Stockholders": -310419000.0,
        "Otherunder Preferred Stock Dividend": 0.0,
        "Net Income": -310419000.0,
        "Net Income Including Noncontrolling Interests": -310419000.0,
        "Net Income Continuous Operations": -310419000.0,
        "Tax Provision": 84000.0,
        "Pretax Income": -310335000.0,
        "Other Income Expense": -192304000.0,
        "Other Non Operating Income Expenses": 23518000.0,
        "Special Income Charges": -215822000.0,
        "Gain On Sale Of Ppe": NaN,
        "Write Off": 215822000.0,
        "Impairment Of Capital Assets": 215822000.0,
        "Net Non Operating Interest Income Expense": -2610000.0,
        "Interest Expense Non Operating": 2610000.0,
        "Interest Income Non Operating": NaN,
        "Operating Income": -115421000.0,
        "Operating Expense": 102076000.0,
        "Research And Development": 12324000.0,
        "Selling General And Administration": 89752000.0,
        "Selling And Marketing Expense": 5359000.0,
        "General And Administrative Expense": 84393000.0,
        "Other Gand A": 84393000.0,
        "Gross Profit": -13345000.0,
        "Cost Of Revenue": 90007000.0,
        "Total Revenue": 76662000.0,
        "Operating Revenue": 76662000.0
    },
    "2022-03-31": {
        "Diluted EPS": 0.75,
        "Total Revenue": 35,
        "Gross Profit": 1,
        "Operating Income": -99,
        "EBIT": -90,
        "Net Income": 8
    },
    "2021-12-31": {
        "Diluted EPS": 25.0,
        "Total Revenue": 50,
        "Gross Profit": 4,
        "Operating Income": -132,
        "EBIT": -117,
        "Net Income": -47
    },
    "2021-09-30": {
        "Diluted EPS": -23.0,
        "Total Revenue": 61,
        "Gross Profit": 8,
        "Operating Income": -32,
        "EBIT": -13,
        "Net Income": -42
    },
    "2021-06-30": {
        "Diluted EPS": -28.0,
        "Total Revenue": 56,
        "Gross Profit": 10,
        "Operating Income": -32,
        "EBIT": -19,
        "Net Income": -49
    },
    "2021-03-31": {
        "Diluted EPS": -42.5,
        "Total Revenue": 24,
        "Gross Profit": 1,
        "Operating Income": -40,
        "EBIT": -33,
        "Net Income": -77
    },
    "2020-12-31": {
        "Diluted EPS": 0.0,
        "Total Revenue": NaN,
        "Gross Profit": NaN,
        "Operating Income": NaN,
        "EBIT": NaN,
        "Net Income": NaN
    },
    "2020-09-30": {
        "Diluted EPS": -24.5,
        "Total Revenue": 40,
        "Gross Profit": 1,
        "Operating Income": -45,
        "EBIT": -20,
        "Net Income": -44
    },
    "2020-06-30": {
        "Diluted EPS": -6.5,
        "Total Revenue": NaN,
        "Gross Profit": NaN,
        "Operating Income": -1,
        "EBIT": -1,
        "Net Income": -2
    },
    "2019-12-31": {
        "Diluted EPS": 0.0,
        "Total Revenue": NaN,
        "Gross Profit": NaN,
        "Operating Income": NaN,
        "EBIT": NaN,
        "Net Income": NaN
    },
    "2023-06-30": {
        "Tax Effect Of Unusual Items": 0.0,
        "Tax Rate For Calcs": 0.0,
        "Normalized EBITDA": 426000.0,
        "Total Unusual Items": -741000.0,
        "Total Unusual Items Excluding Goodwill": -741000.0,
        "Net Income From Continuing Operation Net Minority Interest": -9310000.0,
        "Reconciled Depreciation": 8046000.0,
        "Reconciled Cost Of Revenue": 28984000.0,
        "EBITDA": -315000.0,
        "EBIT": -8361000.0,
        "Net Interest Income": -1800000.0,
        "Interest Expense": 1905000.0,
        "Interest Income": 105000.0,
        "Normalized Income": -8569000.0,
        "Net Income From Continuing And Discontinued Operation": -9310000.0,
        "Total Expenses": 64326000.0,
        "Total Operating Income As Reported": -16733000.0,
        "Diluted Average Shares": 12778686.0,
        "Basic Average Shares": 12778686.0,
        "Diluted EPS": -0.73,
        "Basic EPS": -0.73,
        "Diluted NI Availto Com Stockholders": -9310000.0,
        "Net Income Common Stockholders": -9310000.0,
        "Otherunder Preferred Stock Dividend": NaN,
        "Net Income": -9310000.0,
        "Net Income Including Noncontrolling Interests": -9310000.0,
        "Net Income Continuous Operations": -9310000.0,
        "Tax Provision": -956000.0,
        "Pretax Income": -10266000.0,
        "Other Income Expense": 7526000.0,
        "Other Non Operating Income Expenses": 8267000.0,
        "Special Income Charges": -741000.0,
        "Gain On Sale Of Ppe": -741000.0,
        "Write Off": 0.0,
        "Impairment Of Capital Assets": NaN,
        "Net Non Operating Interest Income Expense": -1800000.0,
        "Interest Expense Non Operating": 1905000.0,
        "Interest Income Non Operating": 105000.0,
        "Operating Income": -15992000.0,
        "Operating Expense": 35342000.0,
        "Research And Development": 3734000.0,
        "Selling General And Administration": 31608000.0,
        "Selling And Marketing Expense": 1184000.0,
        "General And Administrative Expense": 30424000.0,
        "Other Gand A": 30424000.0,
        "Gross Profit": 19350000.0,
        "Cost Of Revenue": 28984000.0,
        "Total Revenue": 48334000.0,
        "Operating Revenue": 48334000.0
    }
}