{
    "2023-04-30": {
        "Tax Effect Of Unusual Items": NaN,
        "Tax Rate For Calcs": NaN,
        "Normalized EBITDA": NaN,
        "Total Unusual Items": NaN,
        "Total Unusual Items Excluding Goodwill": NaN,
        "Net Income From Continuing Operation Net Minority Interest": NaN,
        "Reconciled Depreciation": 1579000.0,
        "Reconciled Cost Of Revenue": NaN,
        "EBITDA": NaN,
        "EBIT": NaN,
        "Net Interest Income": NaN,
        "Interest Expense": 100000.0,
        "Interest Income": NaN,
        "Normalized Income": NaN,
        "Net Income From Continuing And Discontinued Operation": NaN,
        "Total Expenses": NaN,
        "Rent Expense Supplemental": NaN,
        "Total Operating Income As Reported": NaN,
        "Diluted Average Shares": NaN,
        "Basic Average Shares": NaN,
        "Diluted EPS": NaN,
        "Basic EPS": NaN,
        "Diluted NI Availto Com Stockholders": NaN,
        "Net Income Common Stockholders": NaN,
        "Net Income": NaN,
        "Net Income Including Noncontrolling Interests": NaN,
        "Net Income Continuous Operations": NaN,
        "Tax Provision": NaN,
        "Pretax Income": NaN,
        "Other Income Expense": NaN,
        "Special Income Charges": NaN,
        "Gain On Sale Of Ppe": NaN,
        "Other Special Charges": NaN,
        "Net Non Operating Interest Income Expense": NaN,
        "Interest Expense Non Operating": 100000.0,
        "Interest Income Non Operating": NaN,
        "Operating Income": NaN,
        "Operating Expense": NaN,
        "Provision For Doubtful Accounts": -112000.0,
        "Selling General And Administration": NaN,
        "Selling And Marketing Expense": NaN,
        "General And Administrative Expense": 15053000.0,
        "Other Gand A": 9016000.0,
        "Insurance And Claims": NaN,
        "Rent And Landing Fees": NaN,
        "Salaries And Wages": 6037000.0,
        "Gross Profit": NaN,
        "Cost Of Revenue": NaN,
        "Total Revenue": NaN,
        "Operating Revenue": NaN
    },
    "2023-01-31": {
        "Tax Effect Of Unusual Items": NaN,
        "Tax Rate For Calcs": NaN,
        "Normalized EBITDA": NaN,
        "Total Unusual Items": NaN,
        "Total Unusual Items Excluding Goodwill": NaN,
        "Net Income From Continuing Operation Net Minority Interest": NaN,
        "Reconciled Depreciation": NaN,
        "Reconciled Cost Of Revenue": NaN,
        "EBITDA": NaN,
        "EBIT": NaN,
        "Net Interest Income": NaN,
        "Interest Expense": NaN,
        "Interest Income": NaN,
        "Normalized Income": NaN,
        "Net Income From Continuing And Discontinued Operation": NaN,
        "Total Expenses": NaN,
        "Rent Expense Supplemental": NaN,
        "Total Operating Income As Reported": NaN,
        "Diluted Average Shares": NaN,
        "Basic Average Shares": NaN,
        "Diluted EPS": NaN,
        "Basic EPS": NaN,
        "Diluted NI Availto Com Stockholders": NaN,
        "Net Income Common Stockholders": NaN,
        "Net Income": NaN,
        "Net Income Including Noncontrolling Interests": NaN,
        "Net Income Continuous Operations": NaN,
        "Tax Provision": NaN,
        "Pretax Income": NaN,
        "Other Income Expense": NaN,
        "Special Income Charges": NaN,
        "Gain On Sale Of Ppe": NaN,
        "Other Special Charges": NaN,
        "Net Non Operating Interest Income Expense": NaN,
        "Interest Expense Non Operating": NaN,
        "Interest Income Non Operating": NaN,
        "Operating Income": NaN,
        "Operating Expense": NaN,
        "Other Operating Expenses": NaN,
        "Provision For Doubtful Accounts": NaN,
        "Selling General And Administration": NaN,
        "Selling And Marketing Expense": 2455000.0,
        "General And Administrative Expense": NaN,
        "Other Gand A": NaN,
        "Insurance And Claims": NaN,
        "Rent And Landing Fees": NaN,
        "Salaries And Wages": NaN,
        "Gross Profit": NaN,
        "Cost Of Revenue": NaN,
        "Total Revenue": NaN,
        "Operating Revenue": NaN
    },
    "2022-10-31": {
        "Tax Effect Of Unusual Items": NaN,
        "Tax Rate For Calcs": NaN,
        "Normalized EBITDA": NaN,
        "Total Unusual Items": NaN,
        "Total Unusual Items Excluding Goodwill": NaN,
        "Net Income From Continuing Operation Net Minority Interest": NaN,
        "Reconciled Depreciation": NaN,
        "Reconciled Cost Of Revenue": NaN,
        "EBITDA": NaN,
        "EBIT": NaN,
        "Net Interest Income": NaN,
        "Interest Expense": NaN,
        "Interest Income": NaN,
        "Normalized Income": NaN,
        "Net Income From Continuing And Discontinued Operation": NaN,
        "Total Expenses": NaN,
        "Rent Expense Supplemental": 812000.0,
        "Total Operating Income As Reported": NaN,
        "Diluted Average Shares": NaN,
        "Basic Average Shares": NaN,
        "Diluted EPS": NaN,
        "Basic EPS": NaN,
        "Diluted NI Availto Com Stockholders": NaN,
        "Net Income Common Stockholders": NaN,
        "Net Income": NaN,
        "Net Income Including Noncontrolling Interests": NaN,
        "Net Income Continuous Operations": NaN,
        "Tax Provision": NaN,
        "Pretax Income": NaN,
        "Other Income Expense": NaN,
        "Special Income Charges": NaN,
        "Gain On Sale Of Ppe": NaN,
        "Other Special Charges": NaN,
        "Net Non Operating Interest Income Expense": NaN,
        "Interest Expense Non Operating": NaN,
        "Interest Income Non Operating": NaN,
        "Operating Income": NaN,
        "Operating Expense": NaN,
        "Other Operating Expenses": 436000.0,
        "Provision For Doubtful Accounts": NaN,
        "Selling General And Administration": NaN,
        "Selling And Marketing Expense": 2580000.0,
        "General And Administrative Expense": NaN,
        "Other Gand A": NaN,
        "Insurance And Claims": NaN,
        "Rent And Landing Fees": 812000.0,
        "Salaries And Wages": NaN,
        "Gross Profit": NaN,
        "Cost Of Revenue": NaN,
        "Total Revenue": NaN,
        "Operating Revenue": NaN
    },
    "2022-07-31": {
        "Tax Effect Of Unusual Items": 16426760.0,
        "Tax Rate For Calcs": 0.29,
        "Normalized EBITDA": 3231000.0,
        "Total Unusual Items": 56644000.0,
        "Total Unusual Items Excluding Goodwill": 56644000.0,
        "Net Income From Continuing Operation Net Minority Interest": 41298000.0,
        "Reconciled Depreciation": 1430000.0,
        "Reconciled Cost Of Revenue": 42498000.0,
        "EBITDA": 59875000.0,
        "EBIT": 58445000.0,
        "Net Interest Income": -261000.0,
        "Interest Expense": 261000.0,
        "Normalized Income": 1080760.0,
        "Net Income From Continuing And Discontinued Operation": 41298000.0,
        "Total Expenses": 57718000.0,
        "Rent Expense Supplemental": NaN,
        "Total Operating Income As Reported": 59446000.0,
        "Diluted Average Shares": 9076832.0,
        "Basic Average Shares": 9076832.0,
        "Diluted EPS": 4.55,
        "Basic EPS": 4.55,
        "Diluted NI Availto Com Stockholders": 41298000.0,
        "Net Income Common Stockholders": 41298000.0,
        "Net Income": 41298000.0,
        "Net Income Including Noncontrolling Interests": 41298000.0,
        "Net Income Continuous Operations": 41298000.0,
        "Tax Provision": 16886000.0,
        "Pretax Income": 58184000.0,
        "Other Income Expense": 56644000.0,
        "Special Income Charges": 56644000.0,
        "Gain On Sale Of Ppe": 57645000.0,
        "Other Special Charges": 1001000.0,
        "Net Non Operating Interest Income Expense": -261000.0,
        "Interest Expense Non Operating": 261000.0,
        "Operating Income": 1801000.0,
        "Operating Expense": 15220000.0,
        "Other Operating Expenses": NaN,
        "Provision For Doubtful Accounts": 111000.0,
        "Selling General And Administration": 15109000.0,
        "Selling And Marketing Expense": 2488000.0,
        "General And Administrative Expense": 12621000.0,
        "Other Gand A": 6447000.0,
        "Insurance And Claims": NaN,
        "Rent And Landing Fees": NaN,
        "Salaries And Wages": 6174000.0,
        "Gross Profit": 17021000.0,
        "Cost Of Revenue": 42498000.0,
        "Total Revenue": 59519000.0,
        "Operating Revenue": 59519000.0
    },
    "2022-04-30": {
        "Diluted EPS": 0.09,
        "Total Revenue": 60,
        "Gross Profit": 17,
        "Operating Income": 2,
        "EBIT": 3,
        "Net Income": 1
    },
    "2022-01-31": {
        "Diluted EPS": 0.03,
        "Total Revenue": 64,
        "Gross Profit": 16,
        "Operating Income": 2,
        "EBIT": 3,
        "Net Income": 0
    },
    "2021-10-31": {
        "Diluted EPS": -0.41,
        "Total Revenue": 79,
        "Gross Profit": 14,
        "Operating Income": -5,
        "EBIT": -2,
        "Net Income": -4
    },
    "2021-07-31": {
        "Diluted EPS": -0.16,
        "Total Revenue": 57,
        "Gross Profit": 12,
        "Operating Income": -2,
        "EBIT": 0,
        "Net Income": -1
    },
    "2021-04-30": {
        "Diluted EPS": -0.2,
        "Total Revenue": 50,
        "Gross Profit": 11,
        "Operating Income": -2,
        "EBIT": -1,
        "Net Income": -2
    },
    "2021-01-31": {
        "Diluted EPS": 0.16,
        "Total Revenue": 55,
        "Gross Profit": 15,
        "Operating Income": 1,
        "EBIT": 2,
        "Net Income": 1
    },
    "2020-10-31": {
        "Diluted EPS": 0.21,
        "Total Revenue": 67,
        "Gross Profit": 20,
        "Operating Income": 1,
        "EBIT": 3,
        "Net Income": 2
    },
    "2020-07-31": {
        "Diluted EPS": 0.35,
        "Total Revenue": 42,
        "Gross Profit": 12,
        "Operating Income": 1,
        "EBIT": 2,
        "Net Income": 3
    },
    "2020-04-30": {
        "Diluted EPS": 0.05,
        "Total Revenue": 43,
        "Gross Profit": 13,
        "Operating Income": 0,
        "EBIT": 1,
        "Net Income": 0
    },
    "2020-01-31": {
        "Diluted EPS": 0.2,
        "Total Revenue": 47,
        "Gross Profit": 15,
        "Operating Income": 2,
        "EBIT": 3,
        "Net Income": 2
    },
    "2019-10-31": {
        "Diluted EPS": 0.14,
        "Total Revenue": 59,
        "Gross Profit": 18,
        "Operating Income": 2,
        "EBIT": 3,
        "Net Income": 1
    },
    "2019-07-31": {
        "Diluted EPS": 0.12,
        "Total Revenue": 43,
        "Gross Profit": 13,
        "Operating Income": 2,
        "EBIT": 2,
        "Net Income": 1
    },
    "2019-04-30": {
        "Diluted EPS": 0.24,
        "Total Revenue": 41,
        "Gross Profit": 14,
        "Operating Income": 3,
        "EBIT": 4,
        "Net Income": 2
    },
    "2019-01-31": {
        "Diluted EPS": 0.21,
        "Total Revenue": 45,
        "Gross Profit": 16,
        "Operating Income": 3,
        "EBIT": 4,
        "Net Income": 2
    },
    "2018-10-31": {
        "Diluted EPS": 0.22,
        "Total Revenue": 57,
        "Gross Profit": 18,
        "Operating Income": 3,
        "EBIT": 4,
        "Net Income": 2
    },
    "2018-07-31": {
        "Diluted EPS": 0.16,
        "Total Revenue": 38,
        "Gross Profit": 12,
        "Operating Income": 2,
        "EBIT": 2,
        "Net Income": 1
    },
    "2018-04-30": {
        "Diluted EPS": 0.52,
        "Total Revenue": 38,
        "Gross Profit": 12,
        "Operating Income": 6,
        "EBIT": 7,
        "Net Income": 5
    },
    "2018-01-31": {
        "Diluted EPS": -0.18,
        "Total Revenue": 41,
        "Gross Profit": 14,
        "Operating Income": 2,
        "EBIT": 3,
        "Net Income": -2
    },
    "2017-10-31": {
        "Diluted EPS": 0.33,
        "Total Revenue": 56,
        "Gross Profit": 20,
        "Operating Income": 4,
        "EBIT": 5,
        "Net Income": 3
    },
    "2017-07-31": {
        "Diluted EPS": 0.22,
        "Total Revenue": 37,
        "Gross Profit": 14,
        "Operating Income": 3,
        "EBIT": 4,
        "Net Income": 2
    },
    "2017-04-30": {
        "Diluted EPS": 0.15,
        "Total Revenue": 34,
        "Gross Profit": 13,
        "Operating Income": 2,
        "EBIT": 3,
        "Net Income": 1
    },
    "2017-01-31": {
        "Diluted EPS": 0.27,
        "Total Revenue": 40,
        "Gross Profit": 15,
        "Operating Income": 3,
        "EBIT": 4,
        "Net Income": 2
    },
    "2016-10-31": {
        "Diluted EPS": 0.29,
        "Total Revenue": 43,
        "Gross Profit": 17,
        "Operating Income": 3,
        "EBIT": 4,
        "Net Income": 3
    },
    "2016-07-31": {
        "Diluted EPS": 0.2,
        "Total Revenue": 30,
        "Gross Profit": 12,
        "Operating Income": 2,
        "EBIT": 3,
        "Net Income": 2
    },
    "2016-04-30": {
        "Diluted EPS": 0.16,
        "Total Revenue": 31,
        "Gross Profit": 12,
        "Operating Income": 2,
        "EBIT": 3,
        "Net Income": 1
    },
    "2016-01-31": {
        "Diluted EPS": 0.21,
        "Total Revenue": 36,
        "Gross Profit": 14,
        "Operating Income": 3,
        "EBIT": 4,
        "Net Income": 2
    },
    "2015-10-31": {
        "Diluted EPS": 1.21,
        "Total Revenue": 43,
        "Gross Profit": 16,
        "Operating Income": 3,
        "EBIT": 4,
        "Net Income": 11
    },
    "2015-07-31": {
        "Diluted EPS": 0.2,
        "Total Revenue": 26,
        "Gross Profit": 11,
        "Operating Income": 2,
        "EBIT": 3,
        "Net Income": 2
    },
    "2015-04-30": {
        "Diluted EPS": 0.24,
        "Total Revenue": 27,
        "Gross Profit": 10,
        "Operating Income": 2,
        "EBIT": 3,
        "Net Income": 2
    },
    "2015-01-31": {
        "Diluted EPS": 0.05,
        "Total Revenue": 35,
        "Gross Profit": 10,
        "Operating Income": 0,
        "EBIT": 1,
        "Net Income": 0
    },
    "2014-10-31": {
        "Diluted EPS": -0.11,
        "Total Revenue": 42,
        "Gross Profit": 12,
        "Operating Income": -1,
        "EBIT": 0,
        "Net Income": -1
    },
    "2014-07-31": {
        "Diluted EPS": -0.26,
        "Total Revenue": 28,
        "Gross Profit": 7,
        "Operating Income": -2,
        "EBIT": -2,
        "Net Income": -2
    },
    "2014-04-30": {
        "Diluted EPS": -0.14,
        "Total Revenue": 31,
        "Gross Profit": 9,
        "Operating Income": -1,
        "EBIT": -1,
        "Net Income": -1
    },
    "2014-01-31": {
        "Diluted EPS": 0.03,
        "Total Revenue": 32,
        "Gross Profit": 10,
        "Operating Income": 0,
        "EBIT": 1,
        "Net Income": 0
    },
    "2013-10-31": {
        "Diluted EPS": 0.12,
        "Total Revenue": 40,
        "Gross Profit": 14,
        "Operating Income": 1,
        "EBIT": 2,
        "Net Income": 1
    },
    "2013-07-31": {
        "Diluted EPS": 0.0,
        "Total Revenue": 29,
        "Gross Profit": 9,
        "Operating Income": 0,
        "EBIT": 0,
        "Net Income": 0
    },
    "2013-04-30": {
        "Diluted EPS": 0.01,
        "Total Revenue": 29,
        "Gross Profit": 10,
        "Operating Income": 0,
        "EBIT": 1,
        "Net Income": 0
    },
    "2013-01-31": {
        "Diluted EPS": 0.19,
        "Total Revenue": 31,
        "Gross Profit": 12,
        "Operating Income": 2,
        "EBIT": 2,
        "Net Income": 2
    },
    "2012-10-31": {
        "Diluted EPS": 0.23,
        "Total Revenue": 42,
        "Gross Profit": 16,
        "Operating Income": 2,
        "EBIT": 3,
        "Net Income": 2
    },
    "2012-07-31": {
        "Diluted EPS": 0.09,
        "Total Revenue": 28,
        "Gross Profit": 10,
        "Operating Income": 1,
        "EBIT": 1,
        "Net Income": 1
    },
    "2012-04-30": {
        "Diluted EPS": 0.11,
        "Total Revenue": 27,
        "Gross Profit": 10,
        "Operating Income": 1,
        "EBIT": 1,
        "Net Income": 1
    },
    "2012-01-31": {
        "Diluted EPS": -0.03,
        "Total Revenue": 30,
        "Gross Profit": 9,
        "Operating Income": 0,
        "EBIT": 0,
        "Net Income": 0
    },
    "2011-10-31": {
        "Diluted EPS": -0.11,
        "Total Revenue": 38,
        "Gross Profit": 11,
        "Operating Income": -1,
        "EBIT": -1,
        "Net Income": -1
    },
    "2011-07-31": {
        "Diluted EPS": -0.05,
        "Total Revenue": 27,
        "Gross Profit": 8,
        "Operating Income": -1,
        "EBIT": 0,
        "Net Income": 0
    },
    "2011-04-30": {
        "Diluted EPS": -0.02,
        "Total Revenue": 25,
        "Gross Profit": 8,
        "Operating Income": 0,
        "EBIT": 0,
        "Net Income": 0
    },
    "2011-01-31": {
        "Diluted EPS": 0.13,
        "Total Revenue": 29,
        "Gross Profit": 10,
        "Operating Income": 1,
        "EBIT": 1,
        "Net Income": 1
    },
    "2010-10-31": {
        "Diluted EPS": 0.19,
        "Total Revenue": 35,
        "Gross Profit": 13,
        "Operating Income": 1,
        "EBIT": 2,
        "Net Income": 2
    },
    "2010-07-31": {
        "Diluted EPS": -0.08,
        "Total Revenue": 27,
        "Gross Profit": 10,
        "Operating Income": 0,
        "EBIT": 0,
        "Net Income": -1
    },
    "2010-04-30": {
        "Diluted EPS": 0.2,
        "Total Revenue": 27,
        "Gross Profit": 12,
        "Operating Income": 2,
        "EBIT": 3,
        "Net Income": 2
    },
    "2010-01-31": {
        "Diluted EPS": 0.15,
        "Total Revenue": 29,
        "Gross Profit": 12,
        "Operating Income": 2,
        "EBIT": 2,
        "Net Income": 1
    },
    "2009-10-31": {
        "Diluted EPS": 0.34,
        "Total Revenue": 39,
        "Gross Profit": 17,
        "Operating Income": 3,
        "EBIT": 4,
        "Net Income": 3
    },
    "2009-07-31": {
        "Diluted EPS": 0.11,
        "Total Revenue": 26,
        "Gross Profit": 11,
        "Operating Income": 1,
        "EBIT": 2,
        "Net Income": 1
    },
    "2009-04-30": {
        "Diluted EPS": 0.11,
        "Total Revenue": 26,
        "Gross Profit": 10,
        "Operating Income": 1,
        "EBIT": 2,
        "Net Income": 1
    },
    "2009-01-31": {
        "Diluted EPS": 0.16,
        "Total Revenue": 32,
        "Gross Profit": 12,
        "Operating Income": 1,
        "EBIT": 2,
        "Net Income": 1
    },
    "2023-07-31": {
        "Tax Effect Of Unusual Items": NaN,
        "Tax Rate For Calcs": NaN,
        "Normalized EBITDA": NaN,
        "Total Unusual Items": NaN,
        "Total Unusual Items Excluding Goodwill": NaN,
        "Net Income From Continuing Operation Net Minority Interest": NaN,
        "Reconciled Depreciation": NaN,
        "Reconciled Cost Of Revenue": NaN,
        "EBITDA": NaN,
        "EBIT": NaN,
        "Net Interest Income": NaN,
        "Interest Expense": NaN,
        "Interest Income": NaN,
        "Normalized Income": NaN,
        "Net Income From Continuing And Discontinued Operation": NaN,
        "Total Expenses": NaN,
        "Rent Expense Supplemental": 665000.0,
        "Total Operating Income As Reported": NaN,
        "Diluted Average Shares": NaN,
        "Basic Average Shares": NaN,
        "Diluted EPS": NaN,
        "Basic EPS": NaN,
        "Diluted NI Availto Com Stockholders": NaN,
        "Net Income Common Stockholders": NaN,
        "Net Income": NaN,
        "Net Income Including Noncontrolling Interests": NaN,
        "Net Income Continuous Operations": NaN,
        "Tax Provision": NaN,
        "Pretax Income": NaN,
        "Other Income Expense": NaN,
        "Special Income Charges": NaN,
        "Gain On Sale Of Ppe": NaN,
        "Other Special Charges": NaN,
        "Net Non Operating Interest Income Expense": NaN,
        "Total Other Finance Cost": NaN,
        "Interest Expense Non Operating": NaN,
        "Interest Income Non Operating": NaN,
        "Operating Income": NaN,
        "Operating Expense": NaN,
        "Other Operating Expenses": NaN,
        "Provision For Doubtful Accounts": -129000.0,
        "Selling General And Administration": NaN,
        "Selling And Marketing Expense": 2134000.0,
        "General And Administrative Expense": NaN,
        "Other Gand A": NaN,
        "Insurance And Claims": 765000.0,
        "Rent And Landing Fees": 665000.0,
        "Salaries And Wages": NaN,
        "Gross Profit": NaN,
        "Cost Of Revenue": NaN,
        "Total Revenue": NaN,
        "Operating Revenue": NaN
    },
    "2023-06-30": {
        "Tax Effect Of Unusual Items": NaN,
        "Tax Rate For Calcs": NaN,
        "Normalized EBITDA": NaN,
        "Total Unusual Items": NaN,
        "Total Unusual Items Excluding Goodwill": NaN,
        "Net Income From Continuing Operation Net Minority Interest": NaN,
        "Reconciled Depreciation": NaN,
        "Reconciled Cost Of Revenue": NaN,
        "EBITDA": NaN,
        "EBIT": NaN,
        "Net Interest Income": NaN,
        "Interest Expense": NaN,
        "Interest Income": NaN,
        "Normalized Income": NaN,
        "Net Income From Continuing And Discontinued Operation": NaN,
        "Total Expenses": NaN,
        "Rent Expense Supplemental": 665000.0,
        "Total Operating Income As Reported": NaN,
        "Diluted Average Shares": NaN,
        "Basic Average Shares": NaN,
        "Diluted EPS": NaN,
        "Basic EPS": NaN,
        "Diluted NI Availto Com Stockholders": NaN,
        "Net Income Common Stockholders": NaN,
        "Net Income": NaN,
        "Net Income Including Noncontrolling Interests": NaN,
        "Net Income Continuous Operations": NaN,
        "Tax Provision": NaN,
        "Pretax Income": NaN,
        "Other Income Expense": NaN,
        "Special Income Charges": NaN,
        "Gain On Sale Of Ppe": NaN,
        "Other Special Charges": NaN,
        "Net Non Operating Interest Income Expense": NaN,
        "Total Other Finance Cost": NaN,
        "Interest Expense Non Operating": NaN,
        "Interest Income Non Operating": NaN,
        "Operating Income": NaN,
        "Operating Expense": NaN,
        "Other Operating Expenses": NaN,
        "Provision For Doubtful Accounts": NaN,
        "Selling General And Administration": NaN,
        "Selling And Marketing Expense": 2134000.0,
        "General And Administrative Expense": NaN,
        "Other Gand A": NaN,
        "Insurance And Claims": NaN,
        "Rent And Landing Fees": 665000.0,
        "Salaries And Wages": NaN,
        "Gross Profit": NaN,
        "Cost Of Revenue": NaN,
        "Total Revenue": NaN,
        "Operating Revenue": NaN
    },
    "2022-06-30": {
        "Tax Effect Of Unusual Items": 16439065.447546,
        "Tax Rate For Calcs": 0.290217,
        "Normalized EBITDA": 1801000.0,
        "Total Unusual Items": 56644000.0,
        "Total Unusual Items Excluding Goodwill": 56644000.0,
        "Net Income From Continuing Operation Net Minority Interest": 41298000.0,
        "Reconciled Depreciation": NaN,
        "Reconciled Cost Of Revenue": 42498000.0,
        "EBITDA": 58445000.0,
        "EBIT": 58445000.0,
        "Net Interest Income": -261000.0,
        "Interest Expense": 261000.0,
        "Normalized Income": 1093065.447546,
        "Net Income From Continuing And Discontinued Operation": 41298000.0,
        "Total Expenses": 57718000.0,
        "Rent Expense Supplemental": NaN,
        "Total Operating Income As Reported": 59446000.0,
        "Diluted Average Shares": 9076832.0,
        "Basic Average Shares": 9076832.0,
        "Diluted EPS": 4.55,
        "Basic EPS": 4.55,
        "Diluted NI Availto Com Stockholders": 41298000.0,
        "Net Income Common Stockholders": 41298000.0,
        "Net Income": 41298000.0,
        "Net Income Including Noncontrolling Interests": 41298000.0,
        "Net Income Continuous Operations": 41298000.0,
        "Tax Provision": 16886000.0,
        "Pretax Income": 58184000.0,
        "Other Income Expense": 56644000.0,
        "Special Income Charges": 56644000.0,
        "Gain On Sale Of Ppe": 57645000.0,
        "Other Special Charges": 1001000.0,
        "Net Non Operating Interest Income Expense": -261000.0,
        "Interest Expense Non Operating": 261000.0,
        "Operating Income": 1801000.0,
        "Operating Expense": 15220000.0,
        "Other Operating Expenses": NaN,
        "Provision For Doubtful Accounts": 111000.0,
        "Selling General And Administration": 15109000.0,
        "Selling And Marketing Expense": 2488000.0,
        "General And Administrative Expense": 12621000.0,
        "Other Gand A": 6001000.0,
        "Insurance And Claims": 375000.0,
        "Rent And Landing Fees": NaN,
        "Salaries And Wages": 6245000.0,
        "Gross Profit": 17021000.0,
        "Cost Of Revenue": 42498000.0,
        "Total Revenue": 59519000.0,
        "Operating Revenue": 59519000.0
    },
    "2024-01-31": {
        "Tax Effect Of Unusual Items": NaN,
        "Tax Rate For Calcs": NaN,
        "Normalized EBITDA": NaN,
        "Total Unusual Items": NaN,
        "Total Unusual Items Excluding Goodwill": NaN,
        "Net Income From Continuing Operation Net Minority Interest": NaN,
        "Reconciled Depreciation": NaN,
        "Reconciled Cost Of Revenue": NaN,
        "EBITDA": NaN,
        "EBIT": NaN,
        "Net Interest Income": NaN,
        "Interest Expense": NaN,
        "Interest Income": NaN,
        "Normalized Income": NaN,
        "Net Income From Continuing And Discontinued Operation": NaN,
        "Total Expenses": NaN,
        "Rent Expense Supplemental": NaN,
        "Total Operating Income As Reported": NaN,
        "Diluted Average Shares": NaN,
        "Basic Average Shares": NaN,
        "Diluted EPS": NaN,
        "Basic EPS": NaN,
        "Diluted NI Availto Com Stockholders": NaN,
        "Net Income Common Stockholders": NaN,
        "Net Income": NaN,
        "Net Income Including Noncontrolling Interests": NaN,
        "Net Income Continuous Operations": NaN,
        "Tax Provision": NaN,
        "Pretax Income": NaN,
        "Other Income Expense": NaN,
        "Special Income Charges": NaN,
        "Gain On Sale Of Ppe": NaN,
        "Other Special Charges": NaN,
        "Net Non Operating Interest Income Expense": NaN,
        "Total Other Finance Cost": 171000.0,
        "Interest Expense Non Operating": NaN,
        "Interest Income Non Operating": NaN,
        "Operating Income": NaN,
        "Operating Expense": NaN,
        "Other Operating Expenses": NaN,
        "Provision For Doubtful Accounts": -7000.0,
        "Selling General And Administration": NaN,
        "Selling And Marketing Expense": 2235000.0,
        "General And Administrative Expense": NaN,
        "Other Gand A": NaN,
        "Insurance And Claims": 459000.0,
        "Rent And Landing Fees": NaN,
        "Salaries And Wages": NaN,
        "Gross Profit": NaN,
        "Cost Of Revenue": NaN,
        "Total Revenue": NaN,
        "Operating Revenue": NaN
    },
    "2024-04-30": {
        "Tax Effect Of Unusual Items": NaN,
        "Tax Rate For Calcs": NaN,
        "Normalized EBITDA": NaN,
        "Total Unusual Items": NaN,
        "Total Unusual Items Excluding Goodwill": NaN,
        "Net Income From Continuing Operation Net Minority Interest": NaN,
        "Reconciled Depreciation": NaN,
        "Reconciled Cost Of Revenue": NaN,
        "EBITDA": NaN,
        "EBIT": NaN,
        "Net Interest Income": NaN,
        "Interest Expense": NaN,
        "Interest Income": 25000.0,
        "Normalized Income": NaN,
        "Net Income From Continuing And Discontinued Operation": NaN,
        "Total Expenses": NaN,
        "Rent Expense Supplemental": NaN,
        "Total Operating Income As Reported": NaN,
        "Diluted Average Shares": NaN,
        "Basic Average Shares": NaN,
        "Diluted EPS": NaN,
        "Basic EPS": NaN,
        "Diluted NI Availto Com Stockholders": NaN,
        "Net Income Common Stockholders": NaN,
        "Net Income": NaN,
        "Net Income Including Noncontrolling Interests": NaN,
        "Net Income Continuous Operations": NaN,
        "Tax Provision": NaN,
        "Pretax Income": NaN,
        "Other Income Expense": NaN,
        "Special Income Charges": NaN,
        "Gain On Sale Of Ppe": NaN,
        "Other Special Charges": NaN,
        "Net Non Operating Interest Income Expense": NaN,
        "Total Other Finance Cost": NaN,
        "Interest Expense Non Operating": NaN,
        "Interest Income Non Operating": 25000.0,
        "Operating Income": NaN,
        "Operating Expense": NaN,
        "Other Operating Expenses": 455000.0,
        "Provision For Doubtful Accounts": NaN,
        "Selling General And Administration": NaN,
        "Selling And Marketing Expense": 2318000.0,
        "General And Administrative Expense": NaN,
        "Other Gand A": NaN,
        "Insurance And Claims": NaN,
        "Rent And Landing Fees": NaN,
        "Salaries And Wages": 4814000.0,
        "Gross Profit": NaN,
        "Cost Of Revenue": NaN,
        "Total Revenue": NaN,
        "Operating Revenue": NaN
    },
    "2024-06-30": {
        "Tax Effect Of Unusual Items": NaN,
        "Tax Rate For Calcs": NaN,
        "Normalized EBITDA": NaN,
        "Total Unusual Items": NaN,
        "Total Unusual Items Excluding Goodwill": NaN,
        "Net Income From Continuing Operation Net Minority Interest": NaN,
        "Reconciled Depreciation": NaN,
        "Reconciled Cost Of Revenue": NaN,
        "EBITDA": NaN,
        "EBIT": NaN,
        "Net Interest Income": NaN,
        "Interest Expense": 75000.0,
        "Interest Income": NaN,
        "Normalized Income": NaN,
        "Net Income From Continuing And Discontinued Operation": NaN,
        "Total Expenses": NaN,
        "Rent Expense Supplemental": 445000.0,
        "Total Operating Income As Reported": NaN,
        "Diluted Average Shares": 9076832.0,
        "Basic Average Shares": 9076832.0,
        "Diluted EPS": -0.2,
        "Basic EPS": -0.2,
        "Diluted NI Availto Com Stockholders": NaN,
        "Net Income Common Stockholders": NaN,
        "Net Income": NaN,
        "Net Income Including Noncontrolling Interests": NaN,
        "Net Income Continuous Operations": NaN,
        "Tax Provision": NaN,
        "Pretax Income": NaN,
        "Other Income Expense": NaN,
        "Special Income Charges": NaN,
        "Gain On Sale Of Ppe": NaN,
        "Other Special Charges": NaN,
        "Net Non Operating Interest Income Expense": NaN,
        "Total Other Finance Cost": NaN,
        "Interest Expense Non Operating": 75000.0,
        "Interest Income Non Operating": NaN,
        "Operating Income": NaN,
        "Operating Expense": NaN,
        "Other Operating Expenses": NaN,
        "Provision For Doubtful Accounts": 347000.0,
        "Selling General And Administration": NaN,
        "Selling And Marketing Expense": NaN,
        "General And Administrative Expense": NaN,
        "Other Gand A": NaN,
        "Insurance And Claims": 475000.0,
        "Rent And Landing Fees": 445000.0,
        "Salaries And Wages": 5358000.0,
        "Gross Profit": NaN,
        "Cost Of Revenue": NaN,
        "Total Revenue": NaN,
        "Operating Revenue": NaN
    },
    "2024-07-31": {
        "Tax Effect Of Unusual Items": 230788.263283,
        "Tax Rate For Calcs": 0.298176,
        "Normalized EBITDA": -1838000.0,
        "Total Unusual Items": 774000.0,
        "Total Unusual Items Excluding Goodwill": 774000.0,
        "Net Income From Continuing Operation Net Minority Interest": -1770000.0,
        "Reconciled Depreciation": 1383000.0,
        "Reconciled Cost Of Revenue": 38039000.0,
        "EBITDA": -1064000.0,
        "EBIT": -2447000.0,
        "Net Interest Income": -75000.0,
        "Interest Expense": 75000.0,
        "Interest Income": NaN,
        "Normalized Income": -2313211.736717,
        "Net Income From Continuing And Discontinued Operation": -1770000.0,
        "Total Expenses": 52484000.0,
        "Rent Expense Supplemental": 445000.0,
        "Total Operating Income As Reported": -3384000.0,
        "Diluted Average Shares": 9076832.0,
        "Basic Average Shares": 9076832.0,
        "Diluted EPS": -0.2,
        "Basic EPS": -0.2,
        "Diluted NI Availto Com Stockholders": -1770000.0,
        "Net Income Common Stockholders": -1770000.0,
        "Net Income": -1770000.0,
        "Net Income Including Noncontrolling Interests": -1770000.0,
        "Net Income Continuous Operations": -1770000.0,
        "Tax Provision": -752000.0,
        "Pretax Income": -2522000.0,
        "Other Income Expense": 774000.0,
        "Special Income Charges": 774000.0,
        "Gain On Sale Of Ppe": -163000.0,
        "Other Special Charges": -937000.0,
        "Net Non Operating Interest Income Expense": -75000.0,
        "Total Other Finance Cost": NaN,
        "Interest Expense Non Operating": 75000.0,
        "Interest Income Non Operating": NaN,
        "Operating Income": -3221000.0,
        "Operating Expense": 14445000.0,
        "Other Operating Expenses": NaN,
        "Provision For Doubtful Accounts": 347000.0,
        "Selling General And Administration": 14098000.0,
        "Selling And Marketing Expense": NaN,
        "General And Administrative Expense": 14098000.0,
        "Other Gand A": 14098000.0,
        "Insurance And Claims": 475000.0,
        "Rent And Landing Fees": 445000.0,
        "Salaries And Wages": 5358000.0,
        "Gross Profit": 11224000.0,
        "Cost Of Revenue": 38039000.0,
        "Total Revenue": 49263000.0,
        "Operating Revenue": 49263000.0
    },
    "2023-10-31": {
        "Tax Effect Of Unusual Items": NaN,
        "Tax Rate For Calcs": NaN,
        "Normalized EBITDA": NaN,
        "Total Unusual Items": NaN,
        "Total Unusual Items Excluding Goodwill": NaN,
        "Net Income From Continuing Operation Net Minority Interest": NaN,
        "Reconciled Depreciation": NaN,
        "Reconciled Cost Of Revenue": NaN,
        "EBITDA": NaN,
        "EBIT": NaN,
        "Net Interest Income": NaN,
        "Interest Expense": NaN,
        "Interest Income": NaN,
        "Normalized Income": NaN,
        "Net Income From Continuing And Discontinued Operation": NaN,
        "Total Expenses": NaN,
        "Rent Expense Supplemental": NaN,
        "Total Operating Income As Reported": NaN,
        "Diluted Average Shares": NaN,
        "Basic Average Shares": NaN,
        "Diluted EPS": NaN,
        "Basic EPS": NaN,
        "Diluted NI Availto Com Stockholders": NaN,
        "Net Income Common Stockholders": NaN,
        "Net Income": NaN,
        "Net Income Including Noncontrolling Interests": NaN,
        "Net Income Continuous Operations": NaN,
        "Tax Provision": NaN,
        "Pretax Income": NaN,
        "Other Income Expense": NaN,
        "Special Income Charges": NaN,
        "Gain On Sale Of Ppe": NaN,
        "Other Special Charges": NaN,
        "Net Non Operating Interest Income Expense": NaN,
        "Total Other Finance Cost": NaN,
        "Interest Expense Non Operating": NaN,
        "Interest Income Non Operating": NaN,
        "Operating Income": NaN,
        "Operating Expense": NaN,
        "Other Operating Expenses": 467000.0,
        "Provision For Doubtful Accounts": NaN,
        "Selling General And Administration": NaN,
        "Selling And Marketing Expense": NaN,
        "General And Administrative Expense": NaN,
        "Other Gand A": NaN,
        "Insurance And Claims": NaN,
        "Rent And Landing Fees": NaN,
        "Salaries And Wages": NaN,
        "Gross Profit": NaN,
        "Cost Of Revenue": NaN,
        "Total Revenue": NaN,
        "Operating Revenue": NaN
    },
    "2024-10-31": {
        "Tax Effect Of Unusual Items": 6604.982206,
        "Tax Rate For Calcs": 0.227758,
        "Normalized EBITDA": 1388000.0,
        "Total Unusual Items": 29000.0,
        "Total Unusual Items Excluding Goodwill": 29000.0,
        "Net Income From Continuing Operation Net Minority Interest": -651000.0,
        "Reconciled Depreciation": 2051000.0,
        "Reconciled Cost Of Revenue": 53886000.0,
        "EBITDA": 1417000.0,
        "EBIT": -634000.0,
        "Net Interest Income": -209000.0,
        "Interest Expense": 209000.0,
        "Interest Income": NaN,
        "Normalized Income": -673395.017794,
        "Net Income From Continuing And Discontinued Operation": -651000.0,
        "Total Expenses": 72889000.0,
        "Rent Expense Supplemental": NaN,
        "Total Operating Income As Reported": -648000.0,
        "Diluted Average Shares": NaN,
        "Basic Average Shares": NaN,
        "Diluted EPS": NaN,
        "Basic EPS": NaN,
        "Diluted NI Availto Com Stockholders": -651000.0,
        "Net Income Common Stockholders": -651000.0,
        "Net Income": -651000.0,
        "Net Income Including Noncontrolling Interests": -651000.0,
        "Net Income Continuous Operations": -651000.0,
        "Tax Provision": -192000.0,
        "Pretax Income": -843000.0,
        "Other Income Expense": 29000.0,
        "Special Income Charges": 29000.0,
        "Gain On Sale Of Ppe": 15000.0,
        "Other Special Charges": -14000.0,
        "Net Non Operating Interest Income Expense": -209000.0,
        "Total Other Finance Cost": NaN,
        "Interest Expense Non Operating": 209000.0,
        "Interest Income Non Operating": NaN,
        "Operating Income": -663000.0,
        "Operating Expense": 19003000.0,
        "Other Operating Expenses": 497000.0,
        "Provision For Doubtful Accounts": NaN,
        "Selling General And Administration": 18506000.0,
        "Selling And Marketing Expense": 2655000.0,
        "General And Administrative Expense": 15851000.0,
        "Other Gand A": 8741000.0,
        "Insurance And Claims": NaN,
        "Rent And Landing Fees": NaN,
        "Salaries And Wages": 7110000.0,
        "Gross Profit": 18340000.0,
        "Cost Of Revenue": 53886000.0,
        "Total Revenue": 72226000.0,
        "Operating Revenue": 72226000.0
    },
    "2025-01-31": {
        "Tax Effect Of Unusual Items": 158950.0,
        "Tax Rate For Calcs": 0.289,
        "Normalized EBITDA": -1056000.0,
        "Total Unusual Items": 550000.0,
        "Total Unusual Items Excluding Goodwill": 550000.0,
        "Net Income From Continuing Operation Net Minority Interest": -1113000.0,
        "Reconciled Depreciation": 1522000.0,
        "Reconciled Cost Of Revenue": 39660000.0,
        "EBITDA": -506000.0,
        "EBIT": -2028000.0,
        "Net Interest Income": -88000.0,
        "Interest Expense": NaN,
        "Interest Income": NaN,
        "Normalized Income": -1504050.0,
        "Net Income From Continuing And Discontinued Operation": -1113000.0,
        "Total Expenses": 54573000.0,
        "Rent Expense Supplemental": NaN,
        "Total Operating Income As Reported": -2012000.0,
        "Diluted Average Shares": 9076832.0,
        "Basic Average Shares": 9076832.0,
        "Diluted EPS": -0.12,
        "Basic EPS": -0.12,
        "Diluted NI Availto Com Stockholders": -1113000.0,
        "Net Income Common Stockholders": -1113000.0,
        "Net Income": -1113000.0,
        "Net Income Including Noncontrolling Interests": -1113000.0,
        "Net Income Continuous Operations": -1113000.0,
        "Tax Provision": -453000.0,
        "Pretax Income": -1566000.0,
        "Other Income Expense": 550000.0,
        "Special Income Charges": 550000.0,
        "Gain On Sale Of Ppe": 16000.0,
        "Other Special Charges": -534000.0,
        "Net Non Operating Interest Income Expense": -88000.0,
        "Total Other Finance Cost": 88000.0,
        "Interest Expense Non Operating": NaN,
        "Interest Income Non Operating": NaN,
        "Operating Income": -2028000.0,
        "Operating Expense": 14913000.0,
        "Other Operating Expenses": NaN,
        "Provision For Doubtful Accounts": 357000.0,
        "Selling General And Administration": 14556000.0,
        "Selling And Marketing Expense": 2040000.0,
        "General And Administrative Expense": 12516000.0,
        "Other Gand A": 12228000.0,
        "Insurance And Claims": 288000.0,
        "Rent And Landing Fees": NaN,
        "Salaries And Wages": NaN,
        "Gross Profit": 12885000.0,
        "Cost Of Revenue": 39660000.0,
        "Total Revenue": 52545000.0,
        "Operating Revenue": 52545000.0
    },
    "2025-04-30": {
        "Tax Effect Of Unusual Items": -281664.0,
        "Tax Rate For Calcs": 0.192,
        "Normalized EBITDA": -1633000.0,
        "Total Unusual Items": -1467000.0,
        "Total Unusual Items Excluding Goodwill": -1467000.0,
        "Net Income From Continuing Operation Net Minority Interest": -3860000.0,
        "Reconciled Depreciation": 1582000.0,
        "Reconciled Cost Of Revenue": 39568000.0,
        "EBITDA": -3100000.0,
        "EBIT": -4682000.0,
        "Net Interest Income": -93000.0,
        "Interest Expense": 93000.0,
        "Interest Income": NaN,
        "Normalized Income": -2674664.0,
        "Net Income From Continuing And Discontinued Operation": -3860000.0,
        "Total Expenses": 53854000.0,
        "Rent Expense Supplemental": NaN,
        "Total Operating Income As Reported": -3187000.0,
        "Diluted Average Shares": 9076832.0,
        "Basic Average Shares": 9076832.0,
        "Diluted EPS": -0.43,
        "Basic EPS": -0.43,
        "Diluted NI Availto Com Stockholders": -3860000.0,
        "Net Income Common Stockholders": -3860000.0,
        "Net Income": -3860000.0,
        "Net Income Including Noncontrolling Interests": -3860000.0,
        "Net Income Continuous Operations": -3860000.0,
        "Tax Provision": -915000.0,
        "Pretax Income": -4775000.0,
        "Other Income Expense": -1467000.0,
        "Special Income Charges": -1467000.0,
        "Gain On Sale Of Ppe": 28000.0,
        "Other Special Charges": 1495000.0,
        "Net Non Operating Interest Income Expense": -93000.0,
        "Total Other Finance Cost": NaN,
        "Interest Expense Non Operating": 93000.0,
        "Interest Income Non Operating": NaN,
        "Operating Income": -3215000.0,
        "Operating Expense": 14286000.0,
        "Other Operating Expenses": 123000.0,
        "Provision For Doubtful Accounts": NaN,
        "Selling General And Administration": 14163000.0,
        "Selling And Marketing Expense": 2101000.0,
        "General And Administrative Expense": 12062000.0,
        "Other Gand A": 6859000.0,
        "Insurance And Claims": NaN,
        "Rent And Landing Fees": NaN,
        "Salaries And Wages": 5203000.0,
        "Gross Profit": 11071000.0,
        "Cost Of Revenue": 39568000.0,
        "Total Revenue": 50639000.0,
        "Operating Revenue": 50639000.0
    },
    "2025-07-31": {
        "Tax Effect Of Unusual Items": 548211.206897,
        "Tax Rate For Calcs": 0.358542,
        "Normalized EBITDA": -2624000.0,
        "Total Unusual Items": 1529000.0,
        "Total Unusual Items Excluding Goodwill": 1529000.0,
        "Net Income From Continuing Operation Net Minority Interest": -1637000.0,
        "Reconciled Depreciation": 1355000.0,
        "Reconciled Cost Of Revenue": 41325000.0,
        "EBITDA": -1095000.0,
        "EBIT": -2450000.0,
        "Net Interest Income": -102000.0,
        "Interest Expense": 102000.0,
        "Interest Income": NaN,
        "Normalized Income": -2617788.793103,
        "Net Income From Continuing And Discontinued Operation": -1637000.0,
        "Total Expenses": 55933000.0,
        "Rent Expense Supplemental": NaN,
        "Total Operating Income As Reported": -3856000.0,
        "Diluted Average Shares": 9076832.0,
        "Basic Average Shares": 9076832.0,
        "Diluted EPS": -0.18,
        "Basic EPS": -0.18,
        "Diluted NI Availto Com Stockholders": -1637000.0,
        "Net Income Common Stockholders": -1637000.0,
        "Net Income": -1637000.0,
        "Net Income Including Noncontrolling Interests": -1637000.0,
        "Net Income Continuous Operations": -1637000.0,
        "Tax Provision": -915000.0,
        "Pretax Income": -2552000.0,
        "Other Income Expense": 1529000.0,
        "Special Income Charges": 1529000.0,
        "Gain On Sale Of Ppe": 123000.0,
        "Other Special Charges": -1406000.0,
        "Net Non Operating Interest Income Expense": -102000.0,
        "Total Other Finance Cost": NaN,
        "Interest Expense Non Operating": 102000.0,
        "Interest Income Non Operating": NaN,
        "Operating Income": -3979000.0,
        "Operating Expense": 14608000.0,
        "Other Operating Expenses": NaN,
        "Provision For Doubtful Accounts": -30000.0,
        "Selling General And Administration": 14638000.0,
        "Selling And Marketing Expense": NaN,
        "General And Administrative Expense": 14638000.0,
        "Other Gand A": 14638000.0,
        "Insurance And Claims": NaN,
        "Rent And Landing Fees": NaN,
        "Salaries And Wages": NaN,
        "Gross Profit": 10629000.0,
        "Cost Of Revenue": 41325000.0,
        "Total Revenue": 51954000.0,
        "Operating Revenue": 51954000.0
    }
}