{
    "2023-03-31": {
        "Tax Effect Of Unusual Items": NaN,
        "Tax Rate For Calcs": NaN,
        "Normalized EBITDA": NaN,
        "Total Unusual Items": NaN,
        "Total Unusual Items Excluding Goodwill": NaN,
        "Net Income From Continuing Operation Net Minority Interest": NaN,
        "Reconciled Depreciation": NaN,
        "Reconciled Cost Of Revenue": NaN,
        "EBITDA": NaN,
        "EBIT": NaN,
        "Net Interest Income": NaN,
        "Interest Expense": NaN,
        "Normalized Income": NaN,
        "Net Income From Continuing And Discontinued Operation": NaN,
        "Total Expenses": NaN,
        "Total Operating Income As Reported": NaN,
        "Diluted Average Shares": 11387936.0,
        "Basic Average Shares": 11387936.0,
        "Diluted EPS": -0.004566,
        "Basic EPS": -0.004566,
        "Diluted NI Availto Com Stockholders": NaN,
        "Average Dilution Earnings": NaN,
        "Net Income Common Stockholders": NaN,
        "Net Income": NaN,
        "Minority Interests": NaN,
        "Net Income Including Noncontrolling Interests": NaN,
        "Net Income Continuous Operations": NaN,
        "Tax Provision": NaN,
        "Pretax Income": NaN,
        "Other Income Expense": NaN,
        "Other Non Operating Income Expenses": NaN,
        "Special Income Charges": NaN,
        "Net Non Operating Interest Income Expense": NaN,
        "Interest Expense Non Operating": NaN,
        "Operating Income": NaN,
        "Operating Expense": NaN,
        "Selling General And Administration": NaN,
        "General And Administrative Expense": NaN,
        "Other Gand A": NaN,
        "Salaries And Wages": NaN,
        "Gross Profit": NaN,
        "Cost Of Revenue": NaN,
        "Total Revenue": NaN,
        "Operating Revenue": NaN
    },
    "2022-12-31": {
        "Tax Effect Of Unusual Items": NaN,
        "Tax Rate For Calcs": NaN,
        "Normalized EBITDA": NaN,
        "Total Unusual Items": 0.0,
        "Total Unusual Items Excluding Goodwill": 0.0,
        "Net Income From Continuing Operation Net Minority Interest": NaN,
        "Reconciled Depreciation": NaN,
        "Reconciled Cost Of Revenue": NaN,
        "EBITDA": NaN,
        "EBIT": NaN,
        "Net Interest Income": NaN,
        "Interest Expense": NaN,
        "Normalized Income": NaN,
        "Net Income From Continuing And Discontinued Operation": NaN,
        "Total Expenses": NaN,
        "Total Operating Income As Reported": NaN,
        "Diluted Average Shares": NaN,
        "Basic Average Shares": NaN,
        "Diluted EPS": NaN,
        "Basic EPS": NaN,
        "Diluted NI Availto Com Stockholders": NaN,
        "Average Dilution Earnings": NaN,
        "Net Income Common Stockholders": NaN,
        "Net Income": NaN,
        "Minority Interests": NaN,
        "Net Income Including Noncontrolling Interests": NaN,
        "Net Income Continuous Operations": NaN,
        "Tax Provision": NaN,
        "Pretax Income": NaN,
        "Other Income Expense": NaN,
        "Other Non Operating Income Expenses": NaN,
        "Special Income Charges": 0.0,
        "Other Special Charges": 0.0,
        "Net Non Operating Interest Income Expense": NaN,
        "Interest Expense Non Operating": NaN,
        "Operating Income": NaN,
        "Operating Expense": NaN,
        "Selling General And Administration": NaN,
        "General And Administrative Expense": NaN,
        "Other Gand A": NaN,
        "Salaries And Wages": NaN,
        "Gross Profit": NaN,
        "Cost Of Revenue": NaN,
        "Total Revenue": NaN,
        "Operating Revenue": NaN
    },
    "2022-09-30": {
        "Tax Effect Of Unusual Items": NaN,
        "Tax Rate For Calcs": NaN,
        "Normalized EBITDA": NaN,
        "Total Unusual Items": 0.0,
        "Total Unusual Items Excluding Goodwill": 0.0,
        "Net Income From Continuing Operation Net Minority Interest": NaN,
        "Reconciled Depreciation": NaN,
        "Reconciled Cost Of Revenue": NaN,
        "EBITDA": NaN,
        "EBIT": NaN,
        "Net Interest Income": NaN,
        "Interest Expense": NaN,
        "Normalized Income": NaN,
        "Net Income From Continuing And Discontinued Operation": NaN,
        "Total Expenses": NaN,
        "Total Operating Income As Reported": NaN,
        "Diluted Average Shares": 96574462.0,
        "Basic Average Shares": 10884306.0,
        "Diluted EPS": 0.05,
        "Basic EPS": 0.06,
        "Diluted NI Availto Com Stockholders": NaN,
        "Average Dilution Earnings": NaN,
        "Net Income Common Stockholders": NaN,
        "Net Income": NaN,
        "Minority Interests": NaN,
        "Net Income Including Noncontrolling Interests": NaN,
        "Net Income Continuous Operations": NaN,
        "Tax Provision": NaN,
        "Pretax Income": NaN,
        "Other Income Expense": NaN,
        "Other Non Operating Income Expenses": NaN,
        "Special Income Charges": 0.0,
        "Other Special Charges": NaN,
        "Net Non Operating Interest Income Expense": NaN,
        "Interest Expense Non Operating": NaN,
        "Operating Income": NaN,
        "Operating Expense": NaN,
        "Selling General And Administration": NaN,
        "General And Administrative Expense": NaN,
        "Other Gand A": NaN,
        "Salaries And Wages": NaN,
        "Gross Profit": NaN,
        "Cost Of Revenue": NaN,
        "Total Revenue": NaN,
        "Operating Revenue": NaN
    },
    "2022-06-30": {
        "Tax Effect Of Unusual Items": -18043.73706,
        "Tax Rate For Calcs": 0.029244,
        "Normalized EBITDA": 6025000.0,
        "Total Unusual Items": -617000.0,
        "Total Unusual Items Excluding Goodwill": -617000.0,
        "Net Income From Continuing Operation Net Minority Interest": 424000.0,
        "Reconciled Depreciation": 398000.0,
        "Reconciled Cost Of Revenue": 50988000.0,
        "EBITDA": 5408000.0,
        "EBIT": 5010000.0,
        "Net Interest Income": -1146000.0,
        "Interest Expense": 1146000.0,
        "Normalized Income": 1022956.26294,
        "Net Income From Continuing And Discontinued Operation": 424000.0,
        "Total Expenses": 103133000.0,
        "Total Operating Income As Reported": 5676000.0,
        "Diluted Average Shares": 96208702.0,
        "Basic Average Shares": 10810627.0,
        "Diluted EPS": 0.03,
        "Basic EPS": 0.04,
        "Diluted NI Availto Com Stockholders": 2901000.0,
        "Average Dilution Earnings": 2477000.0,
        "Net Income Common Stockholders": 424000.0,
        "Net Income": 424000.0,
        "Minority Interests": -3327000.0,
        "Net Income Including Noncontrolling Interests": 3751000.0,
        "Net Income Continuous Operations": 3751000.0,
        "Tax Provision": 113000.0,
        "Pretax Income": 3864000.0,
        "Other Income Expense": -666000.0,
        "Other Non Operating Income Expenses": -49000.0,
        "Special Income Charges": -617000.0,
        "Other Special Charges": 617000.0,
        "Net Non Operating Interest Income Expense": -1146000.0,
        "Interest Expense Non Operating": 1146000.0,
        "Operating Income": 5676000.0,
        "Operating Expense": 52145000.0,
        "Selling General And Administration": 52145000.0,
        "General And Administrative Expense": NaN,
        "Other Gand A": NaN,
        "Salaries And Wages": NaN,
        "Gross Profit": 57821000.0,
        "Cost Of Revenue": 50988000.0,
        "Total Revenue": 108809000.0,
        "Operating Revenue": 108809000.0
    },
    "2022-03-31": {
        "Diluted EPS": 0.03,
        "Total Revenue": 100,
        "Gross Profit": 50,
        "Operating Income": 5,
        "EBIT": 6,
        "Net Income": 0
    },
    "2021-12-31": {
        "Diluted EPS": 0.09,
        "Total Revenue": 122,
        "Gross Profit": 62,
        "Operating Income": 13,
        "EBIT": 14,
        "Net Income": -1
    },
    "2021-09-30": {
        "Diluted EPS": 0.01,
        "Total Revenue": 95,
        "Gross Profit": 48,
        "Operating Income": 10,
        "EBIT": 11,
        "Net Income": 0
    },
    "2021-06-30": {
        "Diluted EPS": 0.0,
        "Total Revenue": 92,
        "Gross Profit": 45,
        "Operating Income": 12,
        "EBIT": 13,
        "Net Income": NaN
    },
    "2021-03-31": {
        "Diluted EPS": 0.0,
        "Total Revenue": 71,
        "Gross Profit": 32,
        "Operating Income": 5,
        "EBIT": 6,
        "Net Income": 2
    },
    "2020-12-31": {
        "Diluted EPS": 0.0,
        "Total Revenue": NaN,
        "Gross Profit": NaN,
        "Operating Income": NaN,
        "EBIT": NaN,
        "Net Income": NaN
    },
    "2020-09-30": {
        "Diluted EPS": 0.0,
        "Total Revenue": 71,
        "Gross Profit": 31,
        "Operating Income": 9,
        "EBIT": 9,
        "Net Income": 8
    },
    "2019-12-31": {
        "Diluted EPS": 0.0,
        "Total Revenue": NaN,
        "Gross Profit": NaN,
        "Operating Income": NaN,
        "EBIT": NaN,
        "Net Income": NaN
    },
    "2023-06-30": {
        "Tax Effect Of Unusual Items": NaN,
        "Tax Rate For Calcs": NaN,
        "Normalized EBITDA": NaN,
        "Total Unusual Items": 0.0,
        "Total Unusual Items Excluding Goodwill": 0.0,
        "Net Income From Continuing Operation Net Minority Interest": NaN,
        "Reconciled Depreciation": NaN,
        "Reconciled Cost Of Revenue": NaN,
        "EBITDA": NaN,
        "EBIT": NaN,
        "Net Interest Income": NaN,
        "Interest Expense": NaN,
        "Normalized Income": NaN,
        "Net Income From Continuing And Discontinued Operation": NaN,
        "Total Expenses": NaN,
        "Total Operating Income As Reported": NaN,
        "Diluted Average Shares": 96889854.0,
        "Basic Average Shares": 11796639.0,
        "Diluted EPS": 0.01,
        "Basic EPS": 0.01,
        "Diluted NI Availto Com Stockholders": NaN,
        "Average Dilution Earnings": NaN,
        "Net Income Common Stockholders": NaN,
        "Net Income": NaN,
        "Minority Interests": NaN,
        "Net Income Including Noncontrolling Interests": NaN,
        "Net Income Continuous Operations": NaN,
        "Tax Provision": NaN,
        "Pretax Income": NaN,
        "Other Income Expense": NaN,
        "Other Non Operating Income Expenses": NaN,
        "Special Income Charges": 0.0,
        "Net Non Operating Interest Income Expense": NaN,
        "Interest Expense Non Operating": NaN,
        "Operating Income": NaN,
        "Operating Expense": NaN,
        "Selling General And Administration": NaN,
        "General And Administrative Expense": 62129000.0,
        "Other Gand A": 59729000.0,
        "Salaries And Wages": 2400000.0,
        "Gross Profit": NaN,
        "Cost Of Revenue": NaN,
        "Total Revenue": NaN,
        "Operating Revenue": NaN
    },
    "2023-09-30": {
        "Tax Effect Of Unusual Items": NaN,
        "Tax Rate For Calcs": NaN,
        "Normalized EBITDA": NaN,
        "Total Unusual Items": 0.0,
        "Total Unusual Items Excluding Goodwill": 0.0,
        "Net Income From Continuing Operation Net Minority Interest": NaN,
        "Reconciled Depreciation": NaN,
        "Reconciled Cost Of Revenue": NaN,
        "EBITDA": NaN,
        "EBIT": NaN,
        "Net Interest Income": NaN,
        "Interest Expense": NaN,
        "Normalized Income": NaN,
        "Net Income From Continuing And Discontinued Operation": NaN,
        "Total Expenses": NaN,
        "Total Operating Income As Reported": NaN,
        "Diluted Average Shares": 97194920.0,
        "Basic Average Shares": 12149770.0,
        "Diluted EPS": 0.02,
        "Basic EPS": 0.02,
        "Diluted NI Availto Com Stockholders": NaN,
        "Average Dilution Earnings": NaN,
        "Net Income Common Stockholders": NaN,
        "Net Income": NaN,
        "Minority Interests": NaN,
        "Net Income Including Noncontrolling Interests": NaN,
        "Net Income Continuous Operations": NaN,
        "Tax Provision": NaN,
        "Pretax Income": NaN,
        "Other Income Expense": NaN,
        "Other Non Operating Income Expenses": NaN,
        "Special Income Charges": 0.0,
        "Net Non Operating Interest Income Expense": NaN,
        "Interest Expense Non Operating": NaN,
        "Operating Income": NaN,
        "Operating Expense": NaN,
        "Selling General And Administration": NaN,
        "Selling And Marketing Expense": NaN,
        "General And Administrative Expense": NaN,
        "Other Gand A": NaN,
        "Gross Profit": NaN,
        "Cost Of Revenue": NaN,
        "Total Revenue": NaN,
        "Operating Revenue": NaN
    },
    "2023-12-31": {
        "Tax Effect Of Unusual Items": NaN,
        "Tax Rate For Calcs": NaN,
        "Normalized EBITDA": NaN,
        "Total Unusual Items": 0.0,
        "Total Unusual Items Excluding Goodwill": 0.0,
        "Net Income From Continuing Operation Net Minority Interest": NaN,
        "Reconciled Depreciation": NaN,
        "Reconciled Cost Of Revenue": NaN,
        "EBITDA": NaN,
        "EBIT": NaN,
        "Net Interest Income": NaN,
        "Interest Expense": NaN,
        "Normalized Income": NaN,
        "Net Income From Continuing And Discontinued Operation": NaN,
        "Total Expenses": NaN,
        "Total Operating Income As Reported": NaN,
        "Diluted Average Shares": NaN,
        "Basic Average Shares": NaN,
        "Diluted EPS": NaN,
        "Basic EPS": NaN,
        "Diluted NI Availto Com Stockholders": NaN,
        "Average Dilution Earnings": NaN,
        "Net Income Common Stockholders": NaN,
        "Net Income": NaN,
        "Minority Interests": NaN,
        "Net Income Including Noncontrolling Interests": NaN,
        "Net Income Continuous Operations": NaN,
        "Tax Provision": NaN,
        "Pretax Income": NaN,
        "Other Income Expense": NaN,
        "Other Non Operating Income Expenses": NaN,
        "Special Income Charges": 0.0,
        "Net Non Operating Interest Income Expense": NaN,
        "Interest Expense Non Operating": NaN,
        "Operating Income": NaN,
        "Operating Expense": NaN,
        "Selling General And Administration": NaN,
        "Selling And Marketing Expense": NaN,
        "General And Administrative Expense": NaN,
        "Other Gand A": NaN,
        "Gross Profit": NaN,
        "Cost Of Revenue": NaN,
        "Total Revenue": NaN,
        "Operating Revenue": NaN
    },
    "2024-03-31": {
        "Tax Effect Of Unusual Items": NaN,
        "Tax Rate For Calcs": NaN,
        "Normalized EBITDA": NaN,
        "Net Income From Continuing Operation Net Minority Interest": NaN,
        "Reconciled Depreciation": NaN,
        "Reconciled Cost Of Revenue": NaN,
        "EBITDA": NaN,
        "EBIT": NaN,
        "Net Interest Income": NaN,
        "Interest Expense": NaN,
        "Normalized Income": NaN,
        "Net Income From Continuing And Discontinued Operation": NaN,
        "Total Expenses": NaN,
        "Total Operating Income As Reported": NaN,
        "Diluted Average Shares": 97850288.0,
        "Basic Average Shares": 12736014.0,
        "Diluted EPS": 0.01,
        "Basic EPS": 0.01,
        "Diluted NI Availto Com Stockholders": NaN,
        "Average Dilution Earnings": NaN,
        "Net Income Common Stockholders": NaN,
        "Net Income": NaN,
        "Minority Interests": NaN,
        "Net Income Including Noncontrolling Interests": NaN,
        "Net Income Continuous Operations": NaN,
        "Tax Provision": NaN,
        "Pretax Income": NaN,
        "Other Income Expense": NaN,
        "Other Non Operating Income Expenses": NaN,
        "Net Non Operating Interest Income Expense": NaN,
        "Interest Expense Non Operating": NaN,
        "Operating Income": NaN,
        "Operating Expense": NaN,
        "Selling General And Administration": NaN,
        "Selling And Marketing Expense": 23096000.0,
        "General And Administrative Expense": 34333000.0,
        "Other Gand A": 34333000.0,
        "Gross Profit": NaN,
        "Cost Of Revenue": NaN,
        "Total Revenue": NaN,
        "Operating Revenue": NaN
    },
    "2024-06-30": {
        "Tax Effect Of Unusual Items": NaN,
        "Tax Rate For Calcs": NaN,
        "Normalized EBITDA": NaN,
        "Total Unusual Items": NaN,
        "Total Unusual Items Excluding Goodwill": NaN,
        "Net Income From Continuing Operation Net Minority Interest": NaN,
        "Reconciled Depreciation": NaN,
        "Reconciled Cost Of Revenue": NaN,
        "EBITDA": NaN,
        "EBIT": NaN,
        "Net Interest Income": NaN,
        "Interest Expense": NaN,
        "Normalized Income": NaN,
        "Net Income From Continuing And Discontinued Operation": NaN,
        "Total Expenses": NaN,
        "Total Operating Income As Reported": NaN,
        "Diluted Average Shares": 98228854.0,
        "Basic Average Shares": 13182880.0,
        "Diluted EPS": 0.01,
        "Basic EPS": 0.01,
        "Diluted NI Availto Com Stockholders": NaN,
        "Average Dilution Earnings": NaN,
        "Net Income Common Stockholders": NaN,
        "Net Income": NaN,
        "Minority Interests": NaN,
        "Net Income Including Noncontrolling Interests": NaN,
        "Net Income Continuous Operations": NaN,
        "Tax Provision": NaN,
        "Pretax Income": NaN,
        "Other Income Expense": NaN,
        "Other Non Operating Income Expenses": NaN,
        "Special Income Charges": NaN,
        "Other Special Charges": NaN,
        "Net Non Operating Interest Income Expense": NaN,
        "Interest Expense Non Operating": NaN,
        "Operating Income": NaN,
        "Operating Expense": NaN,
        "Selling General And Administration": NaN,
        "Selling And Marketing Expense": 27346000.0,
        "General And Administrative Expense": 35599000.0,
        "Other Gand A": 35599000.0,
        "Gross Profit": NaN,
        "Cost Of Revenue": NaN,
        "Total Revenue": NaN,
        "Operating Revenue": NaN
    },
    "2024-09-30": {
        "Tax Effect Of Unusual Items": 0.0,
        "Tax Rate For Calcs": 0.21,
        "Normalized EBITDA": 1797000.0,
        "Total Unusual Items": 0.0,
        "Total Unusual Items Excluding Goodwill": 0.0,
        "Net Income From Continuing Operation Net Minority Interest": -141000.0,
        "Reconciled Depreciation": 1341000.0,
        "Reconciled Cost Of Revenue": 39103000.0,
        "EBITDA": 1797000.0,
        "EBIT": 456000.0,
        "Net Interest Income": -1320000.0,
        "Interest Expense": 1320000.0,
        "Normalized Income": -141000.0,
        "Net Income From Continuing And Discontinued Operation": -141000.0,
        "Total Expenses": 100942000.0,
        "Total Operating Income As Reported": -1069000.0,
        "Diluted Average Shares": 98497546.0,
        "Basic Average Shares": 13545256.0,
        "Diluted EPS": -0.01,
        "Basic EPS": -0.01,
        "Diluted NI Availto Com Stockholders": -836000.0,
        "Average Dilution Earnings": -695000.0,
        "Net Income Common Stockholders": -141000.0,
        "Net Income": -141000.0,
        "Minority Interests": 934000.0,
        "Net Income Including Noncontrolling Interests": -1075000.0,
        "Net Income Continuous Operations": -1075000.0,
        "Tax Provision": 211000.0,
        "Pretax Income": -864000.0,
        "Other Income Expense": 1525000.0,
        "Other Non Operating Income Expenses": 1525000.0,
        "Special Income Charges": 0.0,
        "Other Special Charges": NaN,
        "Net Non Operating Interest Income Expense": -1320000.0,
        "Interest Expense Non Operating": 1320000.0,
        "Operating Income": -1069000.0,
        "Operating Expense": 61839000.0,
        "Selling General And Administration": 61839000.0,
        "Selling And Marketing Expense": 26678000.0,
        "General And Administrative Expense": 35161000.0,
        "Other Gand A": 35161000.0,
        "Gross Profit": 60770000.0,
        "Cost Of Revenue": 39103000.0,
        "Total Revenue": 99873000.0,
        "Operating Revenue": 99873000.0
    },
    "2024-12-31": {
        "Tax Effect Of Unusual Items": 0.0,
        "Tax Rate For Calcs": 0.21,
        "Normalized EBITDA": 5235000.0,
        "Total Unusual Items": NaN,
        "Total Unusual Items Excluding Goodwill": NaN,
        "Net Income From Continuing Operation Net Minority Interest": 358000.0,
        "Reconciled Depreciation": 1466000.0,
        "Reconciled Cost Of Revenue": 48276000.0,
        "EBITDA": 5235000.0,
        "EBIT": 3769000.0,
        "Net Interest Income": -1204000.0,
        "Interest Expense": 1204000.0,
        "Normalized Income": 358000.0,
        "Net Income From Continuing And Discontinued Operation": 358000.0,
        "Total Expenses": 117115000.0,
        "Total Operating Income As Reported": 2410000.0,
        "Diluted Average Shares": NaN,
        "Basic Average Shares": NaN,
        "Diluted EPS": NaN,
        "Basic EPS": NaN,
        "Diluted NI Availto Com Stockholders": 2051000.0,
        "Average Dilution Earnings": 1693000.0,
        "Net Income Common Stockholders": 358000.0,
        "Net Income": 358000.0,
        "Minority Interests": -2269000.0,
        "Net Income Including Noncontrolling Interests": 2627000.0,
        "Net Income Continuous Operations": 2627000.0,
        "Tax Provision": -62000.0,
        "Pretax Income": 2565000.0,
        "Other Income Expense": 1359000.0,
        "Other Non Operating Income Expenses": 1359000.0,
        "Special Income Charges": NaN,
        "Other Special Charges": NaN,
        "Net Non Operating Interest Income Expense": -1204000.0,
        "Interest Expense Non Operating": 1204000.0,
        "Operating Income": 2410000.0,
        "Operating Expense": 68839000.0,
        "Selling General And Administration": 68839000.0,
        "Selling And Marketing Expense": NaN,
        "General And Administrative Expense": NaN,
        "Other Gand A": NaN,
        "Gross Profit": 71249000.0,
        "Cost Of Revenue": 48276000.0,
        "Total Revenue": 119525000.0,
        "Operating Revenue": 119525000.0
    },
    "2025-03-31": {
        "Tax Effect Of Unusual Items": 0.0,
        "Tax Rate For Calcs": 0.0386,
        "Normalized EBITDA": -795000.0,
        "Total Unusual Items": NaN,
        "Total Unusual Items Excluding Goodwill": NaN,
        "Net Income From Continuing Operation Net Minority Interest": -466000.0,
        "Reconciled Depreciation": 1488000.0,
        "Reconciled Cost Of Revenue": 38842000.0,
        "EBITDA": -795000.0,
        "EBIT": -2283000.0,
        "Net Interest Income": -1115000.0,
        "Interest Expense": 1115000.0,
        "Normalized Income": -466000.0,
        "Net Income From Continuing And Discontinued Operation": -466000.0,
        "Total Expenses": 97407000.0,
        "Total Operating Income As Reported": -3523000.0,
        "Diluted Average Shares": 14111624.0,
        "Basic Average Shares": 14111624.0,
        "Diluted EPS": -0.03,
        "Basic EPS": -0.03,
        "Diluted NI Availto Com Stockholders": -2555000.0,
        "Average Dilution Earnings": -2089000.0,
        "Net Income Common Stockholders": -466000.0,
        "Net Income": -466000.0,
        "Minority Interests": 2801000.0,
        "Net Income Including Noncontrolling Interests": -3267000.0,
        "Net Income Continuous Operations": -3267000.0,
        "Tax Provision": -131000.0,
        "Pretax Income": -3398000.0,
        "Other Income Expense": 1240000.0,
        "Other Non Operating Income Expenses": 1240000.0,
        "Special Income Charges": NaN,
        "Other Special Charges": NaN,
        "Net Non Operating Interest Income Expense": -1115000.0,
        "Interest Expense Non Operating": 1115000.0,
        "Operating Income": -3523000.0,
        "Operating Expense": 58565000.0,
        "Selling General And Administration": 58565000.0,
        "Selling And Marketing Expense": 22962000.0,
        "General And Administrative Expense": 35603000.0,
        "Other Gand A": 35603000.0,
        "Gross Profit": 55042000.0,
        "Cost Of Revenue": 38842000.0,
        "Total Revenue": 93884000.0,
        "Operating Revenue": 93884000.0
    },
    "2025-06-30": {
        "Tax Effect Of Unusual Items": 0.0,
        "Tax Rate For Calcs": 0.21,
        "Normalized EBITDA": 1469000.0,
        "Total Unusual Items": NaN,
        "Total Unusual Items Excluding Goodwill": NaN,
        "Net Income From Continuing Operation Net Minority Interest": -166000.0,
        "Reconciled Depreciation": 1544000.0,
        "Reconciled Cost Of Revenue": 45432000.0,
        "EBITDA": 1469000.0,
        "EBIT": -75000.0,
        "Net Interest Income": -895000.0,
        "Interest Expense": 895000.0,
        "Normalized Income": -166000.0,
        "Net Income From Continuing And Discontinued Operation": -166000.0,
        "Total Expenses": 110149000.0,
        "Total Operating Income As Reported": -1213000.0,
        "Diluted Average Shares": 14552477.0,
        "Basic Average Shares": 14552477.0,
        "Diluted EPS": -0.01,
        "Basic EPS": -0.01,
        "Diluted NI Availto Com Stockholders": -872000.0,
        "Average Dilution Earnings": -706000.0,
        "Net Income Common Stockholders": -166000.0,
        "Net Income": -166000.0,
        "Minority Interests": 947000.0,
        "Net Income Including Noncontrolling Interests": -1113000.0,
        "Net Income Continuous Operations": -1113000.0,
        "Tax Provision": 143000.0,
        "Pretax Income": -970000.0,
        "Other Income Expense": 1138000.0,
        "Other Non Operating Income Expenses": 1138000.0,
        "Special Income Charges": NaN,
        "Other Special Charges": NaN,
        "Net Non Operating Interest Income Expense": -895000.0,
        "Interest Expense Non Operating": 895000.0,
        "Operating Income": -1213000.0,
        "Operating Expense": 64717000.0,
        "Selling General And Administration": 64717000.0,
        "Selling And Marketing Expense": 26271000.0,
        "General And Administrative Expense": 38446000.0,
        "Other Gand A": 38446000.0,
        "Gross Profit": 63504000.0,
        "Cost Of Revenue": 45432000.0,
        "Total Revenue": 108936000.0,
        "Operating Revenue": 108936000.0
    },
    "2025-09-30": {
        "Tax Effect Of Unusual Items": -120330.0,
        "Tax Rate For Calcs": 0.21,
        "Normalized EBITDA": 1766000.0,
        "Total Unusual Items": -573000.0,
        "Total Unusual Items Excluding Goodwill": -573000.0,
        "Net Income From Continuing Operation Net Minority Interest": -107000.0,
        "Reconciled Depreciation": 1549000.0,
        "Reconciled Cost Of Revenue": 46801000.0,
        "EBITDA": 1193000.0,
        "EBIT": -356000.0,
        "Net Interest Income": -272000.0,
        "Interest Expense": 272000.0,
        "Normalized Income": 345670.0,
        "Net Income From Continuing And Discontinued Operation": -107000.0,
        "Total Expenses": 110872000.0,
        "Total Operating Income As Reported": -620000.0,
        "Diluted Average Shares": 14993768.0,
        "Basic Average Shares": 14993768.0,
        "Diluted EPS": -0.01,
        "Basic EPS": -0.01,
        "Diluted NI Availto Com Stockholders": -528000.0,
        "Average Dilution Earnings": -421000.0,
        "Net Income Common Stockholders": -107000.0,
        "Net Income": -107000.0,
        "Minority Interests": 565000.0,
        "Net Income Including Noncontrolling Interests": -672000.0,
        "Net Income Continuous Operations": -672000.0,
        "Tax Provision": 44000.0,
        "Pretax Income": -628000.0,
        "Other Income Expense": 264000.0,
        "Other Non Operating Income Expenses": 837000.0,
        "Special Income Charges": -573000.0,
        "Other Special Charges": 573000.0,
        "Net Non Operating Interest Income Expense": -272000.0,
        "Interest Expense Non Operating": 272000.0,
        "Operating Income": -620000.0,
        "Operating Expense": 64071000.0,
        "Selling General And Administration": 64071000.0,
        "Selling And Marketing Expense": 26132000.0,
        "General And Administrative Expense": 37939000.0,
        "Other Gand A": 37939000.0,
        "Gross Profit": 63451000.0,
        "Cost Of Revenue": 46801000.0,
        "Total Revenue": 110252000.0,
        "Operating Revenue": 110252000.0
    }
}