{
    "2023-06-30": {
        "Tax Effect Of Unusual Items": NaN,
        "Tax Rate For Calcs": NaN,
        "Normalized EBITDA": NaN,
        "Total Unusual Items": NaN,
        "Total Unusual Items Excluding Goodwill": NaN,
        "Net Income From Continuing Operation Net Minority Interest": NaN,
        "Reconciled Depreciation": NaN,
        "Reconciled Cost Of Revenue": NaN,
        "EBITDA": NaN,
        "EBIT": NaN,
        "Net Interest Income": NaN,
        "Interest Expense": NaN,
        "Normalized Income": NaN,
        "Net Income From Continuing And Discontinued Operation": NaN,
        "Total Expenses": NaN,
        "Diluted Average Shares": NaN,
        "Basic Average Shares": NaN,
        "Diluted EPS": NaN,
        "Basic EPS": NaN,
        "Diluted NI Availto Com Stockholders": NaN,
        "Net Income Common Stockholders": NaN,
        "Otherunder Preferred Stock Dividend": NaN,
        "Net Income": NaN,
        "Minority Interests": 0.0,
        "Net Income Including Noncontrolling Interests": NaN,
        "Net Income Continuous Operations": NaN,
        "Tax Provision": NaN,
        "Pretax Income": NaN,
        "Other Income Expense": NaN,
        "Other Non Operating Income Expenses": NaN,
        "Special Income Charges": NaN,
        "Gain On Sale Of Business": NaN,
        "Restructuring And Mergern Acquisition": NaN,
        "Gain On Sale Of Security": 10000000.0,
        "Net Non Operating Interest Income Expense": NaN,
        "Interest Expense Non Operating": NaN,
        "Operating Income": NaN,
        "Operating Expense": NaN,
        "Other Operating Expenses": NaN,
        "Depreciation Amortization Depletion Income Statement": NaN,
        "Depreciation And Amortization In Income Statement": NaN,
        "Amortization": NaN,
        "Amortization Of Intangibles Income Statement": NaN,
        "Depreciation Income Statement": NaN,
        "Gross Profit": NaN,
        "Cost Of Revenue": NaN,
        "Total Revenue": NaN,
        "Operating Revenue": NaN
    },
    "2023-03-31": {
        "Tax Effect Of Unusual Items": NaN,
        "Tax Rate For Calcs": NaN,
        "Normalized EBITDA": NaN,
        "Total Unusual Items": NaN,
        "Total Unusual Items Excluding Goodwill": NaN,
        "Net Income From Continuing Operation Net Minority Interest": NaN,
        "Reconciled Depreciation": NaN,
        "Reconciled Cost Of Revenue": NaN,
        "EBITDA": NaN,
        "EBIT": NaN,
        "Net Interest Income": NaN,
        "Interest Expense": NaN,
        "Normalized Income": NaN,
        "Net Income From Continuing And Discontinued Operation": NaN,
        "Total Expenses": NaN,
        "Diluted Average Shares": NaN,
        "Basic Average Shares": NaN,
        "Diluted EPS": NaN,
        "Basic EPS": NaN,
        "Diluted NI Availto Com Stockholders": NaN,
        "Net Income Common Stockholders": NaN,
        "Otherunder Preferred Stock Dividend": NaN,
        "Net Income": NaN,
        "Minority Interests": NaN,
        "Net Income Including Noncontrolling Interests": NaN,
        "Net Income Continuous Operations": NaN,
        "Tax Provision": NaN,
        "Pretax Income": NaN,
        "Other Income Expense": NaN,
        "Other Non Operating Income Expenses": NaN,
        "Special Income Charges": NaN,
        "Gain On Sale Of Business": NaN,
        "Restructuring And Mergern Acquisition": NaN,
        "Gain On Sale Of Security": 7000000.0,
        "Net Non Operating Interest Income Expense": NaN,
        "Interest Expense Non Operating": NaN,
        "Operating Income": NaN,
        "Operating Expense": NaN,
        "Other Operating Expenses": NaN,
        "Depreciation Amortization Depletion Income Statement": NaN,
        "Depreciation And Amortization In Income Statement": NaN,
        "Amortization": NaN,
        "Amortization Of Intangibles Income Statement": NaN,
        "Depreciation Income Statement": NaN,
        "Gross Profit": NaN,
        "Cost Of Revenue": NaN,
        "Total Revenue": NaN,
        "Operating Revenue": NaN
    },
    "2022-12-31": {
        "Tax Effect Of Unusual Items": 4523365.928976,
        "Tax Rate For Calcs": 0.252702,
        "Normalized EBITDA": 273100000.0,
        "Total Unusual Items": 17900000.0,
        "Total Unusual Items Excluding Goodwill": 17900000.0,
        "Net Income From Continuing Operation Net Minority Interest": 145200000.0,
        "Reconciled Depreciation": 49300000.0,
        "Reconciled Cost Of Revenue": 475600000.0,
        "EBITDA": 291000000.0,
        "EBIT": 241700000.0,
        "Net Interest Income": -47400000.0,
        "Interest Expense": 47400000.0,
        "Normalized Income": 131823365.928976,
        "Net Income From Continuing And Discontinued Operation": 145200000.0,
        "Total Expenses": 671100000.0,
        "Diluted Average Shares": 279018000.0,
        "Basic Average Shares": 278048000.0,
        "Diluted EPS": 0.51,
        "Basic EPS": 0.51,
        "Diluted NI Availto Com Stockholders": 142600000.0,
        "Net Income Common Stockholders": 142600000.0,
        "Otherunder Preferred Stock Dividend": 2600000.0,
        "Net Income": 145200000.0,
        "Net Income Including Noncontrolling Interests": 145200000.0,
        "Net Income Continuous Operations": 145200000.0,
        "Tax Provision": 49100000.0,
        "Pretax Income": 194300000.0,
        "Other Income Expense": 19600000.0,
        "Other Non Operating Income Expenses": 1700000.0,
        "Special Income Charges": 11400000.0,
        "Gain On Sale Of Business": 3600000.0,
        "Restructuring And Mergern Acquisition": -7800000.0,
        "Gain On Sale Of Security": NaN,
        "Net Non Operating Interest Income Expense": -47400000.0,
        "Interest Expense Non Operating": 47400000.0,
        "Operating Income": 222100000.0,
        "Operating Expense": 195500000.0,
        "Other Operating Expenses": 146200000.0,
        "Depreciation Amortization Depletion Income Statement": 49300000.0,
        "Depreciation And Amortization In Income Statement": 49300000.0,
        "Amortization": 38400000.0,
        "Amortization Of Intangibles Income Statement": 38400000.0,
        "Depreciation Income Statement": 10900000.0,
        "Gross Profit": 417600000.0,
        "Cost Of Revenue": 475600000.0,
        "Total Revenue": 893200000.0,
        "Operating Revenue": 893200000.0
    },
    "2022-09-30": {
        "Tax Effect Of Unusual Items": 6942844.036697,
        "Tax Rate For Calcs": 0.261009,
        "Normalized EBITDA": 287700000.0,
        "Total Unusual Items": 26600000.0,
        "Total Unusual Items Excluding Goodwill": 26600000.0,
        "Net Income From Continuing Operation Net Minority Interest": 161100000.0,
        "Reconciled Depreciation": 54700000.0,
        "Reconciled Cost Of Revenue": 470400000.0,
        "EBITDA": 314300000.0,
        "EBIT": 259500000.0,
        "Net Interest Income": -41500000.0,
        "Interest Expense": 41500000.0,
        "Normalized Income": 141442844.036697,
        "Net Income From Continuing And Discontinued Operation": 161100000.0,
        "Total Expenses": 694700000.0,
        "Diluted Average Shares": 278700000.0,
        "Basic Average Shares": 277800000.0,
        "Diluted EPS": 0.57,
        "Basic EPS": 0.57,
        "Diluted NI Availto Com Stockholders": 161100000.0,
        "Net Income Common Stockholders": 161100000.0,
        "Otherunder Preferred Stock Dividend": 2900000.0,
        "Net Income": 161100000.0,
        "Net Income Including Noncontrolling Interests": 161100000.0,
        "Net Income Continuous Operations": 161100000.0,
        "Tax Provision": 56900000.0,
        "Pretax Income": 218000000.0,
        "Other Income Expense": 26600000.0,
        "Other Non Operating Income Expenses": 1200000.0,
        "Special Income Charges": 26600000.0,
        "Gain On Sale Of Business": 0.0,
        "Restructuring And Mergern Acquisition": -26600000.0,
        "Gain On Sale Of Security": NaN,
        "Net Non Operating Interest Income Expense": -41500000.0,
        "Total Other Finance Cost": NaN,
        "Interest Expense Non Operating": 41500000.0,
        "Operating Income": 232900000.0,
        "Operating Expense": 224400000.0,
        "Other Operating Expenses": 169600000.0,
        "Depreciation Amortization Depletion Income Statement": 54800000.0,
        "Depreciation And Amortization In Income Statement": 54800000.0,
        "Amortization": 43500000.0,
        "Amortization Of Intangibles Income Statement": 43500000.0,
        "Depreciation Income Statement": 11300000.0,
        "Gross Profit": 457300000.0,
        "Cost Of Revenue": 470300000.0,
        "Total Revenue": 927600000.0,
        "Operating Revenue": 926400000.0
    },
    "2022-06-30": {
        "Tax Effect Of Unusual Items": 997585.513078,
        "Tax Rate For Calcs": 0.269618,
        "Normalized EBITDA": 273700000.0,
        "Total Unusual Items": 3700000.0,
        "Total Unusual Items Excluding Goodwill": 3700000.0,
        "Net Income From Continuing Operation Net Minority Interest": 145200000.0,
        "Reconciled Depreciation": 42600000.0,
        "Reconciled Cost Of Revenue": 412000000.0,
        "EBITDA": 277400000.0,
        "EBIT": 234800000.0,
        "Net Interest Income": -36000000.0,
        "Interest Expense": 36000000.0,
        "Normalized Income": 142497585.513078,
        "Net Income From Continuing And Discontinued Operation": 145200000.0,
        "Total Expenses": 608600000.0,
        "Diluted Average Shares": 278200000.0,
        "Basic Average Shares": 277200000.0,
        "Diluted EPS": 0.51,
        "Basic EPS": 0.51,
        "Diluted NI Availto Com Stockholders": 145200000.0,
        "Net Income Common Stockholders": 145200000.0,
        "Otherunder Preferred Stock Dividend": 2700000.0,
        "Net Income": 145200000.0,
        "Net Income Including Noncontrolling Interests": 145200000.0,
        "Net Income Continuous Operations": 145200000.0,
        "Tax Provision": 53600000.0,
        "Pretax Income": 198800000.0,
        "Other Income Expense": 3700000.0,
        "Other Non Operating Income Expenses": 600000.0,
        "Special Income Charges": 3700000.0,
        "Gain On Sale Of Business": 700000.0,
        "Restructuring And Mergern Acquisition": -3000000.0,
        "Gain On Sale Of Security": NaN,
        "Net Non Operating Interest Income Expense": -36000000.0,
        "Total Other Finance Cost": NaN,
        "Interest Expense Non Operating": 36000000.0,
        "Operating Income": 231100000.0,
        "Operating Expense": 196500000.0,
        "Other Operating Expenses": 154000000.0,
        "Depreciation Amortization Depletion Income Statement": 42500000.0,
        "Depreciation And Amortization In Income Statement": 42500000.0,
        "Amortization": 33600000.0,
        "Amortization Of Intangibles Income Statement": 33600000.0,
        "Depreciation Income Statement": 8900000.0,
        "Gross Profit": 427600000.0,
        "Cost Of Revenue": 412100000.0,
        "Total Revenue": 839700000.0,
        "Operating Revenue": 839100000.0
    },
    "2022-03-31": {
        "Diluted EPS": 0.77,
        "Total Revenue": 905,
        "Gross Profit": 446,
        "Operating Income": 265,
        "EBIT": 323,
        "Net Income": 216
    },
    "2021-12-31": {
        "Diluted EPS": 0.36,
        "Total Revenue": 739,
        "Gross Profit": 322,
        "Operating Income": 141,
        "EBIT": 190,
        "Net Income": 100
    },
    "2021-09-30": {
        "Diluted EPS": 0.52,
        "Total Revenue": 770,
        "Gross Profit": 375,
        "Operating Income": 197,
        "EBIT": 252,
        "Net Income": 143
    },
    "2021-06-30": {
        "Diluted EPS": 0.49,
        "Total Revenue": 727,
        "Gross Profit": 332,
        "Operating Income": 186,
        "EBIT": 242,
        "Net Income": 136
    },
    "2021-03-31": {
        "Diluted EPS": 0.7,
        "Total Revenue": 815,
        "Gross Profit": 386,
        "Operating Income": 239,
        "EBIT": 293,
        "Net Income": 195
    },
    "2020-12-31": {
        "Diluted EPS": 0.34,
        "Total Revenue": 642,
        "Gross Profit": 265,
        "Operating Income": 131,
        "EBIT": 183,
        "Net Income": 95
    },
    "2020-09-30": {
        "Diluted EPS": 0.47,
        "Total Revenue": 674,
        "Gross Profit": 311,
        "Operating Income": 159,
        "EBIT": 206,
        "Net Income": 130
    },
    "2020-06-30": {
        "Diluted EPS": 0.34,
        "Total Revenue": 599,
        "Gross Profit": 252,
        "Operating Income": 129,
        "EBIT": 177,
        "Net Income": 93
    },
    "2020-03-31": {
        "Diluted EPS": 0.54,
        "Total Revenue": 698,
        "Gross Profit": 349,
        "Operating Income": 205,
        "EBIT": 253,
        "Net Income": 147
    },
    "2019-12-31": {
        "Diluted EPS": 0.26,
        "Total Revenue": 579,
        "Gross Profit": 244,
        "Operating Income": 102,
        "EBIT": 151,
        "Net Income": 74
    },
    "2019-09-30": {
        "Diluted EPS": 0.41,
        "Total Revenue": 619,
        "Gross Profit": 288,
        "Operating Income": 152,
        "EBIT": 201,
        "Net Income": 112
    },
    "2019-06-30": {
        "Diluted EPS": 0.33,
        "Total Revenue": 575,
        "Gross Profit": 266,
        "Operating Income": 124,
        "EBIT": 172,
        "Net Income": 90
    },
    "2019-03-31": {
        "Diluted EPS": 0.4,
        "Total Revenue": 619,
        "Gross Profit": 286,
        "Operating Income": 149,
        "EBIT": 196,
        "Net Income": 111
    },
    "2018-12-31": {
        "Diluted EPS": 0.26,
        "Total Revenue": 509,
        "Gross Profit": 231,
        "Operating Income": 101,
        "EBIT": 143,
        "Net Income": 71
    },
    "2018-09-30": {
        "Diluted EPS": 0.38,
        "Total Revenue": 531,
        "Gross Profit": 263,
        "Operating Income": 143,
        "EBIT": 179,
        "Net Income": 103
    },
    "2018-06-30": {
        "Diluted EPS": 0.26,
        "Total Revenue": 473,
        "Gross Profit": 221,
        "Operating Income": 101,
        "EBIT": 138,
        "Net Income": 72
    },
    "2018-03-31": {
        "Diluted EPS": 0.32,
        "Total Revenue": 501,
        "Gross Profit": 231,
        "Operating Income": 118,
        "EBIT": 155,
        "Net Income": 89
    },
    "2017-12-31": {
        "Diluted EPS": 0.65,
        "Total Revenue": 474,
        "Gross Profit": 216,
        "Operating Income": 106,
        "EBIT": 143,
        "Net Income": 183
    },
    "2017-09-30": {
        "Diluted EPS": 0.27,
        "Total Revenue": 476,
        "Gross Profit": 230,
        "Operating Income": 124,
        "EBIT": 161,
        "Net Income": 74
    },
    "2017-06-30": {
        "Diluted EPS": 0.23,
        "Total Revenue": 466,
        "Gross Profit": 222,
        "Operating Income": 108,
        "EBIT": 145,
        "Net Income": 64
    },
    "2017-03-31": {
        "Diluted EPS": 0.25,
        "Total Revenue": 465,
        "Gross Profit": 219,
        "Operating Income": 111,
        "EBIT": 149,
        "Net Income": 68
    },
    "2016-12-31": {
        "Diluted EPS": 0.21,
        "Total Revenue": 434,
        "Gross Profit": 201,
        "Operating Income": 95,
        "EBIT": 132,
        "Net Income": 56
    },
    "2016-09-30": {
        "Diluted EPS": 0.25,
        "Total Revenue": 462,
        "Gross Profit": 225,
        "Operating Income": 117,
        "EBIT": 154,
        "Net Income": 70
    },
    "2016-06-30": {
        "Diluted EPS": 0.24,
        "Total Revenue": 447,
        "Gross Profit": 215,
        "Operating Income": 109,
        "EBIT": 146,
        "Net Income": 64
    },
    "2016-03-31": {
        "Diluted EPS": 0.22,
        "Total Revenue": 424,
        "Gross Profit": 200,
        "Operating Income": 103,
        "EBIT": 140,
        "Net Income": 61
    },
    "2015-12-31": {
        "Diluted EPS": 0.21,
        "Total Revenue": 405,
        "Gross Profit": 193,
        "Operating Income": 95,
        "EBIT": 132,
        "Net Income": 57
    },
    "2015-09-30": {
        "Diluted EPS": 0.24,
        "Total Revenue": 432,
        "Gross Profit": 216,
        "Operating Income": 113,
        "EBIT": 149,
        "Net Income": 66
    },
    "2015-06-30": {
        "Diluted EPS": 0.22,
        "Total Revenue": 419,
        "Gross Profit": 202,
        "Operating Income": 101,
        "EBIT": 138,
        "Net Income": 60
    },
    "2015-03-31": {
        "Diluted EPS": 0.2,
        "Total Revenue": 404,
        "Gross Profit": 193,
        "Operating Income": 94,
        "EBIT": 131,
        "Net Income": 56
    },
    "2014-12-31": {
        "Diluted EPS": 0.08,
        "Total Revenue": 393,
        "Gross Profit": 166,
        "Operating Income": 38,
        "EBIT": 77,
        "Net Income": 24
    },
    "2014-09-30": {
        "Diluted EPS": 0.24,
        "Total Revenue": 421,
        "Gross Profit": 218,
        "Operating Income": 113,
        "EBIT": 147,
        "Net Income": 67
    },
    "2014-06-30": {
        "Diluted EPS": 0.21,
        "Total Revenue": 398,
        "Gross Profit": 201,
        "Operating Income": 102,
        "EBIT": 135,
        "Net Income": 60
    },
    "2014-03-31": {
        "Diluted EPS": 0.18,
        "Total Revenue": 364,
        "Gross Profit": 179,
        "Operating Income": 87,
        "EBIT": 113,
        "Net Income": 51
    },
    "2013-12-31": {
        "Diluted EPS": 0.16,
        "Total Revenue": 343,
        "Gross Profit": 164,
        "Operating Income": 76,
        "EBIT": 103,
        "Net Income": 46
    },
    "2013-09-30": {
        "Diluted EPS": 0.2,
        "Total Revenue": 359,
        "Gross Profit": 179,
        "Operating Income": 95,
        "EBIT": 122,
        "Net Income": 56
    },
    "2013-06-30": {
        "Diluted EPS": 0.18,
        "Total Revenue": 326,
        "Gross Profit": 162,
        "Operating Income": 86,
        "EBIT": 111,
        "Net Income": 51
    },
    "2013-03-31": {
        "Diluted EPS": 0.21,
        "Total Revenue": 335,
        "Gross Profit": 176,
        "Operating Income": 99,
        "EBIT": 124,
        "Net Income": 59
    },
    "2012-12-31": {
        "Diluted EPS": 0.15,
        "Total Revenue": 303,
        "Gross Profit": 144,
        "Operating Income": 69,
        "EBIT": 93,
        "Net Income": 41
    },
    "2012-09-30": {
        "Diluted EPS": 0.17,
        "Total Revenue": 304,
        "Gross Profit": 154,
        "Operating Income": 82,
        "EBIT": 106,
        "Net Income": 48
    },
    "2012-06-30": {
        "Diluted EPS": 0.15,
        "Total Revenue": 291,
        "Gross Profit": 140,
        "Operating Income": 71,
        "EBIT": 95,
        "Net Income": 41
    },
    "2012-03-31": {
        "Diluted EPS": 0.17,
        "Total Revenue": 302,
        "Gross Profit": 153,
        "Operating Income": 83,
        "EBIT": 106,
        "Net Income": 48
    },
    "2011-12-31": {
        "Diluted EPS": 0.13,
        "Total Revenue": 244,
        "Gross Profit": 115,
        "Operating Income": 60,
        "EBIT": 80,
        "Net Income": 35
    },
    "2011-09-30": {
        "Diluted EPS": 0.15,
        "Total Revenue": 260,
        "Gross Profit": 134,
        "Operating Income": 73,
        "EBIT": 93,
        "Net Income": 43
    },
    "2011-06-30": {
        "Diluted EPS": 0.13,
        "Total Revenue": 247,
        "Gross Profit": 121,
        "Operating Income": 61,
        "EBIT": 82,
        "Net Income": 36
    },
    "2011-03-31": {
        "Diluted EPS": 0.16,
        "Total Revenue": 262,
        "Gross Profit": 136,
        "Operating Income": 77,
        "EBIT": 97,
        "Net Income": 45
    },
    "2010-12-31": {
        "Diluted EPS": 0.11,
        "Total Revenue": 230,
        "Gross Profit": 108,
        "Operating Income": 52,
        "EBIT": 72,
        "Net Income": 31
    },
    "2010-09-30": {
        "Diluted EPS": 0.16,
        "Total Revenue": 248,
        "Gross Profit": 126,
        "Operating Income": 73,
        "EBIT": 93,
        "Net Income": 43
    },
    "2010-06-30": {
        "Diluted EPS": 0.15,
        "Total Revenue": 244,
        "Gross Profit": 122,
        "Operating Income": 68,
        "EBIT": 87,
        "Net Income": 40
    },
    "2010-03-31": {
        "Diluted EPS": 0.16,
        "Total Revenue": 252,
        "Gross Profit": 130,
        "Operating Income": 73,
        "EBIT": 92,
        "Net Income": 43
    },
    "2009-12-31": {
        "Diluted EPS": 0.08,
        "Total Revenue": 214,
        "Gross Profit": 99,
        "Operating Income": 41,
        "EBIT": 61,
        "Net Income": 23
    },
    "2009-09-30": {
        "Diluted EPS": 0.15,
        "Total Revenue": 244,
        "Gross Profit": 124,
        "Operating Income": 67,
        "EBIT": 87,
        "Net Income": 40
    },
    "2009-06-30": {
        "Diluted EPS": 0.15,
        "Total Revenue": 246,
        "Gross Profit": 124,
        "Operating Income": 67,
        "EBIT": 86,
        "Net Income": 39
    },
    "2009-03-31": {
        "Diluted EPS": 0.17,
        "Total Revenue": 264,
        "Gross Profit": 136,
        "Operating Income": 79,
        "EBIT": 99,
        "Net Income": 46
    },
    "2023-09-30": {
        "Tax Effect Of Unusual Items": NaN,
        "Tax Rate For Calcs": NaN,
        "Normalized EBITDA": NaN,
        "Total Unusual Items": NaN,
        "Total Unusual Items Excluding Goodwill": NaN,
        "Net Income From Continuing Operation Net Minority Interest": NaN,
        "Reconciled Depreciation": NaN,
        "Reconciled Cost Of Revenue": NaN,
        "EBITDA": NaN,
        "EBIT": NaN,
        "Net Interest Income": NaN,
        "Interest Expense": NaN,
        "Normalized Income": NaN,
        "Net Income From Continuing And Discontinued Operation": NaN,
        "Total Expenses": NaN,
        "Diluted Average Shares": 281000000.0,
        "Basic Average Shares": 280000000.0,
        "Diluted EPS": 0.62,
        "Basic EPS": 0.62,
        "Diluted NI Availto Com Stockholders": NaN,
        "Net Income Common Stockholders": NaN,
        "Otherunder Preferred Stock Dividend": NaN,
        "Net Income": NaN,
        "Minority Interests": 0.0,
        "Net Income Including Noncontrolling Interests": NaN,
        "Net Income Continuous Operations": NaN,
        "Tax Provision": NaN,
        "Pretax Income": NaN,
        "Other Income Expense": NaN,
        "Other Non Operating Income Expenses": 2000000.0,
        "Special Income Charges": NaN,
        "Gain On Sale Of Business": NaN,
        "Restructuring And Mergern Acquisition": NaN,
        "Gain On Sale Of Security": NaN,
        "Net Non Operating Interest Income Expense": NaN,
        "Interest Expense Non Operating": NaN,
        "Operating Income": NaN,
        "Operating Expense": NaN,
        "Other Operating Expenses": NaN,
        "Depreciation Amortization Depletion Income Statement": NaN,
        "Depreciation And Amortization In Income Statement": NaN,
        "Amortization": NaN,
        "Amortization Of Intangibles Income Statement": NaN,
        "Depreciation Income Statement": NaN,
        "Gross Profit": NaN,
        "Cost Of Revenue": NaN,
        "Total Revenue": NaN,
        "Operating Revenue": NaN
    },
    "2023-12-31": {
        "Tax Effect Of Unusual Items": 47737764.010138,
        "Tax Rate For Calcs": 0.243312,
        "Normalized EBITDA": 260400000.0,
        "Total Unusual Items": 196200000.0,
        "Total Unusual Items Excluding Goodwill": 196200000.0,
        "Net Income From Continuing Operation Net Minority Interest": 268700000.0,
        "Reconciled Depreciation": 51800000.0,
        "Reconciled Cost Of Revenue": 553700000.0,
        "EBITDA": 456600000.0,
        "EBIT": 404800000.0,
        "Net Interest Income": -49700000.0,
        "Interest Expense": 49700000.0,
        "Normalized Income": 120237764.010138,
        "Net Income From Continuing And Discontinued Operation": 268700000.0,
        "Total Expenses": 765200000.0,
        "Diluted Average Shares": 281900000.0,
        "Basic Average Shares": 280400000.0,
        "Diluted EPS": 0.94,
        "Basic EPS": 0.94,
        "Diluted NI Availto Com Stockholders": 264800000.0,
        "Net Income Common Stockholders": 264800000.0,
        "Otherunder Preferred Stock Dividend": 3900000.0,
        "Net Income": 268700000.0,
        "Minority Interests": NaN,
        "Net Income Including Noncontrolling Interests": 268700000.0,
        "Net Income Continuous Operations": 268700000.0,
        "Tax Provision": 86400000.0,
        "Pretax Income": 355100000.0,
        "Other Income Expense": 197600000.0,
        "Other Non Operating Income Expenses": 1400000.0,
        "Special Income Charges": 143800000.0,
        "Gain On Sale Of Business": 134400000.0,
        "Restructuring And Mergern Acquisition": -9400000.0,
        "Gain On Sale Of Security": NaN,
        "Net Non Operating Interest Income Expense": -49700000.0,
        "Interest Expense Non Operating": 49700000.0,
        "Operating Income": 207200000.0,
        "Operating Expense": 211500000.0,
        "Other Operating Expenses": 159700000.0,
        "Depreciation Amortization Depletion Income Statement": 51800000.0,
        "Depreciation And Amortization In Income Statement": 51800000.0,
        "Amortization": 42300000.0,
        "Amortization Of Intangibles Income Statement": 42300000.0,
        "Depreciation Income Statement": 9500000.0,
        "Gross Profit": 418700000.0,
        "Cost Of Revenue": 553700000.0,
        "Total Revenue": 972400000.0,
        "Operating Revenue": 972400000.0
    },
    "2024-03-31": {
        "Tax Effect Of Unusual Items": 3900000.0,
        "Tax Rate For Calcs": 0.195,
        "Normalized EBITDA": 448000000.0,
        "Total Unusual Items": 20000000.0,
        "Total Unusual Items Excluding Goodwill": 20000000.0,
        "Net Income From Continuing Operation Net Minority Interest": 293000000.0,
        "Reconciled Depreciation": 54000000.0,
        "Reconciled Cost Of Revenue": 631000000.0,
        "EBITDA": 468000000.0,
        "EBIT": 414000000.0,
        "Net Interest Income": -50000000.0,
        "Interest Expense": 50000000.0,
        "Normalized Income": 276900000.0,
        "Net Income From Continuing And Discontinued Operation": 293000000.0,
        "Total Expenses": 846000000.0,
        "Diluted Average Shares": 283000000.0,
        "Basic Average Shares": 281000000.0,
        "Diluted EPS": 1.02,
        "Basic EPS": 1.03,
        "Diluted NI Availto Com Stockholders": 289000000.0,
        "Net Income Common Stockholders": 289000000.0,
        "Otherunder Preferred Stock Dividend": 4000000.0,
        "Net Income": 293000000.0,
        "Minority Interests": NaN,
        "Net Income Including Noncontrolling Interests": 293000000.0,
        "Net Income Continuous Operations": 293000000.0,
        "Tax Provision": 71000000.0,
        "Pretax Income": 364000000.0,
        "Other Income Expense": 23000000.0,
        "Other Non Operating Income Expenses": 3000000.0,
        "Special Income Charges": 2000000.0,
        "Gain On Sale Of Business": -2000000.0,
        "Restructuring And Mergern Acquisition": -4000000.0,
        "Gain On Sale Of Security": 18000000.0,
        "Net Non Operating Interest Income Expense": -50000000.0,
        "Interest Expense Non Operating": 50000000.0,
        "Operating Income": 391000000.0,
        "Operating Expense": 215000000.0,
        "Other Operating Expenses": 161000000.0,
        "Depreciation Amortization Depletion Income Statement": 54000000.0,
        "Depreciation And Amortization In Income Statement": 54000000.0,
        "Amortization": 43000000.0,
        "Amortization Of Intangibles Income Statement": 43000000.0,
        "Depreciation Income Statement": 11000000.0,
        "Gross Profit": 606000000.0,
        "Cost Of Revenue": 631000000.0,
        "Total Revenue": 1237000000.0,
        "Operating Revenue": 1237000000.0
    },
    "2024-06-30": {
        "Tax Effect Of Unusual Items": 13805000.0,
        "Tax Rate For Calcs": 0.251,
        "Normalized EBITDA": 398000000.0,
        "Total Unusual Items": 55000000.0,
        "Total Unusual Items Excluding Goodwill": 55000000.0,
        "Net Income From Continuing Operation Net Minority Interest": 257000000.0,
        "Reconciled Depreciation": 53000000.0,
        "Reconciled Cost Of Revenue": 587000000.0,
        "EBITDA": 453000000.0,
        "EBIT": 398000000.0,
        "Net Interest Income": -52000000.0,
        "Interest Expense": 52000000.0,
        "Normalized Income": 215805000.0,
        "Net Income From Continuing And Discontinued Operation": 257000000.0,
        "Total Expenses": 813000000.0,
        "Diluted Average Shares": 283000000.0,
        "Basic Average Shares": 282000000.0,
        "Diluted EPS": 0.9,
        "Basic EPS": 0.9,
        "Diluted NI Availto Com Stockholders": 254000000.0,
        "Net Income Common Stockholders": 254000000.0,
        "Otherunder Preferred Stock Dividend": 3000000.0,
        "Net Income": 257000000.0,
        "Minority Interests": -2000000.0,
        "Net Income Including Noncontrolling Interests": 259000000.0,
        "Net Income Continuous Operations": 259000000.0,
        "Tax Provision": 87000000.0,
        "Pretax Income": 346000000.0,
        "Other Income Expense": 57000000.0,
        "Other Non Operating Income Expenses": 2000000.0,
        "Special Income Charges": 33000000.0,
        "Gain On Sale Of Business": 31000000.0,
        "Restructuring And Mergern Acquisition": -2000000.0,
        "Gain On Sale Of Security": 22000000.0,
        "Net Non Operating Interest Income Expense": -52000000.0,
        "Interest Expense Non Operating": 52000000.0,
        "Operating Income": 341000000.0,
        "Operating Expense": 228000000.0,
        "Other Operating Expenses": 173000000.0,
        "Depreciation Amortization Depletion Income Statement": 55000000.0,
        "Depreciation And Amortization In Income Statement": 55000000.0,
        "Amortization": 44000000.0,
        "Amortization Of Intangibles Income Statement": 44000000.0,
        "Depreciation Income Statement": 11000000.0,
        "Gross Profit": 569000000.0,
        "Cost Of Revenue": 585000000.0,
        "Total Revenue": 1154000000.0,
        "Operating Revenue": 1154000000.0
    },
    "2024-09-30": {
        "Tax Effect Of Unusual Items": 2214000.0,
        "Tax Rate For Calcs": 0.246,
        "Normalized EBITDA": 415000000.0,
        "Total Unusual Items": 9000000.0,
        "Total Unusual Items Excluding Goodwill": 9000000.0,
        "Net Income From Continuing Operation Net Minority Interest": 234000000.0,
        "Reconciled Depreciation": 57000000.0,
        "Reconciled Cost Of Revenue": 606000000.0,
        "EBITDA": 424000000.0,
        "EBIT": 367000000.0,
        "Net Interest Income": -50000000.0,
        "Interest Expense": 50000000.0,
        "Normalized Income": 227214000.0,
        "Net Income From Continuing And Discontinued Operation": 234000000.0,
        "Total Expenses": 828000000.0,
        "Diluted Average Shares": 284000000.0,
        "Basic Average Shares": 282000000.0,
        "Diluted EPS": 0.81,
        "Basic EPS": 0.82,
        "Diluted NI Availto Com Stockholders": 231000000.0,
        "Net Income Common Stockholders": 231000000.0,
        "Otherunder Preferred Stock Dividend": 3000000.0,
        "Net Income": 234000000.0,
        "Minority Interests": -5000000.0,
        "Net Income Including Noncontrolling Interests": 239000000.0,
        "Net Income Continuous Operations": 239000000.0,
        "Tax Provision": 78000000.0,
        "Pretax Income": 317000000.0,
        "Other Income Expense": 9000000.0,
        "Other Non Operating Income Expenses": NaN,
        "Special Income Charges": 9000000.0,
        "Gain On Sale Of Business": 1000000.0,
        "Restructuring And Mergern Acquisition": -8000000.0,
        "Gain On Sale Of Security": NaN,
        "Net Non Operating Interest Income Expense": -50000000.0,
        "Interest Expense Non Operating": 50000000.0,
        "Operating Income": 358000000.0,
        "Operating Expense": 221000000.0,
        "Other Operating Expenses": 165000000.0,
        "Depreciation Amortization Depletion Income Statement": 56000000.0,
        "Depreciation And Amortization In Income Statement": 56000000.0,
        "Amortization": 45000000.0,
        "Amortization Of Intangibles Income Statement": 45000000.0,
        "Depreciation Income Statement": 11000000.0,
        "Gross Profit": 579000000.0,
        "Cost Of Revenue": 607000000.0,
        "Total Revenue": 1186000000.0,
        "Operating Revenue": 1186000000.0
    },
    "2024-12-31": {
        "Tax Effect Of Unusual Items": 21178181.818182,
        "Tax Rate For Calcs": 0.232727,
        "Normalized EBITDA": 296000000.0,
        "Total Unusual Items": 91000000.0,
        "Total Unusual Items Excluding Goodwill": 91000000.0,
        "Net Income From Continuing Operation Net Minority Interest": 210000000.0,
        "Reconciled Depreciation": 58000000.0,
        "Reconciled Cost Of Revenue": 583000000.0,
        "EBITDA": 387000000.0,
        "EBIT": 329000000.0,
        "Net Interest Income": -54000000.0,
        "Interest Expense": 54000000.0,
        "Normalized Income": 140178181.818182,
        "Net Income From Continuing And Discontinued Operation": 210000000.0,
        "Total Expenses": 852000000.0,
        "Diluted Average Shares": NaN,
        "Basic Average Shares": NaN,
        "Diluted EPS": NaN,
        "Basic EPS": NaN,
        "Diluted NI Availto Com Stockholders": 207000000.0,
        "Net Income Common Stockholders": 207000000.0,
        "Otherunder Preferred Stock Dividend": 3000000.0,
        "Net Income": 210000000.0,
        "Minority Interests": -1000000.0,
        "Net Income Including Noncontrolling Interests": 211000000.0,
        "Net Income Continuous Operations": 211000000.0,
        "Tax Provision": 64000000.0,
        "Pretax Income": 275000000.0,
        "Other Income Expense": 92000000.0,
        "Other Non Operating Income Expenses": 1000000.0,
        "Special Income Charges": -2000000.0,
        "Gain On Sale Of Business": 1000000.0,
        "Restructuring And Mergern Acquisition": 3000000.0,
        "Gain On Sale Of Security": NaN,
        "Net Non Operating Interest Income Expense": -54000000.0,
        "Interest Expense Non Operating": 54000000.0,
        "Operating Income": 237000000.0,
        "Operating Expense": 269000000.0,
        "Other Operating Expenses": 211000000.0,
        "Depreciation Amortization Depletion Income Statement": 58000000.0,
        "Depreciation And Amortization In Income Statement": 58000000.0,
        "Amortization": 47000000.0,
        "Amortization Of Intangibles Income Statement": 47000000.0,
        "Depreciation Income Statement": 11000000.0,
        "Gross Profit": 506000000.0,
        "Cost Of Revenue": 583000000.0,
        "Total Revenue": 1089000000.0,
        "Operating Revenue": 1089000000.0
    }
}