{
    "2023-03-31": {
        "Tax Effect Of Unusual Items": 0.0,
        "Tax Rate For Calcs": 0.21,
        "Normalized EBITDA": 15854000.0,
        "Net Income From Continuing Operation Net Minority Interest": -3842000.0,
        "Reconciled Depreciation": 14779000.0,
        "Reconciled Cost Of Revenue": 151523000.0,
        "EBITDA": 15854000.0,
        "EBIT": 1075000.0,
        "Net Interest Income": -7886000.0,
        "Interest Expense": 7886000.0,
        "Normalized Income": -3842000.0,
        "Net Income From Continuing And Discontinued Operation": -3842000.0,
        "Total Expenses": 197499000.0,
        "Total Operating Income As Reported": -232000.0,
        "Diluted Average Shares": 56664000.0,
        "Basic Average Shares": 56664000.0,
        "Diluted EPS": -0.07,
        "Basic EPS": -0.07,
        "Diluted NI Availto Com Stockholders": -3842000.0,
        "Net Income Common Stockholders": -3842000.0,
        "Net Income": -3842000.0,
        "Minority Interests": 5549000.0,
        "Net Income Including Noncontrolling Interests": -9391000.0,
        "Net Income Continuous Operations": -9391000.0,
        "Tax Provision": 2580000.0,
        "Pretax Income": -6811000.0,
        "Other Income Expense": 1307000.0,
        "Other Non Operating Income Expenses": 1307000.0,
        "Net Non Operating Interest Income Expense": -7886000.0,
        "Interest Expense Non Operating": 7886000.0,
        "Operating Income": -232000.0,
        "Operating Expense": 45976000.0,
        "Selling General And Administration": 45976000.0,
        "Gross Profit": 45744000.0,
        "Cost Of Revenue": 151523000.0,
        "Total Revenue": 197267000.0,
        "Operating Revenue": 197267000.0
    },
    "2022-12-31": {
        "Tax Effect Of Unusual Items": 0.0,
        "Tax Rate For Calcs": 0.21,
        "Normalized EBITDA": 22601000.0,
        "Net Income From Continuing Operation Net Minority Interest": -663000.0,
        "Reconciled Depreciation": 13197000.0,
        "Reconciled Cost Of Revenue": 147467000.0,
        "EBITDA": 22601000.0,
        "EBIT": 9404000.0,
        "Net Interest Income": -6922000.0,
        "Interest Expense": 6922000.0,
        "Normalized Income": -663000.0,
        "Net Income From Continuing And Discontinued Operation": -663000.0,
        "Total Expenses": 198061000.0,
        "Total Operating Income As Reported": 3766000.0,
        "Diluted Average Shares": 55286000.0,
        "Basic Average Shares": 55286000.0,
        "Diluted EPS": -0.01,
        "Basic EPS": -0.01,
        "Diluted NI Availto Com Stockholders": -663000.0,
        "Net Income Common Stockholders": -663000.0,
        "Net Income": -663000.0,
        "Minority Interests": 2154000.0,
        "Net Income Including Noncontrolling Interests": -2817000.0,
        "Net Income Continuous Operations": -2817000.0,
        "Tax Provision": 5299000.0,
        "Pretax Income": 2482000.0,
        "Other Income Expense": 5638000.0,
        "Other Non Operating Income Expenses": 5638000.0,
        "Net Non Operating Interest Income Expense": -6922000.0,
        "Interest Expense Non Operating": 6922000.0,
        "Operating Income": 3766000.0,
        "Operating Expense": 50594000.0,
        "Selling General And Administration": 50594000.0,
        "Gross Profit": 54360000.0,
        "Cost Of Revenue": 147467000.0,
        "Total Revenue": 201827000.0,
        "Operating Revenue": 201827000.0
    },
    "2022-09-30": {
        "Tax Effect Of Unusual Items": NaN,
        "Tax Rate For Calcs": NaN,
        "Normalized EBITDA": NaN,
        "Net Income From Continuing Operation Net Minority Interest": NaN,
        "Reconciled Depreciation": NaN,
        "Reconciled Cost Of Revenue": NaN,
        "EBITDA": NaN,
        "EBIT": NaN,
        "Net Interest Income": NaN,
        "Interest Expense": NaN,
        "Normalized Income": NaN,
        "Net Income From Continuing And Discontinued Operation": NaN,
        "Total Expenses": NaN,
        "Total Operating Income As Reported": NaN,
        "Diluted Average Shares": NaN,
        "Basic Average Shares": NaN,
        "Diluted EPS": NaN,
        "Basic EPS": NaN,
        "Diluted NI Availto Com Stockholders": NaN,
        "Net Income Common Stockholders": NaN,
        "Otherunder Preferred Stock Dividend": 0.0,
        "Net Income": NaN,
        "Minority Interests": NaN,
        "Net Income Including Noncontrolling Interests": NaN,
        "Net Income Continuous Operations": NaN,
        "Tax Provision": NaN,
        "Pretax Income": NaN,
        "Other Income Expense": NaN,
        "Other Non Operating Income Expenses": NaN,
        "Net Non Operating Interest Income Expense": NaN,
        "Interest Expense Non Operating": NaN,
        "Operating Income": NaN,
        "Operating Expense": NaN,
        "Selling General And Administration": NaN,
        "Gross Profit": NaN,
        "Cost Of Revenue": NaN,
        "Total Revenue": NaN,
        "Operating Revenue": NaN
    },
    "2022-06-30": {
        "Tax Effect Of Unusual Items": 0.0,
        "Tax Rate For Calcs": 0.4,
        "Normalized EBITDA": 2730000.0,
        "Net Income From Continuing Operation Net Minority Interest": -906000.0,
        "Reconciled Depreciation": 10539000.0,
        "Reconciled Cost Of Revenue": 141370000.0,
        "EBITDA": 2730000.0,
        "EBIT": 2730000.0,
        "Net Interest Income": -3596000.0,
        "Interest Expense": 3596000.0,
        "Normalized Income": -906000.0,
        "Net Income From Continuing And Discontinued Operation": -906000.0,
        "Total Expenses": 183712000.0,
        "Total Operating Income As Reported": 2669000.0,
        "Diluted Average Shares": 50926000.0,
        "Basic Average Shares": 50926000.0,
        "Diluted EPS": -0.02,
        "Basic EPS": -0.02,
        "Diluted NI Availto Com Stockholders": -906000.0,
        "Net Income Common Stockholders": -906000.0,
        "Otherunder Preferred Stock Dividend": 0.0,
        "Net Income": -906000.0,
        "Minority Interests": 845000.0,
        "Net Income Including Noncontrolling Interests": -1751000.0,
        "Net Income Continuous Operations": -1751000.0,
        "Tax Provision": 885000.0,
        "Pretax Income": -866000.0,
        "Other Income Expense": 61000.0,
        "Other Non Operating Income Expenses": 61000.0,
        "Net Non Operating Interest Income Expense": -3596000.0,
        "Interest Expense Non Operating": 3596000.0,
        "Operating Income": 2669000.0,
        "Operating Expense": 42342000.0,
        "Selling General And Administration": 42342000.0,
        "Gross Profit": 45011000.0,
        "Cost Of Revenue": 141370000.0,
        "Total Revenue": 186381000.0,
        "Operating Revenue": 186381000.0
    },
    "2022-03-31": {
        "Diluted EPS": -0.1,
        "Total Revenue": 152,
        "Gross Profit": 31,
        "Operating Income": -14,
        "EBIT": -5,
        "Net Income": -5
    },
    "2021-12-31": {
        "Diluted EPS": -0.04,
        "Total Revenue": 140,
        "Gross Profit": 34,
        "Operating Income": -7,
        "EBIT": 0,
        "Net Income": -2
    },
    "2021-09-30": {
        "Diluted EPS": -0.24,
        "Total Revenue": 130,
        "Gross Profit": 39,
        "Operating Income": -115,
        "EBIT": -108,
        "Net Income": -11
    },
    "2021-06-30": {
        "Diluted EPS": 0.0,
        "Total Revenue": 129,
        "Gross Profit": 48,
        "Operating Income": 14,
        "EBIT": 20,
        "Net Income": NaN
    },
    "2021-03-31": {
        "Diluted EPS": 0.0,
        "Total Revenue": 99,
        "Gross Profit": 32,
        "Operating Income": -4,
        "EBIT": 2,
        "Net Income": NaN
    },
    "2020-12-31": {
        "Diluted EPS": 0.0,
        "Total Revenue": NaN,
        "Gross Profit": NaN,
        "Operating Income": NaN,
        "EBIT": NaN,
        "Net Income": NaN
    },
    "2020-09-30": {
        "Diluted EPS": 0.0,
        "Total Revenue": 87,
        "Gross Profit": 34,
        "Operating Income": 8,
        "EBIT": 12,
        "Net Income": 7
    },
    "2020-06-30": {
        "Diluted EPS": 0.0,
        "Total Revenue": NaN,
        "Gross Profit": NaN,
        "Operating Income": NaN,
        "EBIT": NaN,
        "Net Income": NaN
    },
    "2019-12-31": {
        "Diluted EPS": 0.0,
        "Total Revenue": NaN,
        "Gross Profit": NaN,
        "Operating Income": NaN,
        "EBIT": NaN,
        "Net Income": NaN
    },
    "2023-06-30": {
        "Tax Effect Of Unusual Items": NaN,
        "Tax Rate For Calcs": NaN,
        "Normalized EBITDA": NaN,
        "Net Income From Continuing Operation Net Minority Interest": NaN,
        "Reconciled Depreciation": NaN,
        "Reconciled Cost Of Revenue": NaN,
        "EBITDA": NaN,
        "EBIT": NaN,
        "Net Interest Income": NaN,
        "Interest Expense": NaN,
        "Normalized Income": NaN,
        "Net Income From Continuing And Discontinued Operation": NaN,
        "Total Expenses": NaN,
        "Total Operating Income As Reported": NaN,
        "Diluted Average Shares": NaN,
        "Basic Average Shares": NaN,
        "Diluted EPS": NaN,
        "Basic EPS": NaN,
        "Diluted NI Availto Com Stockholders": NaN,
        "Average Dilution Earnings": 30000.0,
        "Net Income Common Stockholders": NaN,
        "Net Income": NaN,
        "Minority Interests": NaN,
        "Net Income Including Noncontrolling Interests": NaN,
        "Net Income Continuous Operations": NaN,
        "Tax Provision": NaN,
        "Pretax Income": NaN,
        "Other Income Expense": NaN,
        "Other Non Operating Income Expenses": NaN,
        "Net Non Operating Interest Income Expense": NaN,
        "Interest Expense Non Operating": NaN,
        "Operating Income": NaN,
        "Operating Expense": NaN,
        "Selling General And Administration": NaN,
        "Gross Profit": NaN,
        "Cost Of Revenue": NaN,
        "Total Revenue": NaN,
        "Operating Revenue": NaN
    },
    "2023-09-30": {
        "Tax Effect Of Unusual Items": NaN,
        "Tax Rate For Calcs": NaN,
        "Normalized EBITDA": NaN,
        "Net Income From Continuing Operation Net Minority Interest": NaN,
        "Reconciled Depreciation": NaN,
        "Reconciled Cost Of Revenue": NaN,
        "EBITDA": NaN,
        "EBIT": NaN,
        "Net Interest Income": NaN,
        "Interest Expense": NaN,
        "Normalized Income": NaN,
        "Net Income From Continuing And Discontinued Operation": NaN,
        "Total Expenses": NaN,
        "Total Operating Income As Reported": NaN,
        "Diluted Average Shares": 60214000.0,
        "Basic Average Shares": 59366000.0,
        "Diluted EPS": 0.07,
        "Basic EPS": 0.07,
        "Diluted NI Availto Com Stockholders": NaN,
        "Average Dilution Earnings": NaN,
        "Net Income Common Stockholders": NaN,
        "Net Income": NaN,
        "Minority Interests": NaN,
        "Net Income Including Noncontrolling Interests": NaN,
        "Net Income Continuous Operations": NaN,
        "Tax Provision": NaN,
        "Pretax Income": NaN,
        "Other Income Expense": NaN,
        "Other Non Operating Income Expenses": NaN,
        "Net Non Operating Interest Income Expense": NaN,
        "Interest Expense Non Operating": NaN,
        "Operating Income": NaN,
        "Operating Expense": NaN,
        "Selling General And Administration": NaN,
        "Gross Profit": NaN,
        "Cost Of Revenue": NaN,
        "Total Revenue": NaN,
        "Operating Revenue": NaN
    },
    "2023-12-31": {
        "Tax Effect Of Unusual Items": 0.0,
        "Tax Rate For Calcs": 0.21,
        "Normalized EBITDA": 22715000.0,
        "Net Income From Continuing Operation Net Minority Interest": -1402000.0,
        "Reconciled Depreciation": 19724000.0,
        "Reconciled Cost Of Revenue": 194998000.0,
        "EBITDA": 22715000.0,
        "EBIT": 2991000.0,
        "Net Interest Income": -6052000.0,
        "Interest Expense": 6052000.0,
        "Normalized Income": -1402000.0,
        "Net Income From Continuing And Discontinued Operation": -1402000.0,
        "Total Expenses": 251944000.0,
        "Total Operating Income As Reported": 2179000.0,
        "Diluted Average Shares": 75356000.0,
        "Basic Average Shares": 75356000.0,
        "Diluted EPS": -0.02,
        "Basic EPS": -0.02,
        "Diluted NI Availto Com Stockholders": -1402000.0,
        "Average Dilution Earnings": NaN,
        "Net Income Common Stockholders": -1402000.0,
        "Net Income": -1402000.0,
        "Minority Interests": 2367000.0,
        "Net Income Including Noncontrolling Interests": -3769000.0,
        "Net Income Continuous Operations": -3769000.0,
        "Tax Provision": 708000.0,
        "Pretax Income": -3061000.0,
        "Other Income Expense": 812000.0,
        "Other Non Operating Income Expenses": 812000.0,
        "Net Non Operating Interest Income Expense": -6052000.0,
        "Interest Expense Non Operating": 6052000.0,
        "Operating Income": 2179000.0,
        "Operating Expense": 56946000.0,
        "Selling General And Administration": 56946000.0,
        "Gross Profit": 59125000.0,
        "Cost Of Revenue": 194998000.0,
        "Total Revenue": 254123000.0,
        "Operating Revenue": 254123000.0
    },
    "2024-03-31": {
        "Tax Effect Of Unusual Items": 0.0,
        "Tax Rate For Calcs": 0.351063,
        "Normalized EBITDA": 52633000.0,
        "Net Income From Continuing Operation Net Minority Interest": 7062000.0,
        "Reconciled Depreciation": 21253000.0,
        "Reconciled Cost Of Revenue": 203326000.0,
        "EBITDA": 52633000.0,
        "EBIT": 31380000.0,
        "Net Interest Income": -6393000.0,
        "Interest Expense": 6393000.0,
        "Normalized Income": 7062000.0,
        "Net Income From Continuing And Discontinued Operation": 7062000.0,
        "Total Expenses": 249520000.0,
        "Total Operating Income As Reported": 25579000.0,
        "Diluted Average Shares": 83410000.0,
        "Basic Average Shares": 83328000.0,
        "Diluted EPS": 0.08,
        "Basic EPS": 0.08,
        "Diluted NI Availto Com Stockholders": 7062000.0,
        "Average Dilution Earnings": NaN,
        "Net Income Common Stockholders": 7062000.0,
        "Net Income": 7062000.0,
        "Minority Interests": -9153000.0,
        "Net Income Including Noncontrolling Interests": 16215000.0,
        "Net Income Continuous Operations": 16215000.0,
        "Tax Provision": 8772000.0,
        "Pretax Income": 24987000.0,
        "Other Income Expense": 5801000.0,
        "Other Non Operating Income Expenses": 5801000.0,
        "Net Non Operating Interest Income Expense": -6393000.0,
        "Interest Expense Non Operating": 6393000.0,
        "Operating Income": 25579000.0,
        "Operating Expense": 46194000.0,
        "Selling General And Administration": 46194000.0,
        "Gross Profit": 71773000.0,
        "Cost Of Revenue": 203326000.0,
        "Total Revenue": 275099000.0,
        "Operating Revenue": 275099000.0
    },
    "2024-06-30": {
        "Tax Effect Of Unusual Items": NaN,
        "Tax Rate For Calcs": NaN,
        "Normalized EBITDA": NaN,
        "Net Income From Continuing Operation Net Minority Interest": NaN,
        "Reconciled Depreciation": NaN,
        "Reconciled Cost Of Revenue": NaN,
        "EBITDA": NaN,
        "EBIT": NaN,
        "Net Interest Income": NaN,
        "Interest Expense": NaN,
        "Normalized Income": NaN,
        "Net Income From Continuing And Discontinued Operation": NaN,
        "Total Expenses": NaN,
        "Rent Expense Supplemental": NaN,
        "Total Operating Income As Reported": NaN,
        "Diluted Average Shares": NaN,
        "Basic Average Shares": NaN,
        "Diluted EPS": NaN,
        "Basic EPS": NaN,
        "Diluted NI Availto Com Stockholders": NaN,
        "Average Dilution Earnings": 23000.0,
        "Net Income Common Stockholders": NaN,
        "Net Income": NaN,
        "Minority Interests": NaN,
        "Net Income Including Noncontrolling Interests": NaN,
        "Net Income Continuous Operations": NaN,
        "Tax Provision": NaN,
        "Pretax Income": NaN,
        "Other Income Expense": NaN,
        "Other Non Operating Income Expenses": NaN,
        "Net Non Operating Interest Income Expense": NaN,
        "Interest Expense Non Operating": NaN,
        "Operating Income": NaN,
        "Operating Expense": NaN,
        "Depreciation Amortization Depletion Income Statement": NaN,
        "Depreciation And Amortization In Income Statement": NaN,
        "Depreciation Income Statement": NaN,
        "Selling General And Administration": NaN,
        "General And Administrative Expense": NaN,
        "Other Gand A": NaN,
        "Rent And Landing Fees": NaN,
        "Gross Profit": NaN,
        "Cost Of Revenue": NaN,
        "Total Revenue": NaN,
        "Operating Revenue": NaN
    },
    "2024-09-30": {
        "Tax Effect Of Unusual Items": 0.0,
        "Tax Rate For Calcs": 0.178,
        "Normalized EBITDA": 57160000.0,
        "Net Income From Continuing Operation Net Minority Interest": 12644000.0,
        "Reconciled Depreciation": 23881000.0,
        "Reconciled Cost Of Revenue": 248161000.0,
        "EBITDA": 57160000.0,
        "EBIT": 33279000.0,
        "Net Interest Income": -6869000.0,
        "Interest Expense": 6869000.0,
        "Normalized Income": 12644000.0,
        "Net Income From Continuing And Discontinued Operation": 12644000.0,
        "Total Expenses": 305697000.0,
        "Rent Expense Supplemental": NaN,
        "Total Operating Income As Reported": 32515000.0,
        "Diluted Average Shares": 114252000.0,
        "Basic Average Shares": 113819000.0,
        "Diluted EPS": 0.11,
        "Basic EPS": 0.11,
        "Diluted NI Availto Com Stockholders": 12644000.0,
        "Average Dilution Earnings": NaN,
        "Net Income Common Stockholders": 12644000.0,
        "Net Income": 12644000.0,
        "Minority Interests": -9068000.0,
        "Net Income Including Noncontrolling Interests": 21712000.0,
        "Net Income Continuous Operations": 21712000.0,
        "Tax Provision": 4698000.0,
        "Pretax Income": 26410000.0,
        "Other Income Expense": 764000.0,
        "Other Non Operating Income Expenses": 764000.0,
        "Net Non Operating Interest Income Expense": -6869000.0,
        "Interest Expense Non Operating": 6869000.0,
        "Operating Income": 32515000.0,
        "Operating Expense": 57536000.0,
        "Depreciation Amortization Depletion Income Statement": NaN,
        "Depreciation And Amortization In Income Statement": NaN,
        "Depreciation Income Statement": NaN,
        "Selling General And Administration": 57536000.0,
        "General And Administrative Expense": NaN,
        "Other Gand A": NaN,
        "Rent And Landing Fees": NaN,
        "Gross Profit": 90051000.0,
        "Cost Of Revenue": 248161000.0,
        "Total Revenue": 338212000.0,
        "Operating Revenue": 338212000.0
    },
    "2024-12-31": {
        "Tax Effect Of Unusual Items": 0.0,
        "Tax Rate For Calcs": 0.147885,
        "Normalized EBITDA": 39754000.0,
        "Net Income From Continuing Operation Net Minority Interest": 3612000.0,
        "Reconciled Depreciation": 25521000.0,
        "Reconciled Cost Of Revenue": 254838000.0,
        "EBITDA": 39754000.0,
        "EBIT": 14233000.0,
        "Net Interest Income": -6761000.0,
        "Interest Expense": 6761000.0,
        "Normalized Income": 3612000.0,
        "Net Income From Continuing And Discontinued Operation": 3612000.0,
        "Total Expenses": 327008000.0,
        "Rent Expense Supplemental": NaN,
        "Total Operating Income As Reported": 15778000.0,
        "Diluted Average Shares": 115248000.0,
        "Basic Average Shares": 114668000.0,
        "Diluted EPS": 0.03,
        "Basic EPS": 0.03,
        "Diluted NI Availto Com Stockholders": 3722000.0,
        "Average Dilution Earnings": NaN,
        "Net Income Common Stockholders": 3612000.0,
        "Net Income": 3612000.0,
        "Minority Interests": -2755000.0,
        "Net Income Including Noncontrolling Interests": 6367000.0,
        "Net Income Continuous Operations": 6367000.0,
        "Tax Provision": 1105000.0,
        "Pretax Income": 7472000.0,
        "Other Income Expense": -1545000.0,
        "Other Non Operating Income Expenses": -1545000.0,
        "Net Non Operating Interest Income Expense": -6761000.0,
        "Interest Expense Non Operating": 6761000.0,
        "Operating Income": 15778000.0,
        "Operating Expense": 72170000.0,
        "Depreciation Amortization Depletion Income Statement": NaN,
        "Depreciation And Amortization In Income Statement": NaN,
        "Depreciation Income Statement": NaN,
        "Selling General And Administration": 72170000.0,
        "General And Administrative Expense": NaN,
        "Other Gand A": NaN,
        "Rent And Landing Fees": NaN,
        "Gross Profit": 87948000.0,
        "Cost Of Revenue": 254838000.0,
        "Total Revenue": 342786000.0,
        "Operating Revenue": 342786000.0
    },
    "2025-03-31": {
        "Tax Effect Of Unusual Items": 0.0,
        "Tax Rate For Calcs": 0.061,
        "Normalized EBITDA": 57484000.0,
        "Net Income From Continuing Operation Net Minority Interest": 15353000.0,
        "Reconciled Depreciation": 26430000.0,
        "Reconciled Cost Of Revenue": 265159000.0,
        "EBITDA": 57484000.0,
        "EBIT": 31054000.0,
        "Net Interest Income": -7115000.0,
        "Interest Expense": 7115000.0,
        "Normalized Income": 15353000.0,
        "Net Income From Continuing And Discontinued Operation": 15353000.0,
        "Total Expenses": 324080000.0,
        "Rent Expense Supplemental": NaN,
        "Total Operating Income As Reported": 31072000.0,
        "Diluted Average Shares": 121508000.0,
        "Basic Average Shares": 120810000.0,
        "Diluted EPS": 0.13,
        "Basic EPS": 0.13,
        "Diluted NI Availto Com Stockholders": 15353000.0,
        "Average Dilution Earnings": NaN,
        "Net Income Common Stockholders": 15353000.0,
        "Net Income": 15353000.0,
        "Minority Interests": -7127000.0,
        "Net Income Including Noncontrolling Interests": 22480000.0,
        "Net Income Continuous Operations": 22480000.0,
        "Tax Provision": 1459000.0,
        "Pretax Income": 23939000.0,
        "Other Income Expense": -18000.0,
        "Other Non Operating Income Expenses": -18000.0,
        "Net Non Operating Interest Income Expense": -7115000.0,
        "Interest Expense Non Operating": 7115000.0,
        "Operating Income": 31072000.0,
        "Operating Expense": 58921000.0,
        "Depreciation Amortization Depletion Income Statement": NaN,
        "Depreciation And Amortization In Income Statement": NaN,
        "Depreciation Income Statement": NaN,
        "Selling General And Administration": 58921000.0,
        "General And Administrative Expense": NaN,
        "Other Gand A": NaN,
        "Rent And Landing Fees": NaN,
        "Gross Profit": 89993000.0,
        "Cost Of Revenue": 265159000.0,
        "Total Revenue": 355152000.0,
        "Operating Revenue": 355152000.0
    },
    "2025-06-30": {
        "Tax Effect Of Unusual Items": 0.0,
        "Tax Rate For Calcs": 0.159,
        "Normalized EBITDA": 80569000.0,
        "Net Income From Continuing Operation Net Minority Interest": 25624000.0,
        "Reconciled Depreciation": 27893000.0,
        "Reconciled Cost Of Revenue": 295769000.0,
        "EBITDA": 80569000.0,
        "EBIT": 52676000.0,
        "Net Interest Income": -7076000.0,
        "Interest Expense": 7076000.0,
        "Normalized Income": 25624000.0,
        "Net Income From Continuing And Discontinued Operation": 25624000.0,
        "Total Expenses": 361154000.0,
        "Rent Expense Supplemental": NaN,
        "Total Operating Income As Reported": 54659000.0,
        "Diluted Average Shares": 126830000.0,
        "Basic Average Shares": 126390000.0,
        "Diluted EPS": 0.2,
        "Basic EPS": 0.2,
        "Diluted NI Availto Com Stockholders": 25655000.0,
        "Average Dilution Earnings": 31000.0,
        "Net Income Common Stockholders": 25624000.0,
        "Net Income": 25624000.0,
        "Minority Interests": -12733000.0,
        "Net Income Including Noncontrolling Interests": 38357000.0,
        "Net Income Continuous Operations": 38357000.0,
        "Tax Provision": 7243000.0,
        "Pretax Income": 45600000.0,
        "Other Income Expense": -1983000.0,
        "Other Non Operating Income Expenses": -1983000.0,
        "Net Non Operating Interest Income Expense": -7076000.0,
        "Interest Expense Non Operating": 7076000.0,
        "Operating Income": 54659000.0,
        "Operating Expense": 65385000.0,
        "Depreciation Amortization Depletion Income Statement": NaN,
        "Depreciation And Amortization In Income Statement": NaN,
        "Depreciation Income Statement": NaN,
        "Selling General And Administration": 65385000.0,
        "General And Administrative Expense": NaN,
        "Other Gand A": NaN,
        "Rent And Landing Fees": NaN,
        "Gross Profit": 120044000.0,
        "Cost Of Revenue": 295769000.0,
        "Total Revenue": 415813000.0,
        "Operating Revenue": 415813000.0
    },
    "2025-09-30": {
        "Tax Effect Of Unusual Items": 0.0,
        "Tax Rate For Calcs": 0.219,
        "Normalized EBITDA": 70705000.0,
        "Net Income From Continuing Operation Net Minority Interest": 17495000.0,
        "Reconciled Depreciation": 29066000.0,
        "Reconciled Cost Of Revenue": 288663000.0,
        "EBITDA": 70705000.0,
        "EBIT": 41639000.0,
        "Net Interest Income": -6695000.0,
        "Interest Expense": 6695000.0,
        "Normalized Income": 17495000.0,
        "Net Income From Continuing And Discontinued Operation": 17495000.0,
        "Total Expenses": 382094000.0,
        "Rent Expense Supplemental": 14112000.0,
        "Total Operating Income As Reported": 41490000.0,
        "Diluted Average Shares": 127379000.0,
        "Basic Average Shares": 126986000.0,
        "Diluted EPS": 0.14,
        "Basic EPS": 0.14,
        "Diluted NI Availto Com Stockholders": 17495000.0,
        "Average Dilution Earnings": NaN,
        "Net Income Common Stockholders": 17495000.0,
        "Net Income": 17495000.0,
        "Minority Interests": -9788000.0,
        "Net Income Including Noncontrolling Interests": 27283000.0,
        "Net Income Continuous Operations": 27283000.0,
        "Tax Provision": 7661000.0,
        "Pretax Income": 34944000.0,
        "Other Income Expense": 149000.0,
        "Other Non Operating Income Expenses": 149000.0,
        "Net Non Operating Interest Income Expense": -6695000.0,
        "Interest Expense Non Operating": 6695000.0,
        "Operating Income": 41490000.0,
        "Operating Expense": 65289000.0,
        "Depreciation Amortization Depletion Income Statement": 924000.0,
        "Depreciation And Amortization In Income Statement": 924000.0,
        "Depreciation Income Statement": 924000.0,
        "Selling General And Administration": 64365000.0,
        "General And Administrative Expense": 64365000.0,
        "Other Gand A": 63656000.0,
        "Rent And Landing Fees": 709000.0,
        "Gross Profit": 106779000.0,
        "Cost Of Revenue": 316805000.0,
        "Total Revenue": 423584000.0,
        "Operating Revenue": 423584000.0
    }
}