{
    "2023-03-31": {
        "Tax Effect Of Unusual Items": -5199180.0,
        "Tax Rate For Calcs": 0.21,
        "Normalized EBITDA": 51377000.0,
        "Total Unusual Items": -24758000.0,
        "Total Unusual Items Excluding Goodwill": -24758000.0,
        "Net Income From Continuing Operation Net Minority Interest": -14132000.0,
        "Reconciled Depreciation": 24511000.0,
        "Reconciled Cost Of Revenue": 230954000.0,
        "EBITDA": 26619000.0,
        "EBIT": 2108000.0,
        "Net Interest Income": -27884000.0,
        "Interest Expense": 27884000.0,
        "Normalized Income": 5426820.0,
        "Net Income From Continuing And Discontinued Operation": -14132000.0,
        "Total Expenses": 302069000.0,
        "Total Operating Income As Reported": 3619000.0,
        "Diluted Average Shares": 58711798.0,
        "Basic Average Shares": 58711798.0,
        "Diluted EPS": -0.24,
        "Basic EPS": -0.24,
        "Diluted NI Availto Com Stockholders": -14132000.0,
        "Net Income Common Stockholders": -14132000.0,
        "Net Income": -14132000.0,
        "Minority Interests": 11722000.0,
        "Net Income Including Noncontrolling Interests": -25854000.0,
        "Net Income Continuous Operations": -25854000.0,
        "Tax Provision": 78000.0,
        "Pretax Income": -25776000.0,
        "Other Income Expense": -26269000.0,
        "Other Non Operating Income Expenses": -1511000.0,
        "Special Income Charges": -24758000.0,
        "Gain On Sale Of Business": 0.0,
        "Restructuring And Mergern Acquisition": 24758000.0,
        "Net Non Operating Interest Income Expense": -27884000.0,
        "Interest Expense Non Operating": 27884000.0,
        "Operating Income": 28377000.0,
        "Operating Expense": 71115000.0,
        "Other Operating Expenses": 46604000.0,
        "Depreciation Amortization Depletion Income Statement": 24511000.0,
        "Depreciation And Amortization In Income Statement": 24511000.0,
        "Amortization": 23163000.0,
        "Amortization Of Intangibles Income Statement": 23163000.0,
        "Depreciation Income Statement": 1348000.0,
        "Gross Profit": 99492000.0,
        "Cost Of Revenue": 230954000.0,
        "Total Revenue": 330446000.0,
        "Operating Revenue": 327286000.0
    },
    "2022-12-31": {
        "Tax Effect Of Unusual Items": 0.0,
        "Tax Rate For Calcs": 0.0,
        "Normalized EBITDA": 819000.0,
        "Total Unusual Items": -43116000.0,
        "Total Unusual Items Excluding Goodwill": -43116000.0,
        "Net Income From Continuing Operation Net Minority Interest": -48490000.0,
        "Reconciled Depreciation": 23137000.0,
        "Reconciled Cost Of Revenue": 196927000.0,
        "EBITDA": -42297000.0,
        "EBIT": -65434000.0,
        "Net Interest Income": -25324000.0,
        "Interest Expense": 25324000.0,
        "Normalized Income": -5374000.0,
        "Net Income From Continuing And Discontinued Operation": -48490000.0,
        "Total Expenses": 269348000.0,
        "Total Operating Income As Reported": -66420000.0,
        "Diluted Average Shares": 57997896.0,
        "Basic Average Shares": 57997896.0,
        "Diluted EPS": -0.84,
        "Basic EPS": -0.84,
        "Diluted NI Availto Com Stockholders": -48490000.0,
        "Net Income Common Stockholders": -48490000.0,
        "Net Income": -48490000.0,
        "Minority Interests": 42983000.0,
        "Net Income Including Noncontrolling Interests": -91473000.0,
        "Net Income Continuous Operations": -91473000.0,
        "Tax Provision": NaN,
        "Pretax Income": -90758000.0,
        "Other Income Expense": -42130000.0,
        "Other Non Operating Income Expenses": 986000.0,
        "Special Income Charges": -43116000.0,
        "Restructuring And Mergern Acquisition": 43116000.0,
        "Net Non Operating Interest Income Expense": -25324000.0,
        "Interest Expense Non Operating": 25324000.0,
        "Operating Income": -23304000.0,
        "Operating Expense": 72421000.0,
        "Other Operating Expenses": 49284000.0,
        "Depreciation Amortization Depletion Income Statement": 23137000.0,
        "Depreciation And Amortization In Income Statement": 23137000.0,
        "Amortization": 21826000.0,
        "Amortization Of Intangibles Income Statement": 21826000.0,
        "Depreciation Income Statement": 1311000.0,
        "Gross Profit": 49117000.0,
        "Cost Of Revenue": 196927000.0,
        "Total Revenue": 246044000.0,
        "Operating Revenue": 247159000.0
    },
    "2022-09-30": {
        "Tax Effect Of Unusual Items": 0.0,
        "Tax Rate For Calcs": 0.0,
        "Normalized EBITDA": 20150000.0,
        "Total Unusual Items": -21695000.0,
        "Total Unusual Items Excluding Goodwill": -21695000.0,
        "Net Income From Continuing Operation Net Minority Interest": -24793000.0,
        "Reconciled Depreciation": 24396000.0,
        "Reconciled Cost Of Revenue": 195920000.0,
        "EBITDA": -1545000.0,
        "EBIT": -25941000.0,
        "Net Interest Income": -20766000.0,
        "Interest Expense": 20766000.0,
        "Normalized Income": -3098000.0,
        "Net Income From Continuing And Discontinued Operation": -24793000.0,
        "Total Expenses": 267528000.0,
        "Total Operating Income As Reported": -29855000.0,
        "Diluted Average Shares": 57282132.0,
        "Basic Average Shares": 57282132.0,
        "Diluted EPS": -0.43,
        "Basic EPS": -0.43,
        "Diluted NI Availto Com Stockholders": -24793000.0,
        "Net Income Common Stockholders": -24793000.0,
        "Net Income": -24793000.0,
        "Minority Interests": 21914000.0,
        "Net Income Including Noncontrolling Interests": -46707000.0,
        "Net Income Continuous Operations": -46707000.0,
        "Tax Provision": NaN,
        "Pretax Income": -46707000.0,
        "Other Income Expense": -17781000.0,
        "Other Non Operating Income Expenses": 3914000.0,
        "Special Income Charges": -21695000.0,
        "Restructuring And Mergern Acquisition": 21695000.0,
        "Net Non Operating Interest Income Expense": -20766000.0,
        "Interest Expense Non Operating": 20766000.0,
        "Operating Income": -8160000.0,
        "Operating Expense": 71608000.0,
        "Other Operating Expenses": 47212000.0,
        "Depreciation Amortization Depletion Income Statement": 24396000.0,
        "Depreciation And Amortization In Income Statement": 24396000.0,
        "Amortization": 23180000.0,
        "Amortization Of Intangibles Income Statement": 23180000.0,
        "Depreciation Income Statement": 1216000.0,
        "Gross Profit": 63448000.0,
        "Cost Of Revenue": 195920000.0,
        "Total Revenue": 259368000.0,
        "Operating Revenue": 254916000.0
    },
    "2022-06-30": {
        "Tax Effect Of Unusual Items": 10748800.0,
        "Tax Rate For Calcs": 0.4,
        "Normalized EBITDA": 24628000.0,
        "Total Unusual Items": 26872000.0,
        "Total Unusual Items Excluding Goodwill": 26872000.0,
        "Net Income From Continuing Operation Net Minority Interest": 8642000.0,
        "Reconciled Depreciation": 20275000.0,
        "Reconciled Cost Of Revenue": 172848000.0,
        "EBITDA": 51500000.0,
        "EBIT": 31225000.0,
        "Net Interest Income": -14632000.0,
        "Interest Expense": 14632000.0,
        "Normalized Income": -7481200.0,
        "Net Income From Continuing And Discontinued Operation": 8642000.0,
        "Total Expenses": 233893000.0,
        "Total Operating Income As Reported": 25439000.0,
        "Diluted Average Shares": 59858816.0,
        "Basic Average Shares": 56270491.0,
        "Diluted EPS": 0.14,
        "Basic EPS": 0.15,
        "Diluted NI Availto Com Stockholders": 8642000.0,
        "Net Income Common Stockholders": 8642000.0,
        "Net Income": 8642000.0,
        "Minority Interests": -7951000.0,
        "Net Income Including Noncontrolling Interests": 16593000.0,
        "Net Income Continuous Operations": 16593000.0,
        "Tax Provision": NaN,
        "Pretax Income": 16593000.0,
        "Other Income Expense": 32658000.0,
        "Other Non Operating Income Expenses": 5786000.0,
        "Special Income Charges": 26872000.0,
        "Restructuring And Mergern Acquisition": -26872000.0,
        "Net Non Operating Interest Income Expense": -14632000.0,
        "Interest Expense Non Operating": 14632000.0,
        "Operating Income": -1433000.0,
        "Operating Expense": 61045000.0,
        "Other Operating Expenses": 40770000.0,
        "Depreciation Amortization Depletion Income Statement": 20275000.0,
        "Depreciation And Amortization In Income Statement": 20275000.0,
        "Amortization": 19170000.0,
        "Amortization Of Intangibles Income Statement": 19170000.0,
        "Depreciation Income Statement": 1105000.0,
        "Gross Profit": 59612000.0,
        "Cost Of Revenue": 172848000.0,
        "Total Revenue": 232460000.0,
        "Operating Revenue": 227522000.0
    },
    "2022-03-31": {
        "Diluted EPS": 0.39,
        "Total Revenue": 243,
        "Gross Profit": 89,
        "Operating Income": 40,
        "EBIT": 60,
        "Net Income": 23
    },
    "2021-12-31": {
        "Diluted EPS": -0.46,
        "Total Revenue": 159,
        "Gross Profit": 38,
        "Operating Income": -38,
        "EBIT": -21,
        "Net Income": -23
    },
    "2021-09-30": {
        "Diluted EPS": -0.28,
        "Total Revenue": 136,
        "Gross Profit": 35,
        "Operating Income": -17,
        "EBIT": -3,
        "Net Income": -13
    },
    "2021-06-30": {
        "Diluted EPS": -0.23,
        "Total Revenue": 120,
        "Gross Profit": 31,
        "Operating Income": -14,
        "EBIT": -1,
        "Net Income": -10
    },
    "2021-03-31": {
        "Diluted EPS": 0.33,
        "Total Revenue": 153,
        "Gross Profit": 63,
        "Operating Income": 37,
        "EBIT": 49,
        "Net Income": 15
    },
    "2020-12-31": {
        "Diluted EPS": -0.37,
        "Total Revenue": 70,
        "Gross Profit": 18,
        "Operating Income": -14,
        "EBIT": -7,
        "Net Income": -10
    },
    "2020-09-30": {
        "Diluted EPS": -0.1,
        "Total Revenue": 66,
        "Gross Profit": 17,
        "Operating Income": -7,
        "EBIT": -1,
        "Net Income": -3
    },
    "2020-06-30": {
        "Diluted EPS": -0.18,
        "Total Revenue": 51,
        "Gross Profit": 12,
        "Operating Income": -7,
        "EBIT": -2,
        "Net Income": -4
    },
    "2020-03-31": {
        "Diluted EPS": 0.07,
        "Total Revenue": 54,
        "Gross Profit": 20,
        "Operating Income": 5,
        "EBIT": 9,
        "Net Income": 1
    },
    "2019-12-31": {
        "Diluted EPS": -0.48,
        "Total Revenue": 37,
        "Gross Profit": 7,
        "Operating Income": -19,
        "EBIT": -15,
        "Net Income": -9
    },
    "2019-09-30": {
        "Diluted EPS": 0.0,
        "Total Revenue": 38,
        "Gross Profit": 12,
        "Operating Income": 1,
        "EBIT": 5,
        "Net Income": NaN
    },
    "2019-06-30": {
        "Diluted EPS": 0.0,
        "Total Revenue": 33,
        "Gross Profit": 9,
        "Operating Income": 1,
        "EBIT": 4,
        "Net Income": NaN
    },
    "2019-03-31": {
        "Diluted EPS": 0.0,
        "Total Revenue": 30,
        "Gross Profit": 14,
        "Operating Income": 11,
        "EBIT": 13,
        "Net Income": NaN
    },
    "2018-12-31": {
        "Diluted EPS": 0.0,
        "Total Revenue": NaN,
        "Gross Profit": NaN,
        "Operating Income": NaN,
        "EBIT": NaN,
        "Net Income": NaN
    },
    "2023-06-30": {
        "Tax Effect Of Unusual Items": -3442530.0,
        "Tax Rate For Calcs": 0.21,
        "Normalized EBITDA": 27139000.0,
        "Total Unusual Items": -16393000.0,
        "Total Unusual Items Excluding Goodwill": -16393000.0,
        "Net Income From Continuing Operation Net Minority Interest": -23897000.0,
        "Reconciled Depreciation": 24608000.0,
        "Reconciled Cost Of Revenue": 225236000.0,
        "EBITDA": 10746000.0,
        "EBIT": -13862000.0,
        "Net Interest Income": -29136000.0,
        "Interest Expense": 29136000.0,
        "Normalized Income": -10946530.0,
        "Net Income From Continuing And Discontinued Operation": -23897000.0,
        "Total Expenses": 297329000.0,
        "Total Operating Income As Reported": -16531000.0,
        "Diluted Average Shares": 60093228.0,
        "Basic Average Shares": 60093228.0,
        "Diluted EPS": -0.4,
        "Basic EPS": -0.4,
        "Diluted NI Availto Com Stockholders": -23897000.0,
        "Net Income Common Stockholders": -23897000.0,
        "Net Income": -23897000.0,
        "Minority Interests": 19766000.0,
        "Net Income Including Noncontrolling Interests": -43663000.0,
        "Net Income Continuous Operations": -43663000.0,
        "Tax Provision": 665000.0,
        "Pretax Income": -42998000.0,
        "Other Income Expense": -13724000.0,
        "Other Non Operating Income Expenses": 2669000.0,
        "Special Income Charges": -16393000.0,
        "Gain On Sale Of Business": NaN,
        "Restructuring And Mergern Acquisition": 16393000.0,
        "Net Non Operating Interest Income Expense": -29136000.0,
        "Interest Expense Non Operating": 29136000.0,
        "Operating Income": -138000.0,
        "Operating Expense": 72093000.0,
        "Other Operating Expenses": 47485000.0,
        "Depreciation Amortization Depletion Income Statement": 24608000.0,
        "Depreciation And Amortization In Income Statement": 24608000.0,
        "Amortization": 23159000.0,
        "Amortization Of Intangibles Income Statement": 23159000.0,
        "Depreciation Income Statement": 1449000.0,
        "Gross Profit": 71955000.0,
        "Cost Of Revenue": 225236000.0,
        "Total Revenue": 297191000.0,
        "Operating Revenue": 293315000.0
    },
    "2023-09-30": {
        "Tax Effect Of Unusual Items": -2921940.0,
        "Tax Rate For Calcs": 0.21,
        "Normalized EBITDA": 37285000.0,
        "Total Unusual Items": -13914000.0,
        "Total Unusual Items Excluding Goodwill": -13914000.0,
        "Net Income From Continuing Operation Net Minority Interest": -17629000.0,
        "Reconciled Depreciation": 24636000.0,
        "Reconciled Cost Of Revenue": 220469000.0,
        "EBITDA": 23371000.0,
        "EBIT": -1265000.0,
        "Net Interest Income": -30580000.0,
        "Interest Expense": 30580000.0,
        "Normalized Income": -6636940.0,
        "Net Income From Continuing And Discontinued Operation": -17629000.0,
        "Total Expenses": 292270000.0,
        "Total Operating Income As Reported": 86000.0,
        "Diluted Average Shares": 60549080.0,
        "Basic Average Shares": 60549080.0,
        "Diluted EPS": -0.29,
        "Basic EPS": -0.29,
        "Diluted NI Availto Com Stockholders": -17629000.0,
        "Net Income Common Stockholders": -17629000.0,
        "Net Income": -17629000.0,
        "Minority Interests": 14377000.0,
        "Net Income Including Noncontrolling Interests": -32006000.0,
        "Net Income Continuous Operations": -32006000.0,
        "Tax Provision": 161000.0,
        "Pretax Income": -31845000.0,
        "Other Income Expense": -15265000.0,
        "Other Non Operating Income Expenses": -1351000.0,
        "Special Income Charges": -13914000.0,
        "Gain On Sale Of Business": NaN,
        "Restructuring And Mergern Acquisition": 13914000.0,
        "Net Non Operating Interest Income Expense": -30580000.0,
        "Interest Expense Non Operating": 30580000.0,
        "Operating Income": 14000000.0,
        "Operating Expense": 71801000.0,
        "Other Operating Expenses": 47165000.0,
        "Depreciation Amortization Depletion Income Statement": 24636000.0,
        "Depreciation And Amortization In Income Statement": 24636000.0,
        "Amortization": 23183000.0,
        "Amortization Of Intangibles Income Statement": 23183000.0,
        "Depreciation Income Statement": 1453000.0,
        "Gross Profit": 85801000.0,
        "Cost Of Revenue": 220469000.0,
        "Total Revenue": 306270000.0,
        "Operating Revenue": 301868000.0
    },
    "2023-12-31": {
        "Tax Effect Of Unusual Items": -1263780.0,
        "Tax Rate For Calcs": 0.21,
        "Normalized EBITDA": 415000.0,
        "Total Unusual Items": -6018000.0,
        "Total Unusual Items Excluding Goodwill": -6018000.0,
        "Net Income From Continuing Operation Net Minority Interest": -34483000.0,
        "Reconciled Depreciation": 24647000.0,
        "Reconciled Cost Of Revenue": 234695000.0,
        "EBITDA": -5603000.0,
        "EBIT": -30250000.0,
        "Net Interest Income": -31865000.0,
        "Interest Expense": 31865000.0,
        "Normalized Income": -29728780.0,
        "Net Income From Continuing And Discontinued Operation": -34483000.0,
        "Total Expenses": 308355000.0,
        "Total Operating Income As Reported": -29725000.0,
        "Diluted Average Shares": NaN,
        "Basic Average Shares": NaN,
        "Diluted EPS": NaN,
        "Basic EPS": NaN,
        "Diluted NI Availto Com Stockholders": -34483000.0,
        "Net Income Common Stockholders": -34483000.0,
        "Net Income": -34483000.0,
        "Minority Interests": 28013000.0,
        "Net Income Including Noncontrolling Interests": -62496000.0,
        "Net Income Continuous Operations": -62496000.0,
        "Tax Provision": 381000.0,
        "Pretax Income": -62115000.0,
        "Other Income Expense": -6543000.0,
        "Other Non Operating Income Expenses": -525000.0,
        "Special Income Charges": -6018000.0,
        "Gain On Sale Of Business": NaN,
        "Restructuring And Mergern Acquisition": 6018000.0,
        "Net Non Operating Interest Income Expense": -31865000.0,
        "Interest Expense Non Operating": 31865000.0,
        "Operating Income": -23707000.0,
        "Operating Expense": 73660000.0,
        "Other Operating Expenses": 49013000.0,
        "Depreciation Amortization Depletion Income Statement": 24647000.0,
        "Depreciation And Amortization In Income Statement": 24647000.0,
        "Amortization": 23199000.0,
        "Amortization Of Intangibles Income Statement": 23199000.0,
        "Depreciation Income Statement": 1448000.0,
        "Gross Profit": 49953000.0,
        "Cost Of Revenue": 234695000.0,
        "Total Revenue": 284648000.0,
        "Operating Revenue": 286193000.0
    },
    "2024-03-31": {
        "Tax Effect Of Unusual Items": 399861.19144,
        "Tax Rate For Calcs": 0.016773,
        "Normalized EBITDA": 73018000.0,
        "Total Unusual Items": 23840000.0,
        "Total Unusual Items Excluding Goodwill": 23840000.0,
        "Net Income From Continuing Operation Net Minority Interest": 21578000.0,
        "Reconciled Depreciation": 25546000.0,
        "Reconciled Cost Of Revenue": 262092000.0,
        "EBITDA": 96858000.0,
        "EBIT": 71312000.0,
        "Net Interest Income": -31545000.0,
        "Interest Expense": 31545000.0,
        "Normalized Income": -1862138.80856,
        "Net Income From Continuing And Discontinued Operation": 21578000.0,
        "Total Expenses": 333433000.0,
        "Total Operating Income As Reported": 34258000.0,
        "Diluted Average Shares": 65314248.0,
        "Basic Average Shares": 61856147.0,
        "Diluted EPS": 0.33,
        "Basic EPS": 0.35,
        "Diluted NI Availto Com Stockholders": 21578000.0,
        "Net Income Common Stockholders": 21578000.0,
        "Net Income": 21578000.0,
        "Minority Interests": -17522000.0,
        "Net Income Including Noncontrolling Interests": 39100000.0,
        "Net Income Continuous Operations": 39100000.0,
        "Tax Provision": 667000.0,
        "Pretax Income": 39767000.0,
        "Other Income Expense": 24378000.0,
        "Other Non Operating Income Expenses": 538000.0,
        "Special Income Charges": 23840000.0,
        "Gain On Sale Of Business": 36516000.0,
        "Restructuring And Mergern Acquisition": 12676000.0,
        "Net Non Operating Interest Income Expense": -31545000.0,
        "Interest Expense Non Operating": 31545000.0,
        "Operating Income": 46934000.0,
        "Operating Expense": 71341000.0,
        "Other Operating Expenses": 45795000.0,
        "Depreciation Amortization Depletion Income Statement": 25546000.0,
        "Depreciation And Amortization In Income Statement": 25546000.0,
        "Amortization": 24041000.0,
        "Amortization Of Intangibles Income Statement": 24041000.0,
        "Depreciation Income Statement": 1505000.0,
        "Gross Profit": 118275000.0,
        "Cost Of Revenue": 262092000.0,
        "Total Revenue": 380367000.0,
        "Operating Revenue": 378074000.0
    }
}