{
    "2023-03-31": {
        "Tax Effect Of Unusual Items": NaN,
        "Tax Rate For Calcs": NaN,
        "Normalized EBITDA": NaN,
        "Total Unusual Items": NaN,
        "Total Unusual Items Excluding Goodwill": NaN,
        "Net Income From Continuing Operation Net Minority Interest": NaN,
        "Reconciled Depreciation": NaN,
        "Reconciled Cost Of Revenue": NaN,
        "EBITDA": NaN,
        "EBIT": NaN,
        "Net Interest Income": NaN,
        "Interest Expense": NaN,
        "Normalized Income": NaN,
        "Net Income From Continuing And Discontinued Operation": NaN,
        "Total Expenses": NaN,
        "Diluted Average Shares": NaN,
        "Basic Average Shares": NaN,
        "Diluted EPS": NaN,
        "Basic EPS": NaN,
        "Diluted NI Availto Com Stockholders": NaN,
        "Net Income Common Stockholders": NaN,
        "Net Income": NaN,
        "Net Income Including Noncontrolling Interests": NaN,
        "Net Income Continuous Operations": NaN,
        "Tax Provision": NaN,
        "Pretax Income": NaN,
        "Other Income Expense": NaN,
        "Other Non Operating Income Expenses": NaN,
        "Special Income Charges": NaN,
        "Impairment Of Capital Assets": NaN,
        "Restructuring And Mergern Acquisition": NaN,
        "Gain On Sale Of Security": NaN,
        "Net Non Operating Interest Income Expense": NaN,
        "Interest Expense Non Operating": NaN,
        "Operating Income": NaN,
        "Operating Expense": NaN,
        "Other Operating Expenses": NaN,
        "Other Taxes": NaN,
        "Selling General And Administration": NaN,
        "Selling And Marketing Expense": 0.0,
        "General And Administrative Expense": NaN,
        "Other Gand A": NaN,
        "Gross Profit": NaN,
        "Cost Of Revenue": NaN,
        "Total Revenue": NaN,
        "Operating Revenue": NaN
    },
    "2022-12-31": {
        "Tax Effect Of Unusual Items": NaN,
        "Tax Rate For Calcs": NaN,
        "Normalized EBITDA": NaN,
        "Total Unusual Items": NaN,
        "Total Unusual Items Excluding Goodwill": NaN,
        "Net Income From Continuing Operation Net Minority Interest": NaN,
        "Reconciled Depreciation": NaN,
        "Reconciled Cost Of Revenue": NaN,
        "EBITDA": NaN,
        "EBIT": NaN,
        "Net Interest Income": NaN,
        "Interest Expense": NaN,
        "Normalized Income": NaN,
        "Net Income From Continuing And Discontinued Operation": NaN,
        "Total Expenses": NaN,
        "Diluted Average Shares": NaN,
        "Basic Average Shares": NaN,
        "Diluted EPS": NaN,
        "Basic EPS": NaN,
        "Diluted NI Availto Com Stockholders": NaN,
        "Net Income Common Stockholders": NaN,
        "Net Income": NaN,
        "Net Income Including Noncontrolling Interests": NaN,
        "Net Income Continuous Operations": NaN,
        "Tax Provision": NaN,
        "Pretax Income": NaN,
        "Other Income Expense": NaN,
        "Other Non Operating Income Expenses": NaN,
        "Special Income Charges": NaN,
        "Impairment Of Capital Assets": NaN,
        "Restructuring And Mergern Acquisition": NaN,
        "Gain On Sale Of Security": NaN,
        "Net Non Operating Interest Income Expense": NaN,
        "Interest Expense Non Operating": NaN,
        "Operating Income": NaN,
        "Operating Expense": NaN,
        "Other Operating Expenses": NaN,
        "Other Taxes": NaN,
        "Selling General And Administration": NaN,
        "Selling And Marketing Expense": 0.0,
        "General And Administrative Expense": NaN,
        "Other Gand A": NaN,
        "Gross Profit": NaN,
        "Cost Of Revenue": NaN,
        "Total Revenue": NaN,
        "Operating Revenue": NaN
    },
    "2022-09-30": {
        "Tax Effect Of Unusual Items": 7161050.0,
        "Tax Rate For Calcs": 0.05,
        "Normalized EBITDA": 67190000.0,
        "Total Unusual Items": 143221000.0,
        "Total Unusual Items Excluding Goodwill": 143221000.0,
        "Net Income From Continuing Operation Net Minority Interest": 191660000.0,
        "Reconciled Depreciation": 39506000.0,
        "Reconciled Cost Of Revenue": 162330000.0,
        "EBITDA": 210411000.0,
        "EBIT": 210411000.0,
        "Net Interest Income": -7867000.0,
        "Interest Expense": 7867000.0,
        "Normalized Income": 55600050.0,
        "Net Income From Continuing And Discontinued Operation": 191660000.0,
        "Total Expenses": 194953000.0,
        "Diluted Average Shares": 82045000.0,
        "Basic Average Shares": 78044000.0,
        "Diluted EPS": 2.34,
        "Basic EPS": 2.46,
        "Diluted NI Availto Com Stockholders": 191660000.0,
        "Net Income Common Stockholders": 191660000.0,
        "Net Income": 191660000.0,
        "Net Income Including Noncontrolling Interests": 191660000.0,
        "Net Income Continuous Operations": 191660000.0,
        "Tax Provision": 10884000.0,
        "Pretax Income": 202544000.0,
        "Other Income Expense": 143197000.0,
        "Other Non Operating Income Expenses": -24000.0,
        "Special Income Charges": NaN,
        "Restructuring And Mergern Acquisition": NaN,
        "Gain On Sale Of Security": 143221000.0,
        "Net Non Operating Interest Income Expense": -7867000.0,
        "Interest Expense Non Operating": 7867000.0,
        "Operating Income": 67214000.0,
        "Operating Expense": 32623000.0,
        "Other Operating Expenses": 1900000.0,
        "Other Taxes": 7335000.0,
        "Selling General And Administration": 23388000.0,
        "Selling And Marketing Expense": 0.0,
        "General And Administrative Expense": 23388000.0,
        "Other Gand A": 23388000.0,
        "Gross Profit": 99837000.0,
        "Cost Of Revenue": 162330000.0,
        "Total Revenue": 262167000.0,
        "Operating Revenue": 261890000.0
    },
    "2022-06-30": {
        "Tax Effect Of Unusual Items": -2419377.458845,
        "Tax Rate For Calcs": 0.047144,
        "Normalized EBITDA": 142602000.0,
        "Total Unusual Items": -51319000.0,
        "Total Unusual Items Excluding Goodwill": -51319000.0,
        "Net Income From Continuing Operation Net Minority Interest": 43354000.0,
        "Reconciled Depreciation": 38055000.0,
        "Reconciled Cost Of Revenue": 153341000.0,
        "EBITDA": 91283000.0,
        "EBIT": 53228000.0,
        "Net Interest Income": -7729000.0,
        "Interest Expense": 7729000.0,
        "Normalized Income": 92253622.541155,
        "Net Income From Continuing And Discontinued Operation": 43354000.0,
        "Total Expenses": 189199000.0,
        "Diluted Average Shares": 83015000.0,
        "Basic Average Shares": 79596000.0,
        "Diluted EPS": 0.52,
        "Basic EPS": 0.54,
        "Diluted NI Availto Com Stockholders": 43354000.0,
        "Net Income Common Stockholders": 43354000.0,
        "Net Income": 43354000.0,
        "Net Income Including Noncontrolling Interests": 43354000.0,
        "Net Income Continuous Operations": 43354000.0,
        "Tax Provision": 2145000.0,
        "Pretax Income": 45499000.0,
        "Other Income Expense": -51361000.0,
        "Other Non Operating Income Expenses": -42000.0,
        "Special Income Charges": NaN,
        "Restructuring And Mergern Acquisition": NaN,
        "Gain On Sale Of Security": -51319000.0,
        "Net Non Operating Interest Income Expense": -7729000.0,
        "Interest Expense Non Operating": 7729000.0,
        "Operating Income": 104589000.0,
        "Operating Expense": 35858000.0,
        "Other Operating Expenses": 353000.0,
        "Other Taxes": 11214000.0,
        "Selling General And Administration": 24291000.0,
        "Selling And Marketing Expense": 0.0,
        "General And Administrative Expense": 24291000.0,
        "Other Gand A": 24291000.0,
        "Gross Profit": 140447000.0,
        "Cost Of Revenue": 153341000.0,
        "Total Revenue": 293788000.0,
        "Operating Revenue": 293668000.0
    },
    "2023-06-30": {
        "Tax Effect Of Unusual Items": NaN,
        "Tax Rate For Calcs": NaN,
        "Normalized EBITDA": NaN,
        "Total Unusual Items": NaN,
        "Total Unusual Items Excluding Goodwill": NaN,
        "Net Income From Continuing Operation Net Minority Interest": NaN,
        "Reconciled Depreciation": NaN,
        "Reconciled Cost Of Revenue": NaN,
        "EBITDA": NaN,
        "EBIT": NaN,
        "Net Interest Income": NaN,
        "Interest Expense": NaN,
        "Normalized Income": NaN,
        "Net Income From Continuing And Discontinued Operation": NaN,
        "Total Expenses": NaN,
        "Diluted Average Shares": NaN,
        "Basic Average Shares": NaN,
        "Diluted EPS": NaN,
        "Basic EPS": NaN,
        "Diluted NI Availto Com Stockholders": NaN,
        "Net Income Common Stockholders": NaN,
        "Net Income": NaN,
        "Net Income Including Noncontrolling Interests": NaN,
        "Net Income Continuous Operations": NaN,
        "Tax Provision": NaN,
        "Pretax Income": NaN,
        "Other Income Expense": NaN,
        "Other Non Operating Income Expenses": NaN,
        "Special Income Charges": NaN,
        "Impairment Of Capital Assets": 0.0,
        "Restructuring And Mergern Acquisition": NaN,
        "Gain On Sale Of Security": NaN,
        "Net Non Operating Interest Income Expense": NaN,
        "Interest Expense Non Operating": NaN,
        "Operating Income": NaN,
        "Operating Expense": NaN,
        "Other Operating Expenses": NaN,
        "Other Taxes": NaN,
        "Selling General And Administration": NaN,
        "Selling And Marketing Expense": 0.0,
        "General And Administrative Expense": NaN,
        "Other Gand A": NaN,
        "Gross Profit": NaN,
        "Cost Of Revenue": NaN,
        "Total Revenue": NaN,
        "Operating Revenue": NaN
    },
    "2022-03-31": {
        "Diluted EPS": -0.71,
        "Total Revenue": 94,
        "Gross Profit": 55,
        "Operating Income": -52,
        "EBIT": -12,
        "Net Income": -57
    },
    "2021-12-31": {
        "Diluted EPS": 0.12,
        "Total Revenue": 208,
        "Gross Profit": 174,
        "Operating Income": 19,
        "EBIT": 58,
        "Net Income": 9
    },
    "2021-09-30": {
        "Diluted EPS": 0.12,
        "Total Revenue": 143,
        "Gross Profit": 134,
        "Operating Income": 17,
        "EBIT": 54,
        "Net Income": 10
    },
    "2021-06-30": {
        "Diluted EPS": -0.16,
        "Total Revenue": 99,
        "Gross Profit": 93,
        "Operating Income": -5,
        "EBIT": 32,
        "Net Income": -13
    },
    "2021-03-31": {
        "Diluted EPS": -0.27,
        "Total Revenue": 94,
        "Gross Profit": 85,
        "Operating Income": -13,
        "EBIT": 22,
        "Net Income": -21
    },
    "2020-12-31": {
        "Diluted EPS": -0.79,
        "Total Revenue": 61,
        "Gross Profit": 54,
        "Operating Income": -64,
        "EBIT": -32,
        "Net Income": -64
    },
    "2020-09-30": {
        "Diluted EPS": -0.24,
        "Total Revenue": 90,
        "Gross Profit": 84,
        "Operating Income": -13,
        "EBIT": 25,
        "Net Income": -19
    },
    "2020-06-30": {
        "Diluted EPS": -0.81,
        "Total Revenue": 33,
        "Gross Profit": 29,
        "Operating Income": -79,
        "EBIT": -40,
        "Net Income": -65
    },
    "2020-03-31": {
        "Diluted EPS": -1.45,
        "Total Revenue": 339,
        "Gross Profit": 333,
        "Operating Income": -80,
        "EBIT": -43,
        "Net Income": -115
    },
    "2019-12-31": {
        "Diluted EPS": -0.09,
        "Total Revenue": 118,
        "Gross Profit": 111,
        "Operating Income": -55,
        "EBIT": -24,
        "Net Income": -7
    },
    "2019-09-30": {
        "Diluted EPS": 0.65,
        "Total Revenue": 195,
        "Gross Profit": 189,
        "Operating Income": 82,
        "EBIT": 111,
        "Net Income": 53
    },
    "2019-06-30": {
        "Diluted EPS": 0.39,
        "Total Revenue": 170,
        "Gross Profit": 165,
        "Operating Income": 53,
        "EBIT": 78,
        "Net Income": 32
    },
    "2019-03-31": {
        "Diluted EPS": -0.42,
        "Total Revenue": 77,
        "Gross Profit": 67,
        "Operating Income": -38,
        "EBIT": -12,
        "Net Income": -34
    },
    "2018-12-31": {
        "Diluted EPS": 2.47,
        "Total Revenue": 280,
        "Gross Profit": 271,
        "Operating Income": 179,
        "EBIT": 205,
        "Net Income": 132
    },
    "2018-09-30": {
        "Diluted EPS": -0.7,
        "Total Revenue": 143,
        "Gross Profit": 134,
        "Operating Income": 40,
        "EBIT": 64,
        "Net Income": -50
    },
    "2018-06-30": {
        "Diluted EPS": -0.94,
        "Total Revenue": 66,
        "Gross Profit": 61,
        "Operating Income": -25,
        "EBIT": -1,
        "Net Income": -34
    },
    "2018-03-31": {
        "Diluted EPS": 0.02,
        "Total Revenue": 97,
        "Gross Profit": 90,
        "Operating Income": 6,
        "EBIT": 26,
        "Net Income": 1
    },
    "2017-12-31": {
        "Diluted EPS": 0.0,
        "Total Revenue": NaN,
        "Gross Profit": NaN,
        "Operating Income": NaN,
        "EBIT": NaN,
        "Net Income": NaN
    },
    "2017-09-30": {
        "Diluted EPS": -0.38,
        "Total Revenue": 70,
        "Gross Profit": 60,
        "Operating Income": -11,
        "EBIT": 11,
        "Net Income": -15
    },
    "2017-06-30": {
        "Diluted EPS": 0.16,
        "Total Revenue": 135,
        "Gross Profit": 121,
        "Operating Income": 21,
        "EBIT": 21,
        "Net Income": 7
    },
    "2016-12-31": {
        "Diluted EPS": 0.0,
        "Total Revenue": NaN,
        "Gross Profit": NaN,
        "Operating Income": NaN,
        "EBIT": NaN,
        "Net Income": NaN
    },
    "2023-09-30": {
        "Tax Effect Of Unusual Items": NaN,
        "Tax Rate For Calcs": NaN,
        "Normalized EBITDA": NaN,
        "Total Unusual Items": NaN,
        "Total Unusual Items Excluding Goodwill": NaN,
        "Net Income From Continuing Operation Net Minority Interest": NaN,
        "Reconciled Depreciation": NaN,
        "Reconciled Cost Of Revenue": NaN,
        "EBITDA": NaN,
        "EBIT": NaN,
        "Net Interest Income": NaN,
        "Interest Expense": NaN,
        "Normalized Income": NaN,
        "Net Income From Continuing And Discontinued Operation": NaN,
        "Total Expenses": NaN,
        "Diluted Average Shares": NaN,
        "Basic Average Shares": NaN,
        "Diluted EPS": NaN,
        "Basic EPS": NaN,
        "Diluted NI Availto Com Stockholders": NaN,
        "Net Income Common Stockholders": NaN,
        "Net Income": NaN,
        "Net Income Including Noncontrolling Interests": NaN,
        "Net Income Continuous Operations": NaN,
        "Tax Provision": NaN,
        "Pretax Income": NaN,
        "Other Income Expense": NaN,
        "Other Non Operating Income Expenses": NaN,
        "Special Income Charges": NaN,
        "Impairment Of Capital Assets": NaN,
        "Restructuring And Mergern Acquisition": NaN,
        "Gain On Sale Of Security": NaN,
        "Net Non Operating Interest Income Expense": NaN,
        "Interest Expense Non Operating": NaN,
        "Operating Income": NaN,
        "Operating Expense": NaN,
        "Other Operating Expenses": NaN,
        "Other Taxes": NaN,
        "Selling General And Administration": NaN,
        "Selling And Marketing Expense": 0.0,
        "General And Administrative Expense": NaN,
        "Other Gand A": NaN,
        "Gross Profit": NaN,
        "Cost Of Revenue": NaN,
        "Total Revenue": NaN,
        "Operating Revenue": NaN
    },
    "2023-12-31": {
        "Tax Effect Of Unusual Items": NaN,
        "Tax Rate For Calcs": NaN,
        "Normalized EBITDA": NaN,
        "Total Unusual Items": NaN,
        "Total Unusual Items Excluding Goodwill": NaN,
        "Net Income From Continuing Operation Net Minority Interest": NaN,
        "Reconciled Depreciation": NaN,
        "Reconciled Cost Of Revenue": NaN,
        "EBITDA": NaN,
        "EBIT": NaN,
        "Net Interest Income": NaN,
        "Interest Expense": NaN,
        "Normalized Income": NaN,
        "Net Income From Continuing And Discontinued Operation": NaN,
        "Total Expenses": NaN,
        "Diluted Average Shares": NaN,
        "Basic Average Shares": NaN,
        "Diluted EPS": NaN,
        "Basic EPS": NaN,
        "Diluted NI Availto Com Stockholders": NaN,
        "Net Income Common Stockholders": NaN,
        "Net Income": NaN,
        "Net Income Including Noncontrolling Interests": NaN,
        "Net Income Continuous Operations": NaN,
        "Tax Provision": NaN,
        "Pretax Income": NaN,
        "Other Income Expense": NaN,
        "Other Non Operating Income Expenses": NaN,
        "Special Income Charges": NaN,
        "Impairment Of Capital Assets": NaN,
        "Restructuring And Mergern Acquisition": NaN,
        "Gain On Sale Of Security": NaN,
        "Net Non Operating Interest Income Expense": NaN,
        "Interest Expense Non Operating": NaN,
        "Operating Income": NaN,
        "Operating Expense": NaN,
        "Other Operating Expenses": NaN,
        "Other Taxes": NaN,
        "Selling General And Administration": NaN,
        "Selling And Marketing Expense": 0.0,
        "General And Administrative Expense": NaN,
        "Other Gand A": NaN,
        "Gross Profit": NaN,
        "Cost Of Revenue": NaN,
        "Total Revenue": NaN,
        "Operating Revenue": NaN
    },
    "2024-03-31": {
        "Tax Effect Of Unusual Items": NaN,
        "Tax Rate For Calcs": NaN,
        "Normalized EBITDA": NaN,
        "Total Unusual Items": NaN,
        "Total Unusual Items Excluding Goodwill": NaN,
        "Net Income From Continuing Operation Net Minority Interest": NaN,
        "Reconciled Depreciation": NaN,
        "Reconciled Cost Of Revenue": NaN,
        "EBITDA": NaN,
        "EBIT": NaN,
        "Net Interest Income": NaN,
        "Interest Expense": NaN,
        "Normalized Income": NaN,
        "Net Income From Continuing And Discontinued Operation": NaN,
        "Total Expenses": NaN,
        "Diluted Average Shares": NaN,
        "Basic Average Shares": NaN,
        "Diluted EPS": NaN,
        "Basic EPS": NaN,
        "Diluted NI Availto Com Stockholders": NaN,
        "Net Income Common Stockholders": NaN,
        "Net Income": NaN,
        "Net Income Including Noncontrolling Interests": NaN,
        "Net Income Continuous Operations": NaN,
        "Tax Provision": NaN,
        "Pretax Income": NaN,
        "Other Income Expense": NaN,
        "Other Non Operating Income Expenses": NaN,
        "Special Income Charges": NaN,
        "Impairment Of Capital Assets": NaN,
        "Restructuring And Mergern Acquisition": NaN,
        "Gain On Sale Of Security": NaN,
        "Net Non Operating Interest Income Expense": NaN,
        "Interest Expense Non Operating": NaN,
        "Operating Income": NaN,
        "Operating Expense": NaN,
        "Other Operating Expenses": NaN,
        "Other Taxes": NaN,
        "Selling General And Administration": NaN,
        "Selling And Marketing Expense": 4390000.0,
        "General And Administrative Expense": NaN,
        "Other Gand A": NaN,
        "Gross Profit": NaN,
        "Cost Of Revenue": NaN,
        "Total Revenue": NaN,
        "Operating Revenue": NaN
    },
    "2024-06-30": {
        "Tax Effect Of Unusual Items": NaN,
        "Tax Rate For Calcs": NaN,
        "Normalized EBITDA": NaN,
        "Total Unusual Items": NaN,
        "Total Unusual Items Excluding Goodwill": NaN,
        "Net Income From Continuing Operation Net Minority Interest": NaN,
        "Reconciled Depreciation": NaN,
        "Reconciled Cost Of Revenue": NaN,
        "EBITDA": NaN,
        "EBIT": NaN,
        "Net Interest Income": NaN,
        "Interest Expense": NaN,
        "Normalized Income": NaN,
        "Net Income From Continuing And Discontinued Operation": NaN,
        "Total Expenses": NaN,
        "Diluted Average Shares": NaN,
        "Basic Average Shares": NaN,
        "Diluted EPS": NaN,
        "Basic EPS": NaN,
        "Diluted NI Availto Com Stockholders": NaN,
        "Net Income Common Stockholders": NaN,
        "Net Income": NaN,
        "Net Income Including Noncontrolling Interests": NaN,
        "Net Income Continuous Operations": NaN,
        "Tax Provision": NaN,
        "Pretax Income": NaN,
        "Other Income Expense": NaN,
        "Other Non Operating Income Expenses": NaN,
        "Special Income Charges": NaN,
        "Impairment Of Capital Assets": NaN,
        "Restructuring And Mergern Acquisition": NaN,
        "Gain On Sale Of Security": NaN,
        "Net Non Operating Interest Income Expense": NaN,
        "Interest Expense Non Operating": NaN,
        "Operating Income": NaN,
        "Operating Expense": NaN,
        "Other Operating Expenses": NaN,
        "Other Taxes": NaN,
        "Selling General And Administration": NaN,
        "Selling And Marketing Expense": 1885000.0,
        "General And Administrative Expense": NaN,
        "Other Gand A": NaN,
        "Gross Profit": NaN,
        "Cost Of Revenue": NaN,
        "Total Revenue": NaN,
        "Operating Revenue": NaN
    },
    "2024-09-30": {
        "Tax Effect Of Unusual Items": 17278977.846121,
        "Tax Rate For Calcs": 0.259102,
        "Normalized EBITDA": 79342000.0,
        "Total Unusual Items": 66688000.0,
        "Total Unusual Items Excluding Goodwill": 66688000.0,
        "Net Income From Continuing Operation Net Minority Interest": 69863000.0,
        "Reconciled Depreciation": 42749000.0,
        "Reconciled Cost Of Revenue": 123630000.0,
        "EBITDA": 146030000.0,
        "EBIT": 103281000.0,
        "Net Interest Income": -8986000.0,
        "Interest Expense": 8986000.0,
        "Normalized Income": 20453977.846121,
        "Net Income From Continuing And Discontinued Operation": 69863000.0,
        "Total Expenses": 149737000.0,
        "Diluted Average Shares": 77060000.0,
        "Basic Average Shares": 76939000.0,
        "Diluted EPS": 0.91,
        "Basic EPS": 0.91,
        "Diluted NI Availto Com Stockholders": 69863000.0,
        "Net Income Common Stockholders": 69863000.0,
        "Net Income": 69863000.0,
        "Net Income Including Noncontrolling Interests": 69863000.0,
        "Net Income Continuous Operations": 69863000.0,
        "Tax Provision": 24432000.0,
        "Pretax Income": 94295000.0,
        "Other Income Expense": 66744000.0,
        "Other Non Operating Income Expenses": 56000.0,
        "Special Income Charges": -971000.0,
        "Impairment Of Capital Assets": 0.0,
        "Restructuring And Mergern Acquisition": 971000.0,
        "Gain On Sale Of Security": 67659000.0,
        "Net Non Operating Interest Income Expense": -8986000.0,
        "Interest Expense Non Operating": 8986000.0,
        "Operating Income": 36537000.0,
        "Operating Expense": 26107000.0,
        "Other Operating Expenses": -3355000.0,
        "Other Taxes": 10351000.0,
        "Selling General And Administration": 19111000.0,
        "Selling And Marketing Expense": NaN,
        "General And Administrative Expense": 19111000.0,
        "Other Gand A": 19111000.0,
        "Gross Profit": 62644000.0,
        "Cost Of Revenue": 123630000.0,
        "Total Revenue": 186274000.0,
        "Operating Revenue": 186274000.0
    },
    "2024-12-31": {
        "Tax Effect Of Unusual Items": -4342590.0,
        "Tax Rate For Calcs": 0.21,
        "Normalized EBITDA": 74980000.0,
        "Total Unusual Items": -20679000.0,
        "Total Unusual Items Excluding Goodwill": -20679000.0,
        "Net Income From Continuing Operation Net Minority Interest": -1759000.0,
        "Reconciled Depreciation": 43579000.0,
        "Reconciled Cost Of Revenue": 122380000.0,
        "EBITDA": 54301000.0,
        "EBIT": 10722000.0,
        "Net Interest Income": -10859000.0,
        "Interest Expense": 10859000.0,
        "Normalized Income": 14577410.0,
        "Net Income From Continuing And Discontinued Operation": -1759000.0,
        "Total Expenses": 162252000.0,
        "Diluted Average Shares": 77213000.0,
        "Basic Average Shares": 76939000.0,
        "Diluted EPS": -0.02,
        "Basic EPS": -0.02,
        "Diluted NI Availto Com Stockholders": -1759000.0,
        "Net Income Common Stockholders": -1759000.0,
        "Net Income": -1759000.0,
        "Net Income Including Noncontrolling Interests": -1759000.0,
        "Net Income Continuous Operations": -1759000.0,
        "Tax Provision": 1622000.0,
        "Pretax Income": -137000.0,
        "Other Income Expense": -20543000.0,
        "Other Non Operating Income Expenses": 136000.0,
        "Special Income Charges": -7066000.0,
        "Impairment Of Capital Assets": 0.0,
        "Restructuring And Mergern Acquisition": 0.0,
        "Gain On Sale Of Security": -13613000.0,
        "Net Non Operating Interest Income Expense": -10859000.0,
        "Interest Expense Non Operating": 10859000.0,
        "Operating Income": 31265000.0,
        "Operating Expense": 39872000.0,
        "Other Operating Expenses": 4885000.0,
        "Other Taxes": 8498000.0,
        "Selling General And Administration": 26489000.0,
        "Selling And Marketing Expense": NaN,
        "General And Administrative Expense": 18389000.0,
        "Other Gand A": 18389000.0,
        "Gross Profit": 71137000.0,
        "Cost Of Revenue": 122380000.0,
        "Total Revenue": 193517000.0,
        "Operating Revenue": 184773000.0
    },
    "2025-03-31": {
        "Tax Effect Of Unusual Items": -42555760.0,
        "Tax Rate For Calcs": 0.29,
        "Normalized EBITDA": 66955000.0,
        "Total Unusual Items": -146744000.0,
        "Total Unusual Items Excluding Goodwill": -146744000.0,
        "Net Income From Continuing Operation Net Minority Interest": -96680000.0,
        "Reconciled Depreciation": 40392000.0,
        "Reconciled Cost Of Revenue": 119708000.0,
        "EBITDA": -79789000.0,
        "EBIT": -120181000.0,
        "Net Interest Income": -15172000.0,
        "Interest Expense": 15172000.0,
        "Normalized Income": 7508240.0,
        "Net Income From Continuing And Discontinued Operation": -96680000.0,
        "Total Expenses": 150885000.0,
        "Diluted Average Shares": 77196000.0,
        "Basic Average Shares": 77196000.0,
        "Diluted EPS": -1.25,
        "Basic EPS": -1.25,
        "Diluted NI Availto Com Stockholders": -96680000.0,
        "Net Income Common Stockholders": -96680000.0,
        "Net Income": -96680000.0,
        "Net Income Including Noncontrolling Interests": -96680000.0,
        "Net Income Continuous Operations": -96680000.0,
        "Tax Provision": -38673000.0,
        "Pretax Income": -135353000.0,
        "Other Income Expense": -146472000.0,
        "Other Non Operating Income Expenses": 272000.0,
        "Special Income Charges": -157910000.0,
        "Impairment Of Capital Assets": 157910000.0,
        "Restructuring And Mergern Acquisition": 0.0,
        "Gain On Sale Of Security": 11166000.0,
        "Net Non Operating Interest Income Expense": -15172000.0,
        "Interest Expense Non Operating": 15172000.0,
        "Operating Income": 26291000.0,
        "Operating Expense": 31177000.0,
        "Other Operating Expenses": 1340000.0,
        "Other Taxes": 9240000.0,
        "Selling General And Administration": 20597000.0,
        "Selling And Marketing Expense": 292000.0,
        "General And Administrative Expense": 20305000.0,
        "Other Gand A": 20305000.0,
        "Gross Profit": 57468000.0,
        "Cost Of Revenue": 119708000.0,
        "Total Revenue": 177176000.0,
        "Operating Revenue": 176493000.0
    },
    "2025-06-30": {
        "Tax Effect Of Unusual Items": 14932890.323132,
        "Tax Rate For Calcs": 0.281843,
        "Normalized EBITDA": 44616000.0,
        "Total Unusual Items": 52983000.0,
        "Total Unusual Items Excluding Goodwill": 52983000.0,
        "Net Income From Continuing Operation Net Minority Interest": 33604000.0,
        "Reconciled Depreciation": 35294000.0,
        "Reconciled Cost Of Revenue": 108112000.0,
        "EBITDA": 97599000.0,
        "EBIT": 62305000.0,
        "Net Interest Income": -15513000.0,
        "Interest Expense": 15513000.0,
        "Normalized Income": -4446109.676868,
        "Net Income From Continuing And Discontinued Operation": 33604000.0,
        "Total Expenses": 144274000.0,
        "Diluted Average Shares": 77697000.0,
        "Basic Average Shares": 77596000.0,
        "Diluted EPS": 0.43,
        "Basic EPS": 0.43,
        "Diluted NI Availto Com Stockholders": 33604000.0,
        "Net Income Common Stockholders": 33604000.0,
        "Net Income": 33604000.0,
        "Net Income Including Noncontrolling Interests": 33604000.0,
        "Net Income Continuous Operations": 33604000.0,
        "Tax Provision": 13188000.0,
        "Pretax Income": 46792000.0,
        "Other Income Expense": 52924000.0,
        "Other Non Operating Income Expenses": -59000.0,
        "Special Income Charges": -310000.0,
        "Impairment Of Capital Assets": 0.0,
        "Restructuring And Mergern Acquisition": 310000.0,
        "Gain On Sale Of Security": 53293000.0,
        "Net Non Operating Interest Income Expense": -15513000.0,
        "Interest Expense Non Operating": 15513000.0,
        "Operating Income": 9381000.0,
        "Operating Expense": 36162000.0,
        "Other Operating Expenses": 1365000.0,
        "Other Taxes": 12957000.0,
        "Selling General And Administration": 21840000.0,
        "Selling And Marketing Expense": 345000.0,
        "General And Administrative Expense": 21495000.0,
        "Other Gand A": 21495000.0,
        "Gross Profit": 45543000.0,
        "Cost Of Revenue": 108112000.0,
        "Total Revenue": 153655000.0,
        "Operating Revenue": 153347000.0
    },
    "2025-09-30": {
        "Tax Effect Of Unusual Items": -6409327.219968,
        "Tax Rate For Calcs": 0.267044,
        "Normalized EBITDA": 43449000.0,
        "Total Unusual Items": -24001000.0,
        "Total Unusual Items Excluding Goodwill": -24001000.0,
        "Net Income From Continuing Operation Net Minority Interest": -26017000.0,
        "Reconciled Depreciation": 38514000.0,
        "Reconciled Cost Of Revenue": 117550000.0,
        "EBITDA": 19448000.0,
        "EBIT": -19066000.0,
        "Net Interest Income": -16430000.0,
        "Interest Expense": 16430000.0,
        "Normalized Income": -8425327.219968,
        "Net Income From Continuing And Discontinued Operation": -26017000.0,
        "Total Expenses": 150871000.0,
        "Diluted Average Shares": 77602000.0,
        "Basic Average Shares": 77602000.0,
        "Diluted EPS": -0.34,
        "Basic EPS": -0.34,
        "Diluted NI Availto Com Stockholders": -26017000.0,
        "Net Income Common Stockholders": -26017000.0,
        "Net Income": -26017000.0,
        "Net Income Including Noncontrolling Interests": -26017000.0,
        "Net Income Continuous Operations": -26017000.0,
        "Tax Provision": -9479000.0,
        "Pretax Income": -35496000.0,
        "Other Income Expense": -24003000.0,
        "Other Non Operating Income Expenses": -2000.0,
        "Special Income Charges": -3286000.0,
        "Impairment Of Capital Assets": 0.0,
        "Restructuring And Mergern Acquisition": 3286000.0,
        "Gain On Sale Of Security": -20715000.0,
        "Net Non Operating Interest Income Expense": -16430000.0,
        "Interest Expense Non Operating": 16430000.0,
        "Operating Income": 4937000.0,
        "Operating Expense": 33321000.0,
        "Other Operating Expenses": -977000.0,
        "Other Taxes": 14056000.0,
        "Selling General And Administration": 20242000.0,
        "Selling And Marketing Expense": NaN,
        "General And Administrative Expense": 20242000.0,
        "Other Gand A": 20242000.0,
        "Gross Profit": 38258000.0,
        "Cost Of Revenue": 117550000.0,
        "Total Revenue": 155808000.0,
        "Operating Revenue": 155808000.0
    }
}