{
    "2023-04-30": {
        "Tax Effect Of Unusual Items": 0.0,
        "Tax Rate For Calcs": 0.21,
        "Normalized EBITDA": -40371000.0,
        "Net Income From Continuing Operation Net Minority Interest": -38454000.0,
        "Reconciled Depreciation": 1526000.0,
        "Reconciled Cost Of Revenue": 32687000.0,
        "EBITDA": -40371000.0,
        "EBIT": -41897000.0,
        "Normalized Income": -38454000.0,
        "Net Income From Continuing And Discontinued Operation": -38454000.0,
        "Total Expenses": 143677000.0,
        "Total Operating Income As Reported": -41897000.0,
        "Diluted Average Shares": 96353000.0,
        "Basic Average Shares": 96353000.0,
        "Diluted EPS": -0.4,
        "Basic EPS": -0.4,
        "Diluted NI Availto Com Stockholders": -38454000.0,
        "Net Income Common Stockholders": -38454000.0,
        "Net Income": -38454000.0,
        "Minority Interests": 372000.0,
        "Net Income Including Noncontrolling Interests": -38826000.0,
        "Net Income Continuous Operations": -38826000.0,
        "Tax Provision": 388000.0,
        "Pretax Income": -38438000.0,
        "Other Income Expense": 3459000.0,
        "Other Non Operating Income Expenses": 3459000.0,
        "Operating Income": -41897000.0,
        "Operating Expense": 110990000.0,
        "Research And Development": 29745000.0,
        "Selling General And Administration": 81245000.0,
        "Selling And Marketing Expense": 57262000.0,
        "General And Administrative Expense": 23983000.0,
        "Other Gand A": 23983000.0,
        "Gross Profit": 69093000.0,
        "Cost Of Revenue": 32687000.0,
        "Total Revenue": 101780000.0,
        "Operating Revenue": 101780000.0
    },
    "2023-01-31": {
        "Tax Effect Of Unusual Items": 0.0,
        "Tax Rate For Calcs": 0.21,
        "Normalized EBITDA": -34828000.0,
        "Net Income From Continuing Operation Net Minority Interest": -33451000.0,
        "Reconciled Depreciation": 1692000.0,
        "Reconciled Cost Of Revenue": 33425000.0,
        "EBITDA": -34828000.0,
        "EBIT": -36520000.0,
        "Normalized Income": -33451000.0,
        "Net Income From Continuing And Discontinued Operation": -33451000.0,
        "Total Expenses": 135195000.0,
        "Total Operating Income As Reported": -36520000.0,
        "Diluted Average Shares": 94966000.0,
        "Basic Average Shares": 94966000.0,
        "Diluted EPS": -0.35,
        "Basic EPS": -0.35,
        "Diluted NI Availto Com Stockholders": -33451000.0,
        "Net Income Common Stockholders": -33451000.0,
        "Net Income": -33451000.0,
        "Minority Interests": 357000.0,
        "Net Income Including Noncontrolling Interests": -33808000.0,
        "Net Income Continuous Operations": -33808000.0,
        "Tax Provision": 925000.0,
        "Pretax Income": -32883000.0,
        "Other Income Expense": 3637000.0,
        "Other Non Operating Income Expenses": 3637000.0,
        "Operating Income": -36520000.0,
        "Operating Expense": 101770000.0,
        "Research And Development": 26754000.0,
        "Selling General And Administration": 75016000.0,
        "Selling And Marketing Expense": 52792000.0,
        "General And Administrative Expense": 22224000.0,
        "Other Gand A": 22224000.0,
        "Gross Profit": 65250000.0,
        "Cost Of Revenue": 33425000.0,
        "Total Revenue": 98675000.0,
        "Operating Revenue": 98675000.0
    },
    "2022-10-31": {
        "Tax Effect Of Unusual Items": 0.0,
        "Tax Rate For Calcs": 0.011,
        "Normalized EBITDA": -35838000.0,
        "Net Income From Continuing Operation Net Minority Interest": -33360000.0,
        "Reconciled Depreciation": 1026000.0,
        "Reconciled Cost Of Revenue": 29135000.0,
        "EBITDA": -35838000.0,
        "EBIT": -36864000.0,
        "Normalized Income": -33360000.0,
        "Net Income From Continuing And Discontinued Operation": -33360000.0,
        "Total Expenses": 129989000.0,
        "Total Operating Income As Reported": -36864000.0,
        "Diluted Average Shares": 94469000.0,
        "Basic Average Shares": 94469000.0,
        "Diluted EPS": -0.35,
        "Basic EPS": -0.35,
        "Diluted NI Availto Com Stockholders": -33360000.0,
        "Net Income Common Stockholders": -33360000.0,
        "Net Income": -33360000.0,
        "Minority Interests": 532000.0,
        "Net Income Including Noncontrolling Interests": -33892000.0,
        "Net Income Continuous Operations": -33892000.0,
        "Tax Provision": -391000.0,
        "Pretax Income": -34283000.0,
        "Other Income Expense": 2581000.0,
        "Other Non Operating Income Expenses": 2581000.0,
        "Operating Income": -36864000.0,
        "Operating Expense": 100854000.0,
        "Research And Development": 25583000.0,
        "Selling General And Administration": 75271000.0,
        "Selling And Marketing Expense": 52841000.0,
        "General And Administrative Expense": 22430000.0,
        "Other Gand A": 22430000.0,
        "Gross Profit": 63990000.0,
        "Cost Of Revenue": 29135000.0,
        "Total Revenue": 93125000.0,
        "Operating Revenue": 93125000.0
    },
    "2022-07-31": {
        "Tax Effect Of Unusual Items": 0.0,
        "Tax Rate For Calcs": 0.4,
        "Normalized EBITDA": -34172000.0,
        "Total Unusual Items": NaN,
        "Total Unusual Items Excluding Goodwill": NaN,
        "Net Income From Continuing Operation Net Minority Interest": -32886000.0,
        "Reconciled Depreciation": 935000.0,
        "Reconciled Cost Of Revenue": 27352000.0,
        "EBITDA": -34172000.0,
        "EBIT": -35107000.0,
        "Normalized Income": -32886000.0,
        "Net Income From Continuing And Discontinued Operation": -32886000.0,
        "Total Expenses": 121238000.0,
        "Total Operating Income As Reported": -35107000.0,
        "Diluted Average Shares": 94103000.0,
        "Basic Average Shares": 94103000.0,
        "Diluted EPS": -0.35,
        "Basic EPS": -0.35,
        "Diluted NI Availto Com Stockholders": -32886000.0,
        "Net Income Common Stockholders": -32886000.0,
        "Net Income": -32886000.0,
        "Minority Interests": 527000.0,
        "Net Income Including Noncontrolling Interests": -33413000.0,
        "Net Income Continuous Operations": -33413000.0,
        "Tax Provision": 35000.0,
        "Pretax Income": -33378000.0,
        "Other Income Expense": 1729000.0,
        "Other Non Operating Income Expenses": 1729000.0,
        "Special Income Charges": NaN,
        "Other Special Charges": NaN,
        "Restructuring And Mergern Acquisition": NaN,
        "Operating Income": -35107000.0,
        "Operating Expense": 93886000.0,
        "Other Taxes": NaN,
        "Depreciation Amortization Depletion Income Statement": NaN,
        "Depreciation And Amortization In Income Statement": NaN,
        "Amortization": NaN,
        "Amortization Of Intangibles Income Statement": NaN,
        "Research And Development": 23336000.0,
        "Selling General And Administration": 70550000.0,
        "Selling And Marketing Expense": 50007000.0,
        "General And Administrative Expense": 20543000.0,
        "Other Gand A": 20543000.0,
        "Salaries And Wages": NaN,
        "Gross Profit": 58779000.0,
        "Cost Of Revenue": 27352000.0,
        "Total Revenue": 86131000.0,
        "Operating Revenue": 86131000.0
    },
    "2022-04-30": {
        "Diluted EPS": -0.42,
        "Total Revenue": 77,
        "Gross Profit": 52,
        "Operating Income": -40,
        "EBIT": -33,
        "Net Income": -39
    },
    "2022-01-31": {
        "Diluted EPS": -0.53,
        "Total Revenue": 70,
        "Gross Profit": 46,
        "Operating Income": -43,
        "EBIT": -37,
        "Net Income": -43
    },
    "2021-10-31": {
        "Diluted EPS": -0.42,
        "Total Revenue": 64,
        "Gross Profit": 45,
        "Operating Income": -10,
        "EBIT": -4,
        "Net Income": -9
    },
    "2021-07-31": {
        "Diluted EPS": -0.6,
        "Total Revenue": 56,
        "Gross Profit": 37,
        "Operating Income": -12,
        "EBIT": -7,
        "Net Income": -12
    },
    "2021-04-30": {
        "Diluted EPS": -0.65,
        "Total Revenue": 48,
        "Gross Profit": 32,
        "Operating Income": -13,
        "EBIT": -8,
        "Net Income": -13
    },
    "2021-01-31": {
        "Diluted EPS": 0.0,
        "Total Revenue": NaN,
        "Gross Profit": NaN,
        "Operating Income": NaN,
        "EBIT": NaN,
        "Net Income": NaN
    },
    "2020-10-31": {
        "Diluted EPS": -0.47,
        "Total Revenue": 39,
        "Gross Profit": 25,
        "Operating Income": -9,
        "EBIT": -5,
        "Net Income": -9
    },
    "2020-07-31": {
        "Diluted EPS": 0.0,
        "Total Revenue": NaN,
        "Gross Profit": NaN,
        "Operating Income": NaN,
        "EBIT": NaN,
        "Net Income": NaN
    },
    "2020-01-31": {
        "Diluted EPS": 0.0,
        "Total Revenue": NaN,
        "Gross Profit": NaN,
        "Operating Income": NaN,
        "EBIT": NaN,
        "Net Income": NaN
    },
    "2023-07-31": {
        "Tax Effect Of Unusual Items": 0.0,
        "Tax Rate For Calcs": 0.21,
        "Normalized EBITDA": -34050000.0,
        "Net Income From Continuing Operation Net Minority Interest": -31694000.0,
        "Reconciled Depreciation": 1319000.0,
        "Reconciled Cost Of Revenue": 35474000.0,
        "EBITDA": -34050000.0,
        "EBIT": -35369000.0,
        "Normalized Income": -31694000.0,
        "Net Income From Continuing And Discontinued Operation": -31694000.0,
        "Total Expenses": 150476000.0,
        "Total Operating Income As Reported": -35369000.0,
        "Diluted Average Shares": 97180000.0,
        "Basic Average Shares": 97180000.0,
        "Diluted EPS": -0.33,
        "Basic EPS": -0.33,
        "Diluted NI Availto Com Stockholders": -31694000.0,
        "Net Income Common Stockholders": -31694000.0,
        "Net Income": -31694000.0,
        "Minority Interests": 355000.0,
        "Net Income Including Noncontrolling Interests": -32049000.0,
        "Net Income Continuous Operations": -32049000.0,
        "Tax Provision": 545000.0,
        "Pretax Income": -31504000.0,
        "Other Income Expense": 3865000.0,
        "Other Non Operating Income Expenses": 3865000.0,
        "Operating Income": -35369000.0,
        "Operating Expense": 115002000.0,
        "Research And Development": 29132000.0,
        "Selling General And Administration": 85870000.0,
        "Selling And Marketing Expense": 60417000.0,
        "General And Administrative Expense": 25453000.0,
        "Other Gand A": 25453000.0,
        "Gross Profit": 79633000.0,
        "Cost Of Revenue": 35474000.0,
        "Total Revenue": 115107000.0,
        "Operating Revenue": 115107000.0
    },
    "2023-10-31": {
        "Tax Effect Of Unusual Items": 0.0,
        "Tax Rate For Calcs": 0.21,
        "Normalized EBITDA": -32896000.0,
        "Net Income From Continuing Operation Net Minority Interest": -30741000.0,
        "Reconciled Depreciation": 2237000.0,
        "Reconciled Cost Of Revenue": 36374000.0,
        "EBITDA": -32896000.0,
        "EBIT": -35133000.0,
        "Normalized Income": -30741000.0,
        "Net Income From Continuing And Discontinued Operation": -30741000.0,
        "Total Expenses": 159089000.0,
        "Total Operating Income As Reported": -35133000.0,
        "Diluted Average Shares": 97880000.0,
        "Basic Average Shares": 97880000.0,
        "Diluted EPS": -0.31,
        "Basic EPS": -0.31,
        "Diluted NI Availto Com Stockholders": -30741000.0,
        "Net Income Common Stockholders": -30741000.0,
        "Net Income": -30741000.0,
        "Minority Interests": 235000.0,
        "Net Income Including Noncontrolling Interests": -30976000.0,
        "Net Income Continuous Operations": -30976000.0,
        "Tax Provision": 385000.0,
        "Pretax Income": -30591000.0,
        "Other Income Expense": 4542000.0,
        "Other Non Operating Income Expenses": 4542000.0,
        "Operating Income": -35133000.0,
        "Operating Expense": 122715000.0,
        "Research And Development": 29872000.0,
        "Selling General And Administration": 92843000.0,
        "Selling And Marketing Expense": 66395000.0,
        "General And Administrative Expense": 26448000.0,
        "Other Gand A": 26448000.0,
        "Gross Profit": 87582000.0,
        "Cost Of Revenue": 36374000.0,
        "Total Revenue": 123956000.0,
        "Operating Revenue": 123956000.0
    },
    "2024-01-31": {
        "Tax Effect Of Unusual Items": 0.0,
        "Tax Rate For Calcs": 0.21,
        "Normalized EBITDA": -30412000.0,
        "Net Income From Continuing Operation Net Minority Interest": -28277000.0,
        "Reconciled Depreciation": 1881000.0,
        "Reconciled Cost Of Revenue": 42992000.0,
        "EBITDA": -30412000.0,
        "EBIT": -32293000.0,
        "Normalized Income": -28277000.0,
        "Net Income From Continuing And Discontinued Operation": -28277000.0,
        "Total Expenses": 163250000.0,
        "Total Operating Income As Reported": -32293000.0,
        "Diluted Average Shares": 98561000.0,
        "Basic Average Shares": 98561000.0,
        "Diluted EPS": -0.29,
        "Basic EPS": -0.29,
        "Diluted NI Availto Com Stockholders": -28277000.0,
        "Net Income Common Stockholders": -28277000.0,
        "Net Income": -28277000.0,
        "Minority Interests": 301000.0,
        "Net Income Including Noncontrolling Interests": -28578000.0,
        "Net Income Continuous Operations": -28578000.0,
        "Tax Provision": 639000.0,
        "Pretax Income": -27939000.0,
        "Other Income Expense": 4354000.0,
        "Other Non Operating Income Expenses": 4354000.0,
        "Operating Income": -32293000.0,
        "Operating Expense": 120258000.0,
        "Research And Development": 31114000.0,
        "Selling General And Administration": 89144000.0,
        "Selling And Marketing Expense": 63051000.0,
        "General And Administrative Expense": 26093000.0,
        "Other Gand A": 26093000.0,
        "Gross Profit": 87965000.0,
        "Cost Of Revenue": 42992000.0,
        "Total Revenue": 130957000.0,
        "Operating Revenue": 130957000.0
    },
    "2024-04-30": {
        "Tax Effect Of Unusual Items": 0.0,
        "Tax Rate For Calcs": 0.21,
        "Normalized EBITDA": -37954000.0,
        "Net Income From Continuing Operation Net Minority Interest": -35641000.0,
        "Reconciled Depreciation": 2126000.0,
        "Reconciled Cost Of Revenue": 44548000.0,
        "EBITDA": -37954000.0,
        "EBIT": -40080000.0,
        "Normalized Income": -35641000.0,
        "Net Income From Continuing And Discontinued Operation": -35641000.0,
        "Total Expenses": 175539000.0,
        "Total Operating Income As Reported": -40080000.0,
        "Diluted Average Shares": 100788000.0,
        "Basic Average Shares": 100788000.0,
        "Diluted EPS": -0.35,
        "Basic EPS": -0.35,
        "Diluted NI Availto Com Stockholders": -35641000.0,
        "Net Income Common Stockholders": -35641000.0,
        "Net Income": -35641000.0,
        "Minority Interests": 66000.0,
        "Net Income Including Noncontrolling Interests": -35707000.0,
        "Net Income Continuous Operations": -35707000.0,
        "Tax Provision": 798000.0,
        "Pretax Income": -34909000.0,
        "Other Income Expense": 5171000.0,
        "Other Non Operating Income Expenses": 5171000.0,
        "Operating Income": -40080000.0,
        "Operating Expense": 130991000.0,
        "Research And Development": 34373000.0,
        "Selling General And Administration": 96618000.0,
        "Selling And Marketing Expense": 69827000.0,
        "General And Administrative Expense": 26791000.0,
        "Other Gand A": 26791000.0,
        "Gross Profit": 90911000.0,
        "Cost Of Revenue": 44548000.0,
        "Total Revenue": 135459000.0,
        "Operating Revenue": 135459000.0
    },
    "2024-07-31": {
        "Tax Effect Of Unusual Items": 0.0,
        "Tax Rate For Calcs": 0.21,
        "Normalized EBITDA": -25344000.0,
        "Net Income From Continuing Operation Net Minority Interest": -22999000.0,
        "Reconciled Depreciation": 2606000.0,
        "Reconciled Cost Of Revenue": 43420000.0,
        "EBITDA": -25344000.0,
        "EBIT": -27950000.0,
        "Normalized Income": -22999000.0,
        "Net Income From Continuing And Discontinued Operation": -22999000.0,
        "Total Expenses": 173449000.0,
        "Total Operating Income As Reported": -27950000.0,
        "Diluted Average Shares": 101449000.0,
        "Basic Average Shares": 101449000.0,
        "Diluted EPS": -0.23,
        "Basic EPS": -0.23,
        "Diluted NI Availto Com Stockholders": -22999000.0,
        "Net Income Common Stockholders": -22999000.0,
        "Net Income": -22999000.0,
        "Minority Interests": 150000.0,
        "Net Income Including Noncontrolling Interests": -23149000.0,
        "Net Income Continuous Operations": -23149000.0,
        "Tax Provision": 702000.0,
        "Pretax Income": -22447000.0,
        "Other Income Expense": 5503000.0,
        "Other Non Operating Income Expenses": 5503000.0,
        "Operating Income": -27950000.0,
        "Operating Expense": 130029000.0,
        "Research And Development": 33141000.0,
        "Selling General And Administration": 96888000.0,
        "Selling And Marketing Expense": 68569000.0,
        "General And Administrative Expense": 28319000.0,
        "Other Gand A": 28319000.0,
        "Gross Profit": 102079000.0,
        "Cost Of Revenue": 43420000.0,
        "Total Revenue": 145499000.0,
        "Operating Revenue": 145499000.0
    },
    "2024-10-31": {
        "Tax Effect Of Unusual Items": 0.0,
        "Tax Rate For Calcs": 0.21,
        "Normalized EBITDA": -29934000.0,
        "Net Income From Continuing Operation Net Minority Interest": -27911000.0,
        "Reconciled Depreciation": 2636000.0,
        "Reconciled Cost Of Revenue": 45910000.0,
        "EBITDA": -29934000.0,
        "EBIT": -32570000.0,
        "Normalized Income": -27911000.0,
        "Net Income From Continuing And Discontinued Operation": -27911000.0,
        "Total Expenses": 184622000.0,
        "Total Operating Income As Reported": -32570000.0,
        "Diluted Average Shares": 102146000.0,
        "Basic Average Shares": 102146000.0,
        "Diluted EPS": -0.27,
        "Basic EPS": -0.27,
        "Diluted NI Availto Com Stockholders": -27911000.0,
        "Net Income Common Stockholders": -27911000.0,
        "Net Income": -27911000.0,
        "Minority Interests": 216000.0,
        "Net Income Including Noncontrolling Interests": -28127000.0,
        "Net Income Continuous Operations": -28127000.0,
        "Tax Provision": 851000.0,
        "Pretax Income": -27276000.0,
        "Other Income Expense": 5294000.0,
        "Other Non Operating Income Expenses": 5294000.0,
        "Operating Income": -32570000.0,
        "Operating Expense": 138712000.0,
        "Research And Development": 32855000.0,
        "Selling General And Administration": 105857000.0,
        "Selling And Marketing Expense": 74658000.0,
        "General And Administrative Expense": 31199000.0,
        "Other Gand A": 31199000.0,
        "Gross Profit": 106142000.0,
        "Cost Of Revenue": 45910000.0,
        "Total Revenue": 152052000.0,
        "Operating Revenue": 152052000.0
    }
}