{
    "2023-03-31": {
        "Tax Effect Of Unusual Items": NaN,
        "Tax Rate For Calcs": NaN,
        "Total Unusual Items": NaN,
        "Total Unusual Items Excluding Goodwill": NaN,
        "Net Income From Continuing Operation Net Minority Interest": NaN,
        "Reconciled Depreciation": NaN,
        "Net Interest Income": NaN,
        "Interest Expense": NaN,
        "Interest Income": NaN,
        "Normalized Income": NaN,
        "Net Income From Continuing And Discontinued Operation": NaN,
        "Rent Expense Supplemental": NaN,
        "Diluted Average Shares": 471115317.0,
        "Basic Average Shares": 471115317.0,
        "Diluted EPS": 288.0,
        "Basic EPS": 288.0,
        "Diluted NI Availto Com Stockholders": NaN,
        "Net Income Common Stockholders": NaN,
        "Net Income": NaN,
        "Minority Interests": NaN,
        "Net Income Including Noncontrolling Interests": NaN,
        "Net Income Discontinuous Operations": 0.0,
        "Net Income Continuous Operations": NaN,
        "Tax Provision": NaN,
        "Pretax Income": NaN,
        "Special Income Charges": NaN,
        "Other Special Charges": NaN,
        "Write Off": NaN,
        "Impairment Of Capital Assets": 0.0,
        "Restructuring And Mergern Acquisition": 0.0,
        "Gain On Sale Of Security": NaN,
        "Depreciation Amortization Depletion Income Statement": NaN,
        "Depreciation And Amortization In Income Statement": NaN,
        "Amortization": NaN,
        "Amortization Of Intangibles Income Statement": NaN,
        "Depreciation Income Statement": NaN,
        "Selling General And Administration": NaN,
        "Selling And Marketing Expense": NaN,
        "General And Administrative Expense": NaN,
        "Other Gand A": NaN,
        "Insurance And Claims": NaN,
        "Rent And Landing Fees": NaN,
        "Salaries And Wages": NaN,
        "Total Revenue": NaN,
        "Operating Revenue": NaN,
        "Occupancy And Equipment": 878000000.0,
        "Professional Expense And Contract Services Expense": NaN,
        "Other Non Interest Expense": NaN
    },
    "2022-12-31": {
        "Tax Effect Of Unusual Items": NaN,
        "Tax Rate For Calcs": NaN,
        "Total Unusual Items": NaN,
        "Total Unusual Items Excluding Goodwill": NaN,
        "Net Income From Continuing Operation Net Minority Interest": NaN,
        "Reconciled Depreciation": NaN,
        "Net Interest Income": NaN,
        "Interest Expense": NaN,
        "Interest Income": NaN,
        "Normalized Income": NaN,
        "Net Income From Continuing And Discontinued Operation": NaN,
        "Rent Expense Supplemental": NaN,
        "Diluted Average Shares": NaN,
        "Basic Average Shares": NaN,
        "Diluted EPS": NaN,
        "Basic EPS": NaN,
        "Diluted NI Availto Com Stockholders": NaN,
        "Net Income Common Stockholders": NaN,
        "Net Income": NaN,
        "Minority Interests": NaN,
        "Net Income Including Noncontrolling Interests": NaN,
        "Net Income Discontinuous Operations": NaN,
        "Net Income Continuous Operations": NaN,
        "Tax Provision": NaN,
        "Pretax Income": NaN,
        "Special Income Charges": NaN,
        "Other Special Charges": NaN,
        "Write Off": NaN,
        "Impairment Of Capital Assets": NaN,
        "Restructuring And Mergern Acquisition": NaN,
        "Gain On Sale Of Security": NaN,
        "Depreciation Amortization Depletion Income Statement": NaN,
        "Depreciation And Amortization In Income Statement": NaN,
        "Amortization": 11952000000.0,
        "Amortization Of Intangibles Income Statement": 11952000000.0,
        "Depreciation Income Statement": 21864000000.0,
        "Selling General And Administration": NaN,
        "Selling And Marketing Expense": NaN,
        "General And Administrative Expense": NaN,
        "Other Gand A": NaN,
        "Insurance And Claims": NaN,
        "Rent And Landing Fees": NaN,
        "Salaries And Wages": NaN,
        "Total Revenue": NaN,
        "Operating Revenue": NaN,
        "Occupancy And Equipment": NaN,
        "Professional Expense And Contract Services Expense": NaN,
        "Other Non Interest Expense": NaN
    },
    "2022-09-30": {
        "Tax Effect Of Unusual Items": NaN,
        "Tax Rate For Calcs": NaN,
        "Total Unusual Items": NaN,
        "Total Unusual Items Excluding Goodwill": NaN,
        "Net Income From Continuing Operation Net Minority Interest": NaN,
        "Reconciled Depreciation": NaN,
        "Net Interest Income": NaN,
        "Interest Expense": NaN,
        "Interest Income": NaN,
        "Normalized Income": NaN,
        "Net Income From Continuing And Discontinued Operation": NaN,
        "Rent Expense Supplemental": NaN,
        "Diluted Average Shares": 473448980.0,
        "Basic Average Shares": 473448980.0,
        "Diluted EPS": 392.0,
        "Basic EPS": 392.0,
        "Diluted NI Availto Com Stockholders": NaN,
        "Net Income Common Stockholders": NaN,
        "Net Income": NaN,
        "Minority Interests": NaN,
        "Net Income Including Noncontrolling Interests": NaN,
        "Net Income Discontinuous Operations": NaN,
        "Net Income Continuous Operations": NaN,
        "Tax Provision": NaN,
        "Pretax Income": NaN,
        "Special Income Charges": NaN,
        "Other Special Charges": NaN,
        "Write Off": 0.0,
        "Impairment Of Capital Assets": NaN,
        "Gain On Sale Of Security": NaN,
        "Depreciation Amortization Depletion Income Statement": NaN,
        "Depreciation And Amortization In Income Statement": NaN,
        "Amortization": 10631000000.0,
        "Amortization Of Intangibles Income Statement": 10631000000.0,
        "Depreciation Income Statement": 21463000000.0,
        "Selling General And Administration": NaN,
        "Selling And Marketing Expense": NaN,
        "General And Administrative Expense": NaN,
        "Other Gand A": NaN,
        "Insurance And Claims": NaN,
        "Rent And Landing Fees": NaN,
        "Salaries And Wages": NaN,
        "Total Revenue": NaN,
        "Operating Revenue": NaN
    },
    "2022-06-30": {
        "Tax Effect Of Unusual Items": -218837349.471842,
        "Tax Rate For Calcs": 0.107961,
        "Total Unusual Items": -2027000000.0,
        "Total Unusual Items Excluding Goodwill": -2027000000.0,
        "Net Income From Continuing Operation Net Minority Interest": 285514000000.0,
        "Reconciled Depreciation": 32469000000.0,
        "Net Interest Income": 131328000000.0,
        "Interest Expense": 530757000000.0,
        "Interest Income": 662085000000.0,
        "Normalized Income": 287322162650.52814,
        "Net Income From Continuing And Discontinued Operation": 285514000000.0,
        "Rent Expense Supplemental": 929000000.0,
        "Diluted Average Shares": 471115317.0,
        "Basic Average Shares": 471115317.0,
        "Diluted EPS": 606.038457,
        "Basic EPS": 606.038457,
        "Diluted NI Availto Com Stockholders": 285514000000.0,
        "Net Income Common Stockholders": 285514000000.0,
        "Net Income": 285514000000.0,
        "Minority Interests": -3974000000.0,
        "Net Income Including Noncontrolling Interests": 289488000000.0,
        "Net Income Discontinuous Operations": 0.0,
        "Net Income Continuous Operations": 289488000000.0,
        "Tax Provision": 35036000000.0,
        "Pretax Income": 324524000000.0,
        "Special Income Charges": -974000000.0,
        "Other Special Charges": 974000000.0,
        "Write Off": NaN,
        "Impairment Of Capital Assets": 0.0,
        "Gain On Sale Of Security": 5054000000.0,
        "Depreciation Amortization Depletion Income Statement": 32469000000.0,
        "Depreciation And Amortization In Income Statement": 32469000000.0,
        "Amortization": 10110000000.0,
        "Amortization Of Intangibles Income Statement": 10110000000.0,
        "Depreciation Income Statement": 22359000000.0,
        "Selling General And Administration": 177431000000.0,
        "Selling And Marketing Expense": 6412000000.0,
        "General And Administrative Expense": 171019000000.0,
        "Other Gand A": 57148000000.0,
        "Insurance And Claims": 1269000000.0,
        "Rent And Landing Fees": 929000000.0,
        "Salaries And Wages": 111673000000.0,
        "Total Revenue": 718903000000.0,
        "Operating Revenue": 718903000000.0
    },
    "2022-03-31": {
        "Diluted EPS": 0.6,
        "Total Revenue": NaN,
        "Gross Profit": 698,
        "Operating Income": 349,
        "EBIT": NaN,
        "Net Income": 283
    },
    "2021-09-30": {
        "Diluted EPS": 0.53,
        "Total Revenue": 992,
        "Gross Profit": 715,
        "Operating Income": 329,
        "EBIT": NaN,
        "Net Income": 252
    },
    "2021-03-31": {
        "Diluted EPS": 0.54,
        "Total Revenue": NaN,
        "Gross Profit": 758,
        "Operating Income": 327,
        "EBIT": NaN,
        "Net Income": 254
    },
    "2020-12-31": {
        "Diluted EPS": 0.28,
        "Total Revenue": 195,
        "Gross Profit": 196,
        "Operating Income": 164,
        "EBIT": NaN,
        "Net Income": 130
    },
    "2020-09-30": {
        "Diluted EPS": 0.28,
        "Total Revenue": 685,
        "Gross Profit": 618,
        "Operating Income": 177,
        "EBIT": NaN,
        "Net Income": 134
    },
    "2020-06-30": {
        "Diluted EPS": 0.58,
        "Total Revenue": NaN,
        "Gross Profit": NaN,
        "Operating Income": 351,
        "EBIT": NaN,
        "Net Income": 275
    },
    "2020-03-31": {
        "Diluted EPS": 0.37,
        "Total Revenue": 893,
        "Gross Profit": 590,
        "Operating Income": 212,
        "EBIT": NaN,
        "Net Income": 173
    },
    "2019-12-31": {
        "Diluted EPS": 0.48,
        "Total Revenue": 952,
        "Gross Profit": 632,
        "Operating Income": 315,
        "EBIT": NaN,
        "Net Income": 236
    },
    "2019-09-30": {
        "Diluted EPS": 0.42,
        "Total Revenue": 961,
        "Gross Profit": 673,
        "Operating Income": 243,
        "EBIT": NaN,
        "Net Income": 190
    },
    "2019-06-30": {
        "Diluted EPS": 0.54,
        "Total Revenue": NaN,
        "Gross Profit": 725,
        "Operating Income": 306,
        "EBIT": NaN,
        "Net Income": 252
    },
    "2019-03-31": {
        "Diluted EPS": 0.4,
        "Total Revenue": 863,
        "Gross Profit": 656,
        "Operating Income": 252,
        "EBIT": NaN,
        "Net Income": 188
    },
    "2018-12-31": {
        "Diluted EPS": 0.52,
        "Total Revenue": NaN,
        "Gross Profit": 752,
        "Operating Income": 337,
        "EBIT": NaN,
        "Net Income": 262
    },
    "2018-09-30": {
        "Diluted EPS": 0.46,
        "Total Revenue": NaN,
        "Gross Profit": 697,
        "Operating Income": 258,
        "EBIT": NaN,
        "Net Income": 198
    },
    "2018-06-30": {
        "Diluted EPS": 0.5,
        "Total Revenue": NaN,
        "Gross Profit": 717,
        "Operating Income": 298,
        "EBIT": NaN,
        "Net Income": 236
    },
    "2018-03-31": {
        "Diluted EPS": 0.55,
        "Total Revenue": NaN,
        "Gross Profit": 768,
        "Operating Income": 334,
        "EBIT": NaN,
        "Net Income": 257
    },
    "2017-12-31": {
        "Diluted EPS": -0.05,
        "Total Revenue": -126,
        "Gross Profit": -71,
        "Operating Income": -38,
        "EBIT": NaN,
        "Net Income": -28
    },
    "2017-09-30": {
        "Diluted EPS": 0.47,
        "Total Revenue": 969,
        "Gross Profit": 742,
        "Operating Income": 313,
        "EBIT": NaN,
        "Net Income": 220
    },
    "2017-06-30": {
        "Diluted EPS": 0.93,
        "Total Revenue": NaN,
        "Gross Profit": NaN,
        "Operating Income": 544,
        "EBIT": NaN,
        "Net Income": 439
    },
    "2017-03-31": {
        "Diluted EPS": 0.45,
        "Total Revenue": 970,
        "Gross Profit": 662,
        "Operating Income": 271,
        "EBIT": NaN,
        "Net Income": 214
    },
    "2016-12-31": {
        "Diluted EPS": 0.18,
        "Total Revenue": 479,
        "Gross Profit": 317,
        "Operating Income": 110,
        "EBIT": NaN,
        "Net Income": 85
    },
    "2016-09-30": {
        "Diluted EPS": 0.39,
        "Total Revenue": 967,
        "Gross Profit": 649,
        "Operating Income": 228,
        "EBIT": NaN,
        "Net Income": 183
    },
    "2016-06-30": {
        "Diluted EPS": 0.37,
        "Total Revenue": 984,
        "Gross Profit": 640,
        "Operating Income": 208,
        "EBIT": NaN,
        "Net Income": 175
    },
    "2016-03-31": {
        "Diluted EPS": 0.37,
        "Total Revenue": 870,
        "Gross Profit": 582,
        "Operating Income": 218,
        "EBIT": NaN,
        "Net Income": 176
    },
    "2015-12-31": {
        "Diluted EPS": 0.25,
        "Total Revenue": 805,
        "Gross Profit": 498,
        "Operating Income": 128,
        "EBIT": NaN,
        "Net Income": 118
    },
    "2015-09-30": {
        "Diluted EPS": 0.39,
        "Total Revenue": NaN,
        "Gross Profit": 699,
        "Operating Income": 295,
        "EBIT": NaN,
        "Net Income": 186
    },
    "2015-06-30": {
        "Diluted EPS": 0.47,
        "Total Revenue": NaN,
        "Gross Profit": 699,
        "Operating Income": 288,
        "EBIT": NaN,
        "Net Income": 220
    },
    "2015-03-31": {
        "Diluted EPS": 0.32,
        "Total Revenue": 868,
        "Gross Profit": 666,
        "Operating Income": 274,
        "EBIT": NaN,
        "Net Income": 153
    },
    "2014-12-31": {
        "Diluted EPS": 0.48,
        "Total Revenue": NaN,
        "Gross Profit": 813,
        "Operating Income": 227,
        "EBIT": NaN,
        "Net Income": 28
    },
    "2014-09-30": {
        "Diluted EPS": 0.39,
        "Total Revenue": 888,
        "Gross Profit": 585,
        "Operating Income": 152,
        "EBIT": NaN,
        "Net Income": 688
    },
    "2014-06-30": {
        "Diluted EPS": 0.62,
        "Total Revenue": NaN,
        "Gross Profit": 813,
        "Operating Income": 385,
        "EBIT": NaN,
        "Net Income": 289
    },
    "2014-03-31": {
        "Diluted EPS": 0.55,
        "Total Revenue": NaN,
        "Gross Profit": 810,
        "Operating Income": 378,
        "EBIT": NaN,
        "Net Income": 258
    },
    "2013-12-31": {
        "Diluted EPS": 0.71,
        "Total Revenue": NaN,
        "Gross Profit": 966,
        "Operating Income": 529,
        "EBIT": NaN,
        "Net Income": 332
    },
    "2013-09-30": {
        "Diluted EPS": 0.43,
        "Total Revenue": NaN,
        "Gross Profit": 685,
        "Operating Income": 175,
        "EBIT": NaN,
        "Net Income": 200
    },
    "2013-06-30": {
        "Diluted EPS": 0.36,
        "Total Revenue": 984,
        "Gross Profit": 638,
        "Operating Income": 126,
        "EBIT": NaN,
        "Net Income": 169
    },
    "2013-03-31": {
        "Diluted EPS": 0.36,
        "Total Revenue": NaN,
        "Gross Profit": 684,
        "Operating Income": 175,
        "EBIT": NaN,
        "Net Income": 171
    },
    "2012-12-31": {
        "Diluted EPS": 0.5,
        "Total Revenue": NaN,
        "Gross Profit": NaN,
        "Operating Income": NaN,
        "EBIT": NaN,
        "Net Income": 237
    },
    "2012-09-30": {
        "Diluted EPS": 0.23,
        "Total Revenue": NaN,
        "Gross Profit": 703,
        "Operating Income": 140,
        "EBIT": NaN,
        "Net Income": 107
    },
    "2012-06-30": {
        "Diluted EPS": 0.44,
        "Total Revenue": NaN,
        "Gross Profit": 738,
        "Operating Income": 274,
        "EBIT": NaN,
        "Net Income": 211
    },
    "2012-03-31": {
        "Diluted EPS": 0.52,
        "Total Revenue": NaN,
        "Gross Profit": 780,
        "Operating Income": 283,
        "EBIT": NaN,
        "Net Income": 244
    },
    "2011-12-31": {
        "Diluted EPS": 0.42,
        "Total Revenue": 800,
        "Gross Profit": 250,
        "Operating Income": -587,
        "EBIT": NaN,
        "Net Income": 196
    },
    "2011-09-30": {
        "Diluted EPS": 0.31,
        "Total Revenue": NaN,
        "Gross Profit": 860,
        "Operating Income": 374,
        "EBIT": NaN,
        "Net Income": 145
    },
    "2011-06-30": {
        "Diluted EPS": 0.64,
        "Total Revenue": NaN,
        "Gross Profit": 688,
        "Operating Income": 461,
        "EBIT": NaN,
        "Net Income": 302
    },
    "2011-03-31": {
        "Diluted EPS": 0.52,
        "Total Revenue": NaN,
        "Gross Profit": NaN,
        "Operating Income": 738,
        "EBIT": NaN,
        "Net Income": 241
    },
    "2010-12-31": {
        "Diluted EPS": 0.43,
        "Total Revenue": 731,
        "Gross Profit": 468,
        "Operating Income": 290,
        "EBIT": NaN,
        "Net Income": 201
    },
    "2010-09-30": {
        "Diluted EPS": 0.55,
        "Total Revenue": NaN,
        "Gross Profit": 780,
        "Operating Income": 291,
        "EBIT": NaN,
        "Net Income": 259
    },
    "2010-06-30": {
        "Diluted EPS": 0.54,
        "Total Revenue": 994,
        "Gross Profit": 742,
        "Operating Income": 323,
        "EBIT": NaN,
        "Net Income": 254
    },
    "2010-03-31": {
        "Diluted EPS": 0.48,
        "Total Revenue": 872,
        "Gross Profit": 689,
        "Operating Income": 282,
        "EBIT": NaN,
        "Net Income": 227
    },
    "2009-12-31": {
        "Diluted EPS": 0.57,
        "Total Revenue": 462,
        "Gross Profit": 319,
        "Operating Income": 227,
        "EBIT": NaN,
        "Net Income": 271
    },
    "2009-09-30": {
        "Diluted EPS": 0.43,
        "Total Revenue": 789,
        "Gross Profit": 663,
        "Operating Income": 266,
        "EBIT": NaN,
        "Net Income": 209
    },
    "2009-06-30": {
        "Diluted EPS": 0.43,
        "Total Revenue": 917,
        "Gross Profit": 692,
        "Operating Income": 261,
        "EBIT": NaN,
        "Net Income": 200
    },
    "2009-03-31": {
        "Diluted EPS": 0.28,
        "Total Revenue": 791,
        "Gross Profit": 672,
        "Operating Income": 192,
        "EBIT": NaN,
        "Net Income": 131
    },
    "2023-06-30": {
        "Tax Effect Of Unusual Items": NaN,
        "Tax Rate For Calcs": NaN,
        "Total Unusual Items": NaN,
        "Total Unusual Items Excluding Goodwill": NaN,
        "Net Income From Continuing Operation Net Minority Interest": NaN,
        "Reconciled Depreciation": NaN,
        "Net Interest Income": NaN,
        "Interest Expense": NaN,
        "Interest Income": NaN,
        "Normalized Income": NaN,
        "Net Income From Continuing And Discontinued Operation": NaN,
        "Rent Expense Supplemental": NaN,
        "Diluted Average Shares": NaN,
        "Basic Average Shares": NaN,
        "Diluted EPS": NaN,
        "Basic EPS": NaN,
        "Diluted NI Availto Com Stockholders": NaN,
        "Net Income Common Stockholders": NaN,
        "Net Income": NaN,
        "Minority Interests": NaN,
        "Net Income Including Noncontrolling Interests": NaN,
        "Net Income Discontinuous Operations": NaN,
        "Net Income Continuous Operations": NaN,
        "Tax Provision": NaN,
        "Pretax Income": NaN,
        "Special Income Charges": NaN,
        "Other Special Charges": NaN,
        "Write Off": NaN,
        "Impairment Of Capital Assets": 0.0,
        "Restructuring And Mergern Acquisition": 0.0,
        "Gain On Sale Of Security": NaN,
        "Depreciation Amortization Depletion Income Statement": NaN,
        "Depreciation And Amortization In Income Statement": NaN,
        "Amortization": NaN,
        "Amortization Of Intangibles Income Statement": NaN,
        "Depreciation Income Statement": NaN,
        "Selling General And Administration": NaN,
        "Selling And Marketing Expense": NaN,
        "General And Administrative Expense": NaN,
        "Other Gand A": NaN,
        "Insurance And Claims": NaN,
        "Rent And Landing Fees": NaN,
        "Salaries And Wages": NaN,
        "Total Revenue": NaN,
        "Operating Revenue": NaN,
        "Occupancy And Equipment": 957000000.0,
        "Professional Expense And Contract Services Expense": NaN,
        "Other Non Interest Expense": NaN
    },
    "2023-09-30": {
        "Tax Effect Of Unusual Items": NaN,
        "Tax Rate For Calcs": NaN,
        "Total Unusual Items": NaN,
        "Total Unusual Items Excluding Goodwill": NaN,
        "Net Income From Continuing Operation Net Minority Interest": NaN,
        "Reconciled Depreciation": NaN,
        "Net Interest Income": NaN,
        "Interest Expense": NaN,
        "Interest Income": NaN,
        "Normalized Income": NaN,
        "Net Income From Continuing And Discontinued Operation": NaN,
        "Rent Expense Supplemental": NaN,
        "Diluted Average Shares": NaN,
        "Basic Average Shares": NaN,
        "Diluted EPS": NaN,
        "Basic EPS": NaN,
        "Diluted NI Availto Com Stockholders": NaN,
        "Net Income Common Stockholders": NaN,
        "Net Income": NaN,
        "Minority Interests": NaN,
        "Net Income Including Noncontrolling Interests": NaN,
        "Net Income Discontinuous Operations": NaN,
        "Net Income Continuous Operations": NaN,
        "Tax Provision": NaN,
        "Pretax Income": NaN,
        "Special Income Charges": NaN,
        "Other Special Charges": NaN,
        "Write Off": 0.0,
        "Impairment Of Capital Assets": NaN,
        "Restructuring And Mergern Acquisition": NaN,
        "Gain On Sale Of Security": NaN,
        "Depreciation Amortization Depletion Income Statement": NaN,
        "Depreciation And Amortization In Income Statement": NaN,
        "Amortization": NaN,
        "Amortization Of Intangibles Income Statement": NaN,
        "Depreciation Income Statement": NaN,
        "Selling General And Administration": NaN,
        "Selling And Marketing Expense": NaN,
        "General And Administrative Expense": NaN,
        "Other Gand A": NaN,
        "Insurance And Claims": NaN,
        "Rent And Landing Fees": NaN,
        "Salaries And Wages": NaN,
        "Total Revenue": NaN,
        "Operating Revenue": NaN,
        "Occupancy And Equipment": NaN,
        "Professional Expense And Contract Services Expense": NaN,
        "Other Non Interest Expense": NaN
    },
    "2023-12-31": {
        "Tax Effect Of Unusual Items": NaN,
        "Tax Rate For Calcs": NaN,
        "Total Unusual Items": NaN,
        "Total Unusual Items Excluding Goodwill": NaN,
        "Net Income From Continuing Operation Net Minority Interest": NaN,
        "Reconciled Depreciation": NaN,
        "Net Interest Income": NaN,
        "Interest Expense": NaN,
        "Interest Income": NaN,
        "Normalized Income": NaN,
        "Net Income From Continuing And Discontinued Operation": NaN,
        "Rent Expense Supplemental": 5507000000.0,
        "Diluted Average Shares": NaN,
        "Basic Average Shares": NaN,
        "Diluted EPS": NaN,
        "Basic EPS": NaN,
        "Diluted NI Availto Com Stockholders": NaN,
        "Net Income Common Stockholders": NaN,
        "Net Income": NaN,
        "Minority Interests": NaN,
        "Net Income Including Noncontrolling Interests": NaN,
        "Net Income Discontinuous Operations": NaN,
        "Net Income Continuous Operations": NaN,
        "Tax Provision": NaN,
        "Pretax Income": NaN,
        "Special Income Charges": NaN,
        "Other Special Charges": NaN,
        "Write Off": NaN,
        "Impairment Of Capital Assets": NaN,
        "Restructuring And Mergern Acquisition": NaN,
        "Gain On Sale Of Security": NaN,
        "Depreciation Amortization Depletion Income Statement": NaN,
        "Depreciation And Amortization In Income Statement": NaN,
        "Amortization": 13790000000.0,
        "Amortization Of Intangibles Income Statement": 13790000000.0,
        "Depreciation Income Statement": 22683000000.0,
        "Selling General And Administration": NaN,
        "Selling And Marketing Expense": 6203000000.0,
        "General And Administrative Expense": NaN,
        "Other Gand A": NaN,
        "Insurance And Claims": 1956000000.0,
        "Rent And Landing Fees": 5507000000.0,
        "Salaries And Wages": NaN,
        "Total Revenue": NaN,
        "Operating Revenue": NaN,
        "Occupancy And Equipment": NaN,
        "Professional Expense And Contract Services Expense": 2226000000.0,
        "Other Non Interest Expense": NaN
    },
    "2024-03-31": {
        "Tax Effect Of Unusual Items": NaN,
        "Tax Rate For Calcs": NaN,
        "Total Unusual Items": 51741000000.0,
        "Total Unusual Items Excluding Goodwill": 51741000000.0,
        "Net Income From Continuing Operation Net Minority Interest": NaN,
        "Reconciled Depreciation": 36274000000.0,
        "Net Interest Income": NaN,
        "Interest Expense": 670148000000.0,
        "Interest Income": NaN,
        "Normalized Income": NaN,
        "Net Income From Continuing And Discontinued Operation": NaN,
        "Rent Expense Supplemental": 6348000000.0,
        "Diluted Average Shares": 469730469.0,
        "Basic Average Shares": 469730469.0,
        "Diluted EPS": 256.0,
        "Basic EPS": 256.0,
        "Diluted NI Availto Com Stockholders": NaN,
        "Net Income Common Stockholders": NaN,
        "Net Income": NaN,
        "Minority Interests": NaN,
        "Net Income Including Noncontrolling Interests": NaN,
        "Net Income Discontinuous Operations": 0.0,
        "Net Income Continuous Operations": NaN,
        "Tax Provision": NaN,
        "Pretax Income": NaN,
        "Special Income Charges": 51711000000.0,
        "Other Special Charges": -51711000000.0,
        "Write Off": 0.0,
        "Impairment Of Capital Assets": 0.0,
        "Restructuring And Mergern Acquisition": 17173000000.0,
        "Gain On Sale Of Security": NaN,
        "Depreciation Amortization Depletion Income Statement": 36274000000.0,
        "Depreciation And Amortization In Income Statement": 36274000000.0,
        "Amortization": 14388000000.0,
        "Amortization Of Intangibles Income Statement": 14388000000.0,
        "Depreciation Income Statement": 21886000000.0,
        "Selling General And Administration": 183282000000.0,
        "Selling And Marketing Expense": 6200000000.0,
        "General And Administrative Expense": 183282000000.0,
        "Other Gand A": 92262000000.0,
        "Insurance And Claims": 11785000000.0,
        "Rent And Landing Fees": 6348000000.0,
        "Salaries And Wages": 91020000000.0,
        "Total Revenue": NaN,
        "Operating Revenue": NaN,
        "Occupancy And Equipment": 1058000000.0,
        "Professional Expense And Contract Services Expense": 505000000.0,
        "Other Non Interest Expense": NaN
    },
    "2024-06-30": {
        "Tax Effect Of Unusual Items": -11514094932.571224,
        "Tax Rate For Calcs": 0.21175,
        "Total Unusual Items": -54376000000.0,
        "Total Unusual Items Excluding Goodwill": -54376000000.0,
        "Net Income From Continuing Operation Net Minority Interest": 217725000000.0,
        "Reconciled Depreciation": 34909000000.0,
        "Net Interest Income": 363999000000.0,
        "Interest Expense": 518798000000.0,
        "Interest Income": 882797000000.0,
        "Normalized Income": 260586905067.42877,
        "Net Income From Continuing And Discontinued Operation": 217725000000.0,
        "Rent Expense Supplemental": 5229000000.0,
        "Diluted Average Shares": 469234914.0,
        "Basic Average Shares": 469234914.0,
        "Diluted EPS": 464.0,
        "Basic EPS": 464.0,
        "Diluted NI Availto Com Stockholders": 217725000000.0,
        "Net Income Common Stockholders": 217725000000.0,
        "Net Income": 217725000000.0,
        "Minority Interests": -2926000000.0,
        "Net Income Including Noncontrolling Interests": 220651000000.0,
        "Net Income Discontinuous Operations": NaN,
        "Net Income Continuous Operations": 220651000000.0,
        "Tax Provision": 59274000000.0,
        "Pretax Income": 279925000000.0,
        "Special Income Charges": -53803000000.0,
        "Other Special Charges": 53803000000.0,
        "Write Off": 0.0,
        "Impairment Of Capital Assets": 0.0,
        "Restructuring And Mergern Acquisition": 0.0,
        "Gain On Sale Of Security": 326842000000.0,
        "Depreciation Amortization Depletion Income Statement": 34909000000.0,
        "Depreciation And Amortization In Income Statement": 34909000000.0,
        "Amortization": 12863000000.0,
        "Amortization Of Intangibles Income Statement": 12863000000.0,
        "Depreciation Income Statement": 22046000000.0,
        "Selling General And Administration": 195813000000.0,
        "Selling And Marketing Expense": 6632000000.0,
        "General And Administrative Expense": 189181000000.0,
        "Other Gand A": 70407000000.0,
        "Insurance And Claims": 10881000000.0,
        "Rent And Landing Fees": 5229000000.0,
        "Salaries And Wages": 102664000000.0,
        "Total Revenue": 704670000000.0,
        "Operating Revenue": 704670000000.0,
        "Occupancy And Equipment": 995000000.0,
        "Professional Expense And Contract Services Expense": 3244000000.0,
        "Other Non Interest Expense": 11122000000.0
    },
    "2024-09-30": {
        "Tax Effect Of Unusual Items": -9809422511.681328,
        "Tax Rate For Calcs": 0.193678,
        "Total Unusual Items": -50648000000.0,
        "Total Unusual Items Excluding Goodwill": -50648000000.0,
        "Net Income From Continuing Operation Net Minority Interest": 243133000000.0,
        "Reconciled Depreciation": 34529000000.0,
        "Net Interest Income": 406526000000.0,
        "Interest Expense": 477842000000.0,
        "Interest Income": 884368000000.0,
        "Normalized Income": 283971577488.31866,
        "Net Income From Continuing And Discontinued Operation": 243133000000.0,
        "Rent Expense Supplemental": 6332000000.0,
        "Diluted Average Shares": 471187984.0,
        "Basic Average Shares": 471187984.0,
        "Diluted EPS": 516.0,
        "Basic EPS": 516.0,
        "Diluted NI Availto Com Stockholders": 243133000000.0,
        "Net Income Common Stockholders": 243133000000.0,
        "Net Income": 243133000000.0,
        "Minority Interests": -3982000000.0,
        "Net Income Including Noncontrolling Interests": 247115000000.0,
        "Net Income Discontinuous Operations": NaN,
        "Net Income Continuous Operations": 247115000000.0,
        "Tax Provision": 59357000000.0,
        "Pretax Income": 306472000000.0,
        "Special Income Charges": -47728000000.0,
        "Other Special Charges": 38906000000.0,
        "Write Off": 0.0,
        "Impairment Of Capital Assets": NaN,
        "Restructuring And Mergern Acquisition": 8822000000.0,
        "Gain On Sale Of Security": 234345000000.0,
        "Depreciation Amortization Depletion Income Statement": 34529000000.0,
        "Depreciation And Amortization In Income Statement": 34529000000.0,
        "Amortization": 12597000000.0,
        "Amortization Of Intangibles Income Statement": 12597000000.0,
        "Depreciation Income Statement": 21932000000.0,
        "Selling General And Administration": 197103000000.0,
        "Selling And Marketing Expense": 4433000000.0,
        "General And Administrative Expense": 192670000000.0,
        "Other Gand A": 72002000000.0,
        "Insurance And Claims": 8733000000.0,
        "Rent And Landing Fees": 6332000000.0,
        "Salaries And Wages": 105603000000.0,
        "Total Revenue": 731930000000.0,
        "Operating Revenue": 731930000000.0,
        "Occupancy And Equipment": NaN,
        "Professional Expense And Contract Services Expense": 2316000000.0,
        "Other Non Interest Expense": 9116000000.0
    },
    "2024-12-31": {
        "Tax Effect Of Unusual Items": 18199224417.225212,
        "Tax Rate For Calcs": 0.196053,
        "Total Unusual Items": 92828000000.0,
        "Total Unusual Items Excluding Goodwill": 92828000000.0,
        "Net Income From Continuing Operation Net Minority Interest": 271855000000.0,
        "Reconciled Depreciation": 35723000000.0,
        "Net Interest Income": 705534000000.0,
        "Interest Expense": 641243000000.0,
        "Interest Income": 1346777000000.0,
        "Normalized Income": 197226224417.22522,
        "Net Income From Continuing And Discontinued Operation": 271855000000.0,
        "Rent Expense Supplemental": 5602000000.0,
        "Diluted Average Shares": 471115317.0,
        "Basic Average Shares": 471115317.0,
        "Diluted EPS": 586.934854,
        "Basic EPS": 586.934854,
        "Diluted NI Availto Com Stockholders": 271855000000.0,
        "Net Income Common Stockholders": 271855000000.0,
        "Net Income": 271855000000.0,
        "Minority Interests": 2815000000.0,
        "Net Income Including Noncontrolling Interests": 269040000000.0,
        "Net Income Discontinuous Operations": NaN,
        "Net Income Continuous Operations": 269040000000.0,
        "Tax Provision": 65609000000.0,
        "Pretax Income": 334649000000.0,
        "Special Income Charges": 85316000000.0,
        "Other Special Charges": -103772000000.0,
        "Write Off": 1295000000.0,
        "Impairment Of Capital Assets": NaN,
        "Restructuring And Mergern Acquisition": 17161000000.0,
        "Gain On Sale Of Security": 124249000000.0,
        "Depreciation Amortization Depletion Income Statement": 35723000000.0,
        "Depreciation And Amortization In Income Statement": 35723000000.0,
        "Amortization": 13134000000.0,
        "Amortization Of Intangibles Income Statement": 13134000000.0,
        "Depreciation Income Statement": 22589000000.0,
        "Selling General And Administration": 189135000000.0,
        "Selling And Marketing Expense": 5997000000.0,
        "General And Administrative Expense": 183138000000.0,
        "Other Gand A": 70516000000.0,
        "Insurance And Claims": 6130000000.0,
        "Rent And Landing Fees": 5602000000.0,
        "Salaries And Wages": 100890000000.0,
        "Total Revenue": 601296000000.0,
        "Operating Revenue": 601296000000.0,
        "Occupancy And Equipment": NaN,
        "Professional Expense And Contract Services Expense": 838000000.0,
        "Other Non Interest Expense": 19610000000.0
    },
    "2025-03-31": {
        "Tax Effect Of Unusual Items": 13247984000.0,
        "Tax Rate For Calcs": 0.158,
        "Total Unusual Items": 83848000000.0,
        "Total Unusual Items Excluding Goodwill": 83848000000.0,
        "Net Income From Continuing Operation Net Minority Interest": 277797000000.0,
        "Reconciled Depreciation": 35176000000.0,
        "Net Interest Income": 423840000000.0,
        "Interest Expense": 414177000000.0,
        "Interest Income": 838017000000.0,
        "Normalized Income": 207196984000.0,
        "Net Income From Continuing And Discontinued Operation": 277797000000.0,
        "Rent Expense Supplemental": NaN,
        "Diluted Average Shares": 472443878.0,
        "Basic Average Shares": 472443878.0,
        "Diluted EPS": 588.0,
        "Basic EPS": 588.0,
        "Diluted NI Availto Com Stockholders": 277797000000.0,
        "Net Income Common Stockholders": 277797000000.0,
        "Net Income": 277797000000.0,
        "Minority Interests": -3940000000.0,
        "Net Income Including Noncontrolling Interests": 281737000000.0,
        "Net Income Discontinuous Operations": NaN,
        "Net Income Continuous Operations": 281737000000.0,
        "Tax Provision": 52797000000.0,
        "Pretax Income": 334534000000.0,
        "Special Income Charges": 89630000000.0,
        "Other Special Charges": -89794000000.0,
        "Write Off": 164000000.0,
        "Impairment Of Capital Assets": NaN,
        "Restructuring And Mergern Acquisition": NaN,
        "Gain On Sale Of Security": -4043000000.0,
        "Depreciation Amortization Depletion Income Statement": 35176000000.0,
        "Depreciation And Amortization In Income Statement": 35176000000.0,
        "Amortization": NaN,
        "Amortization Of Intangibles Income Statement": NaN,
        "Depreciation Income Statement": NaN,
        "Selling General And Administration": 204785000000.0,
        "Selling And Marketing Expense": NaN,
        "General And Administrative Expense": 204785000000.0,
        "Other Gand A": 110722000000.0,
        "Insurance And Claims": NaN,
        "Rent And Landing Fees": NaN,
        "Salaries And Wages": 94063000000.0,
        "Total Revenue": 638279000000.0,
        "Operating Revenue": 638279000000.0,
        "Occupancy And Equipment": NaN,
        "Professional Expense And Contract Services Expense": NaN,
        "Other Non Interest Expense": 15126000000.0
    },
    "2025-06-30": {
        "Tax Effect Of Unusual Items": 0.0,
        "Tax Rate For Calcs": 0.152525,
        "Total Unusual Items": NaN,
        "Total Unusual Items Excluding Goodwill": NaN,
        "Net Income From Continuing Operation Net Minority Interest": 272557000000.0,
        "Reconciled Depreciation": NaN,
        "Net Interest Income": 609707000000.0,
        "Interest Expense": NaN,
        "Interest Income": 195530000000.0,
        "Normalized Income": 272557000000.0,
        "Net Income From Continuing And Discontinued Operation": 272557000000.0,
        "Rent Expense Supplemental": NaN,
        "Diluted Average Shares": NaN,
        "Basic Average Shares": NaN,
        "Diluted EPS": NaN,
        "Basic EPS": NaN,
        "Diluted NI Availto Com Stockholders": 272557000000.0,
        "Net Income Common Stockholders": 272557000000.0,
        "Net Income": 272557000000.0,
        "Minority Interests": -4259000000.0,
        "Net Income Including Noncontrolling Interests": 276816000000.0,
        "Net Income Discontinuous Operations": NaN,
        "Net Income Continuous Operations": 276816000000.0,
        "Tax Provision": 49820000000.0,
        "Pretax Income": 326636000000.0,
        "Special Income Charges": NaN,
        "Other Special Charges": NaN,
        "Write Off": NaN,
        "Impairment Of Capital Assets": NaN,
        "Restructuring And Mergern Acquisition": NaN,
        "Gain On Sale Of Security": 4043000000.0,
        "Depreciation Amortization Depletion Income Statement": NaN,
        "Depreciation And Amortization In Income Statement": NaN,
        "Amortization": NaN,
        "Amortization Of Intangibles Income Statement": NaN,
        "Depreciation Income Statement": NaN,
        "Selling General And Administration": NaN,
        "Selling And Marketing Expense": NaN,
        "General And Administrative Expense": NaN,
        "Other Gand A": NaN,
        "Insurance And Claims": NaN,
        "Rent And Landing Fees": NaN,
        "Salaries And Wages": NaN,
        "Total Revenue": 826127000000.0,
        "Operating Revenue": 826127000000.0,
        "Occupancy And Equipment": NaN,
        "Professional Expense And Contract Services Expense": NaN,
        "Other Non Interest Expense": 501345000000.0
    }
}