{
    "2023-05-31": {
        "Tax Effect Of Unusual Items": NaN,
        "Tax Rate For Calcs": NaN,
        "Normalized EBITDA": NaN,
        "Total Unusual Items": NaN,
        "Total Unusual Items Excluding Goodwill": NaN,
        "Net Income From Continuing Operation Net Minority Interest": NaN,
        "Reconciled Depreciation": NaN,
        "Reconciled Cost Of Revenue": NaN,
        "EBITDA": NaN,
        "EBIT": NaN,
        "Net Interest Income": NaN,
        "Interest Income": NaN,
        "Normalized Income": NaN,
        "Net Income From Continuing And Discontinued Operation": NaN,
        "Total Expenses": NaN,
        "Total Operating Income As Reported": NaN,
        "Diluted Average Shares": NaN,
        "Basic Average Shares": NaN,
        "Diluted EPS": NaN,
        "Basic EPS": NaN,
        "Diluted NI Availto Com Stockholders": NaN,
        "Net Income Common Stockholders": NaN,
        "Net Income": NaN,
        "Net Income Including Noncontrolling Interests": NaN,
        "Net Income Discontinuous Operations": 0.0,
        "Net Income Continuous Operations": NaN,
        "Tax Provision": NaN,
        "Pretax Income": NaN,
        "Other Income Expense": NaN,
        "Other Non Operating Income Expenses": NaN,
        "Special Income Charges": NaN,
        "Gain On Sale Of Ppe": NaN,
        "Other Special Charges": NaN,
        "Write Off": 0.0,
        "Impairment Of Capital Assets": 0.0,
        "Restructuring And Mergern Acquisition": NaN,
        "Net Non Operating Interest Income Expense": NaN,
        "Interest Income Non Operating": NaN,
        "Operating Income": NaN,
        "Operating Expense": NaN,
        "Selling General And Administration": NaN,
        "Gross Profit": NaN,
        "Cost Of Revenue": NaN,
        "Total Revenue": NaN,
        "Operating Revenue": NaN
    },
    "2023-02-28": {
        "Tax Effect Of Unusual Items": NaN,
        "Tax Rate For Calcs": NaN,
        "Normalized EBITDA": NaN,
        "Total Unusual Items": NaN,
        "Total Unusual Items Excluding Goodwill": NaN,
        "Net Income From Continuing Operation Net Minority Interest": NaN,
        "Reconciled Depreciation": NaN,
        "Reconciled Cost Of Revenue": NaN,
        "EBITDA": NaN,
        "EBIT": NaN,
        "Net Interest Income": NaN,
        "Interest Income": NaN,
        "Normalized Income": NaN,
        "Net Income From Continuing And Discontinued Operation": NaN,
        "Total Expenses": NaN,
        "Total Operating Income As Reported": NaN,
        "Diluted Average Shares": NaN,
        "Basic Average Shares": NaN,
        "Diluted EPS": NaN,
        "Basic EPS": NaN,
        "Diluted NI Availto Com Stockholders": NaN,
        "Average Dilution Earnings": 0.0,
        "Net Income Common Stockholders": NaN,
        "Net Income": NaN,
        "Net Income Including Noncontrolling Interests": NaN,
        "Net Income Discontinuous Operations": 0.0,
        "Net Income Continuous Operations": NaN,
        "Tax Provision": NaN,
        "Pretax Income": NaN,
        "Other Income Expense": NaN,
        "Other Non Operating Income Expenses": NaN,
        "Special Income Charges": NaN,
        "Gain On Sale Of Ppe": NaN,
        "Other Special Charges": NaN,
        "Impairment Of Capital Assets": NaN,
        "Restructuring And Mergern Acquisition": NaN,
        "Net Non Operating Interest Income Expense": NaN,
        "Interest Income Non Operating": NaN,
        "Operating Income": NaN,
        "Operating Expense": NaN,
        "Selling General And Administration": NaN,
        "Gross Profit": NaN,
        "Cost Of Revenue": NaN,
        "Total Revenue": NaN,
        "Operating Revenue": NaN
    },
    "2022-11-30": {
        "Tax Effect Of Unusual Items": NaN,
        "Tax Rate For Calcs": NaN,
        "Normalized EBITDA": NaN,
        "Total Unusual Items": 0.0,
        "Total Unusual Items Excluding Goodwill": 0.0,
        "Net Income From Continuing Operation Net Minority Interest": NaN,
        "Reconciled Depreciation": NaN,
        "Reconciled Cost Of Revenue": NaN,
        "EBITDA": NaN,
        "EBIT": NaN,
        "Net Interest Income": NaN,
        "Interest Income": NaN,
        "Normalized Income": NaN,
        "Net Income From Continuing And Discontinued Operation": NaN,
        "Total Expenses": NaN,
        "Total Operating Income As Reported": NaN,
        "Diluted Average Shares": NaN,
        "Basic Average Shares": NaN,
        "Diluted EPS": NaN,
        "Basic EPS": NaN,
        "Diluted NI Availto Com Stockholders": NaN,
        "Average Dilution Earnings": NaN,
        "Net Income Common Stockholders": NaN,
        "Net Income": NaN,
        "Net Income Including Noncontrolling Interests": NaN,
        "Net Income Discontinuous Operations": -527000.0,
        "Net Income Continuous Operations": NaN,
        "Tax Provision": NaN,
        "Pretax Income": NaN,
        "Other Income Expense": NaN,
        "Other Non Operating Income Expenses": NaN,
        "Special Income Charges": 0.0,
        "Gain On Sale Of Ppe": 0.0,
        "Impairment Of Capital Assets": NaN,
        "Restructuring And Mergern Acquisition": NaN,
        "Net Non Operating Interest Income Expense": NaN,
        "Interest Income Non Operating": NaN,
        "Operating Income": NaN,
        "Operating Expense": NaN,
        "Selling General And Administration": NaN,
        "Gross Profit": NaN,
        "Cost Of Revenue": NaN,
        "Total Revenue": NaN,
        "Operating Revenue": NaN
    },
    "2022-08-31": {
        "Tax Effect Of Unusual Items": NaN,
        "Tax Rate For Calcs": NaN,
        "Normalized EBITDA": NaN,
        "Total Unusual Items": 4595000.0,
        "Total Unusual Items Excluding Goodwill": 4595000.0,
        "Net Income From Continuing Operation Net Minority Interest": NaN,
        "Reconciled Depreciation": NaN,
        "Reconciled Cost Of Revenue": NaN,
        "EBITDA": NaN,
        "EBIT": NaN,
        "Net Interest Income": 120000.0,
        "Interest Income": 120000.0,
        "Normalized Income": NaN,
        "Net Income From Continuing And Discontinued Operation": NaN,
        "Total Expenses": NaN,
        "Total Operating Income As Reported": NaN,
        "Diluted Average Shares": NaN,
        "Basic Average Shares": NaN,
        "Diluted EPS": NaN,
        "Basic EPS": NaN,
        "Diluted NI Availto Com Stockholders": NaN,
        "Average Dilution Earnings": NaN,
        "Net Income Common Stockholders": NaN,
        "Net Income": NaN,
        "Net Income Including Noncontrolling Interests": NaN,
        "Net Income Discontinuous Operations": NaN,
        "Net Income Continuous Operations": NaN,
        "Tax Provision": NaN,
        "Pretax Income": NaN,
        "Other Income Expense": NaN,
        "Other Non Operating Income Expenses": NaN,
        "Special Income Charges": 4595000.0,
        "Gain On Sale Of Ppe": 4595000.0,
        "Restructuring And Mergern Acquisition": 0.0,
        "Net Non Operating Interest Income Expense": 120000.0,
        "Interest Income Non Operating": 120000.0,
        "Operating Income": NaN,
        "Operating Expense": NaN,
        "Selling General And Administration": NaN,
        "Gross Profit": NaN,
        "Cost Of Revenue": NaN,
        "Total Revenue": NaN,
        "Operating Revenue": NaN
    },
    "2022-05-31": {
        "Tax Effect Of Unusual Items": 0.0,
        "Tax Rate For Calcs": 0.26,
        "Normalized EBITDA": 13422000.0,
        "Total Unusual Items": NaN,
        "Total Unusual Items Excluding Goodwill": NaN,
        "Net Income From Continuing Operation Net Minority Interest": 7743000.0,
        "Reconciled Depreciation": 2410000.0,
        "Reconciled Cost Of Revenue": 62767000.0,
        "EBIT": 11012000.0,
        "Normalized Income": 7743000.0,
        "Net Income From Continuing And Discontinued Operation": 47118000.0,
        "Total Expenses": 117694000.0,
        "Total Operating Income As Reported": 11012000.0,
        "Diluted Average Shares": 9534023.0,
        "Basic Average Shares": 9521085.0,
        "Diluted EPS": 4.94,
        "Basic EPS": 4.95,
        "Diluted NI Availto Com Stockholders": 47118000.0,
        "Average Dilution Earnings": NaN,
        "Net Income Common Stockholders": 47118000.0,
        "Net Income": 47118000.0,
        "Net Income Including Noncontrolling Interests": 47118000.0,
        "Net Income Discontinuous Operations": 39375000.0,
        "Net Income Continuous Operations": 7743000.0,
        "Tax Provision": 2642000.0,
        "Pretax Income": 10385000.0,
        "Other Income Expense": -627000.0,
        "Other Non Operating Income Expenses": -627000.0,
        "Special Income Charges": NaN,
        "Gain On Sale Of Ppe": NaN,
        "Restructuring And Mergern Acquisition": NaN,
        "Operating Income": 11012000.0,
        "Operating Expense": 54927000.0,
        "Selling General And Administration": 54927000.0,
        "Gross Profit": 65939000.0,
        "Cost Of Revenue": 62767000.0,
        "Total Revenue": 128706000.0,
        "Operating Revenue": 128706000.0
    },
    "2022-02-28": {
        "Diluted EPS": 0.57,
        "Total Revenue": 118,
        "Gross Profit": 57,
        "Operating Income": 6,
        "EBIT": 10,
        "Net Income": 6
    },
    "2021-11-30": {
        "Diluted EPS": 0.52,
        "Total Revenue": 114,
        "Gross Profit": 58,
        "Operating Income": 7,
        "EBIT": 11,
        "Net Income": 5
    },
    "2021-08-31": {
        "Diluted EPS": 0.31,
        "Total Revenue": 105,
        "Gross Profit": 53,
        "Operating Income": 5,
        "EBIT": 9,
        "Net Income": 3
    },
    "2021-05-31": {
        "Diluted EPS": 0.6,
        "Total Revenue": 110,
        "Gross Profit": 57,
        "Operating Income": 7,
        "EBIT": 11,
        "Net Income": 6
    },
    "2021-02-28": {
        "Diluted EPS": 0.4,
        "Total Revenue": 102,
        "Gross Profit": 53,
        "Operating Income": 6,
        "EBIT": 9,
        "Net Income": 4
    },
    "2020-11-30": {
        "Diluted EPS": 0.66,
        "Total Revenue": 70,
        "Gross Profit": 20,
        "Operating Income": 9,
        "EBIT": 12,
        "Net Income": 7
    },
    "2020-08-31": {
        "Diluted EPS": 0.22,
        "Total Revenue": 92,
        "Gross Profit": 53,
        "Operating Income": 3,
        "EBIT": 6,
        "Net Income": 2
    },
    "2020-05-31": {
        "Diluted EPS": -2.04,
        "Total Revenue": 64,
        "Gross Profit": 34,
        "Operating Income": -31,
        "EBIT": -26,
        "Net Income": -20
    },
    "2020-02-29": {
        "Diluted EPS": 0.12,
        "Total Revenue": 112,
        "Gross Profit": 67,
        "Operating Income": 2,
        "EBIT": 6,
        "Net Income": 1
    },
    "2019-11-30": {
        "Diluted EPS": -0.5,
        "Total Revenue": 114,
        "Gross Profit": 68,
        "Operating Income": -6,
        "EBIT": 0,
        "Net Income": -5
    },
    "2019-08-31": {
        "Diluted EPS": 0.21,
        "Total Revenue": 109,
        "Gross Profit": 67,
        "Operating Income": 3,
        "EBIT": 7,
        "Net Income": 2
    },
    "2019-05-31": {
        "Diluted EPS": 0.04,
        "Total Revenue": 108,
        "Gross Profit": 66,
        "Operating Income": 1,
        "EBIT": 4,
        "Net Income": 0
    },
    "2019-02-28": {
        "Diluted EPS": 0.06,
        "Total Revenue": 121,
        "Gross Profit": 72,
        "Operating Income": 1,
        "EBIT": 4,
        "Net Income": 1
    },
    "2018-11-30": {
        "Diluted EPS": 0.18,
        "Total Revenue": 117,
        "Gross Profit": 71,
        "Operating Income": 2,
        "EBIT": 5,
        "Net Income": 2
    },
    "2018-08-31": {
        "Diluted EPS": 0.28,
        "Total Revenue": 113,
        "Gross Profit": 68,
        "Operating Income": 4,
        "EBIT": 8,
        "Net Income": 3
    },
    "2018-05-31": {
        "Diluted EPS": 0.4,
        "Total Revenue": 117,
        "Gross Profit": 71,
        "Operating Income": 6,
        "EBIT": 9,
        "Net Income": 4
    },
    "2018-02-28": {
        "Diluted EPS": -0.09,
        "Total Revenue": 110,
        "Gross Profit": 67,
        "Operating Income": 2,
        "EBIT": 5,
        "Net Income": -1
    },
    "2017-11-30": {
        "Diluted EPS": 0.46,
        "Total Revenue": 118,
        "Gross Profit": 73,
        "Operating Income": 7,
        "EBIT": 11,
        "Net Income": 5
    },
    "2017-08-31": {
        "Diluted EPS": 0.43,
        "Total Revenue": 114,
        "Gross Profit": 69,
        "Operating Income": 7,
        "EBIT": 11,
        "Net Income": 5
    },
    "2017-05-31": {
        "Diluted EPS": 0.54,
        "Total Revenue": 114,
        "Gross Profit": 69,
        "Operating Income": 8,
        "EBIT": 11,
        "Net Income": 6
    },
    "2017-02-28": {
        "Diluted EPS": 0.27,
        "Total Revenue": 106,
        "Gross Profit": 64,
        "Operating Income": 5,
        "EBIT": 8,
        "Net Income": 3
    },
    "2016-11-30": {
        "Diluted EPS": 0.47,
        "Total Revenue": 114,
        "Gross Profit": 71,
        "Operating Income": 9,
        "EBIT": 12,
        "Net Income": 5
    },
    "2016-08-31": {
        "Diluted EPS": 0.38,
        "Total Revenue": 105,
        "Gross Profit": 65,
        "Operating Income": 8,
        "EBIT": 11,
        "Net Income": 4
    },
    "2016-05-31": {
        "Diluted EPS": 0.31,
        "Total Revenue": 107,
        "Gross Profit": 64,
        "Operating Income": 6,
        "EBIT": 9,
        "Net Income": 3
    },
    "2016-02-29": {
        "Diluted EPS": 0.3,
        "Total Revenue": 107,
        "Gross Profit": 65,
        "Operating Income": 6,
        "EBIT": 9,
        "Net Income": 3
    },
    "2015-11-30": {
        "Diluted EPS": 0.51,
        "Total Revenue": 116,
        "Gross Profit": 70,
        "Operating Income": 9,
        "EBIT": 12,
        "Net Income": 6
    },
    "2015-08-31": {
        "Diluted EPS": 0.39,
        "Total Revenue": 111,
        "Gross Profit": 66,
        "Operating Income": 8,
        "EBIT": 10,
        "Net Income": 4
    },
    "2015-05-31": {
        "Diluted EPS": 0.42,
        "Total Revenue": 112,
        "Gross Profit": 65,
        "Operating Income": 7,
        "EBIT": 9,
        "Net Income": 5
    },
    "2015-02-28": {
        "Diluted EPS": 0.56,
        "Total Revenue": 93,
        "Gross Profit": 51,
        "Operating Income": 3,
        "EBIT": 5,
        "Net Income": 6
    },
    "2014-11-30": {
        "Diluted EPS": 0.34,
        "Total Revenue": 95,
        "Gross Profit": 52,
        "Operating Income": 7,
        "EBIT": 9,
        "Net Income": 4
    },
    "2014-08-31": {
        "Diluted EPS": 0.21,
        "Total Revenue": 85,
        "Gross Profit": 45,
        "Operating Income": 3,
        "EBIT": 5,
        "Net Income": 2
    },
    "2014-05-31": {
        "Diluted EPS": 0.24,
        "Total Revenue": 85,
        "Gross Profit": 45,
        "Operating Income": 4,
        "EBIT": 6,
        "Net Income": 3
    },
    "2014-02-28": {
        "Diluted EPS": 0.08,
        "Total Revenue": 76,
        "Gross Profit": 40,
        "Operating Income": 1,
        "EBIT": 3,
        "Net Income": 1
    },
    "2013-11-30": {
        "Diluted EPS": 0.15,
        "Total Revenue": 83,
        "Gross Profit": 44,
        "Operating Income": 3,
        "EBIT": 5,
        "Net Income": 2
    },
    "2013-08-31": {
        "Diluted EPS": 0.05,
        "Total Revenue": 77,
        "Gross Profit": 39,
        "Operating Income": 1,
        "EBIT": 2,
        "Net Income": 1
    },
    "2013-05-31": {
        "Diluted EPS": 0.18,
        "Total Revenue": 81,
        "Gross Profit": 42,
        "Operating Income": 3,
        "EBIT": 5,
        "Net Income": 2
    },
    "2013-02-28": {
        "Diluted EPS": 0.09,
        "Total Revenue": 80,
        "Gross Profit": 41,
        "Operating Income": 2,
        "EBIT": 4,
        "Net Income": 1
    },
    "2012-11-30": {
        "Diluted EPS": 1.54,
        "Total Revenue": 77,
        "Gross Profit": 40,
        "Operating Income": 3,
        "EBIT": 4,
        "Net Income": 17
    },
    "2012-08-31": {
        "Diluted EPS": 0.21,
        "Total Revenue": 64,
        "Gross Profit": 34,
        "Operating Income": 1,
        "EBIT": 2,
        "Net Income": 2
    },
    "2012-05-31": {
        "Diluted EPS": 0.71,
        "Total Revenue": 67,
        "Gross Profit": 36,
        "Operating Income": 2,
        "EBIT": 3,
        "Net Income": 8
    },
    "2012-02-29": {
        "Diluted EPS": -0.05,
        "Total Revenue": 61,
        "Gross Profit": 32,
        "Operating Income": 0,
        "EBIT": 1,
        "Net Income": -1
    },
    "2011-11-30": {
        "Diluted EPS": 0.08,
        "Total Revenue": 63,
        "Gross Profit": 33,
        "Operating Income": 1,
        "EBIT": 2,
        "Net Income": 1
    },
    "2011-08-31": {
        "Diluted EPS": 0.04,
        "Total Revenue": 59,
        "Gross Profit": 29,
        "Operating Income": 0,
        "EBIT": 1,
        "Net Income": 0
    },
    "2011-05-31": {
        "Diluted EPS": 5.39,
        "Total Revenue": 66,
        "Gross Profit": 33,
        "Operating Income": -14,
        "EBIT": -13,
        "Net Income": 63
    },
    "2011-02-28": {
        "Diluted EPS": -0.72,
        "Total Revenue": 64,
        "Gross Profit": 32,
        "Operating Income": -7,
        "EBIT": -6,
        "Net Income": -8
    },
    "2010-11-30": {
        "Diluted EPS": 0.18,
        "Total Revenue": 66,
        "Gross Profit": 32,
        "Operating Income": 1,
        "EBIT": 2,
        "Net Income": 2
    },
    "2010-08-31": {
        "Diluted EPS": -0.21,
        "Total Revenue": 59,
        "Gross Profit": 27,
        "Operating Income": -2,
        "EBIT": -1,
        "Net Income": -2
    },
    "2010-05-31": {
        "Diluted EPS": 0.01,
        "Total Revenue": 58,
        "Gross Profit": 28,
        "Operating Income": 0,
        "EBIT": 1,
        "Net Income": 0
    },
    "2010-02-28": {
        "Diluted EPS": -0.15,
        "Total Revenue": 53,
        "Gross Profit": 26,
        "Operating Income": -3,
        "EBIT": -1,
        "Net Income": -2
    },
    "2009-11-30": {
        "Diluted EPS": 0.23,
        "Total Revenue": 60,
        "Gross Profit": 28,
        "Operating Income": 0,
        "EBIT": 2,
        "Net Income": 3
    },
    "2009-08-31": {
        "Diluted EPS": -0.3,
        "Total Revenue": 58,
        "Gross Profit": 26,
        "Operating Income": -3,
        "EBIT": -1,
        "Net Income": -3
    },
    "2009-05-31": {
        "Diluted EPS": -0.87,
        "Total Revenue": 58,
        "Gross Profit": 25,
        "Operating Income": -9,
        "EBIT": -7,
        "Net Income": -10
    },
    "2009-02-28": {
        "Diluted EPS": -1.05,
        "Total Revenue": 58,
        "Gross Profit": 24,
        "Operating Income": -9,
        "EBIT": -7,
        "Net Income": -12
    },
    "2023-08-31": {
        "Tax Effect Of Unusual Items": NaN,
        "Tax Rate For Calcs": NaN,
        "Normalized EBITDA": NaN,
        "Total Unusual Items": 0.0,
        "Total Unusual Items Excluding Goodwill": 0.0,
        "Net Income From Continuing Operation Net Minority Interest": NaN,
        "Reconciled Depreciation": NaN,
        "Reconciled Cost Of Revenue": NaN,
        "EBITDA": NaN,
        "EBIT": NaN,
        "Net Interest Income": NaN,
        "Interest Income": NaN,
        "Normalized Income": NaN,
        "Net Income From Continuing And Discontinued Operation": NaN,
        "Total Expenses": NaN,
        "Total Operating Income As Reported": NaN,
        "Diluted Average Shares": NaN,
        "Basic Average Shares": NaN,
        "Diluted EPS": NaN,
        "Basic EPS": NaN,
        "Diluted NI Availto Com Stockholders": NaN,
        "Net Income Common Stockholders": NaN,
        "Net Income": NaN,
        "Net Income Including Noncontrolling Interests": NaN,
        "Net Income Discontinuous Operations": 0.0,
        "Net Income Continuous Operations": NaN,
        "Tax Provision": NaN,
        "Pretax Income": NaN,
        "Other Income Expense": NaN,
        "Other Non Operating Income Expenses": NaN,
        "Special Income Charges": 0.0,
        "Gain On Sale Of Ppe": 0.0,
        "Other Special Charges": NaN,
        "Write Off": 0.0,
        "Impairment Of Capital Assets": 0.0,
        "Restructuring And Mergern Acquisition": 0.0,
        "Net Non Operating Interest Income Expense": NaN,
        "Interest Income Non Operating": NaN,
        "Operating Income": NaN,
        "Operating Expense": NaN,
        "Selling General And Administration": NaN,
        "Gross Profit": NaN,
        "Cost Of Revenue": NaN,
        "Total Revenue": NaN,
        "Operating Revenue": NaN
    },
    "2023-11-30": {
        "Tax Effect Of Unusual Items": NaN,
        "Tax Rate For Calcs": NaN,
        "Normalized EBITDA": NaN,
        "Total Unusual Items": -5409000.0,
        "Total Unusual Items Excluding Goodwill": -5409000.0,
        "Net Income From Continuing Operation Net Minority Interest": NaN,
        "Reconciled Depreciation": NaN,
        "Reconciled Cost Of Revenue": NaN,
        "EBITDA": NaN,
        "EBIT": NaN,
        "Net Interest Income": NaN,
        "Interest Income": NaN,
        "Normalized Income": NaN,
        "Net Income From Continuing And Discontinued Operation": NaN,
        "Total Expenses": NaN,
        "Total Operating Income As Reported": NaN,
        "Diluted Average Shares": NaN,
        "Basic Average Shares": NaN,
        "Diluted EPS": NaN,
        "Basic EPS": NaN,
        "Diluted NI Availto Com Stockholders": NaN,
        "Net Income Common Stockholders": NaN,
        "Net Income": NaN,
        "Net Income Including Noncontrolling Interests": NaN,
        "Net Income Discontinuous Operations": 0.0,
        "Net Income Continuous Operations": NaN,
        "Tax Provision": NaN,
        "Pretax Income": NaN,
        "Other Income Expense": NaN,
        "Other Non Operating Income Expenses": NaN,
        "Special Income Charges": -5409000.0,
        "Gain On Sale Of Ppe": 0.0,
        "Other Special Charges": NaN,
        "Write Off": NaN,
        "Impairment Of Capital Assets": NaN,
        "Restructuring And Mergern Acquisition": 0.0,
        "Net Non Operating Interest Income Expense": NaN,
        "Interest Income Non Operating": NaN,
        "Operating Income": NaN,
        "Operating Expense": NaN,
        "Selling General And Administration": NaN,
        "Gross Profit": NaN,
        "Cost Of Revenue": NaN,
        "Total Revenue": NaN,
        "Operating Revenue": NaN
    },
    "2024-02-29": {
        "Tax Effect Of Unusual Items": 0.0,
        "Tax Rate For Calcs": 0.300293,
        "Normalized EBITDA": 307000.0,
        "Total Unusual Items": NaN,
        "Total Unusual Items Excluding Goodwill": NaN,
        "Net Income From Continuing Operation Net Minority Interest": -1193000.0,
        "Reconciled Depreciation": 2664000.0,
        "Reconciled Cost Of Revenue": 38687000.0,
        "EBITDA": 307000.0,
        "EBIT": -2357000.0,
        "Net Interest Income": 756000.0,
        "Interest Income": 756000.0,
        "Normalized Income": -1193000.0,
        "Net Income From Continuing And Discontinued Operation": -1193000.0,
        "Total Expenses": 88911000.0,
        "Total Operating Income As Reported": -2357000.0,
        "Diluted Average Shares": 8521429.0,
        "Basic Average Shares": 8521429.0,
        "Diluted EPS": -0.14,
        "Basic EPS": -0.14,
        "Diluted NI Availto Com Stockholders": -1193000.0,
        "Net Income Common Stockholders": -1193000.0,
        "Net Income": -1193000.0,
        "Net Income Including Noncontrolling Interests": -1193000.0,
        "Net Income Discontinuous Operations": NaN,
        "Net Income Continuous Operations": -1193000.0,
        "Tax Provision": -512000.0,
        "Pretax Income": -1705000.0,
        "Other Income Expense": -104000.0,
        "Other Non Operating Income Expenses": -104000.0,
        "Special Income Charges": NaN,
        "Gain On Sale Of Ppe": NaN,
        "Other Special Charges": NaN,
        "Write Off": NaN,
        "Impairment Of Capital Assets": NaN,
        "Restructuring And Mergern Acquisition": NaN,
        "Net Non Operating Interest Income Expense": 756000.0,
        "Interest Income Non Operating": 756000.0,
        "Operating Income": -2357000.0,
        "Operating Expense": 50224000.0,
        "Selling General And Administration": 50224000.0,
        "Gross Profit": 47867000.0,
        "Cost Of Revenue": 38687000.0,
        "Total Revenue": 86554000.0,
        "Operating Revenue": 86554000.0
    },
    "2024-05-31": {
        "Tax Effect Of Unusual Items": -617680.0,
        "Tax Rate For Calcs": 0.112,
        "Normalized EBITDA": 5195000.0,
        "Total Unusual Items": -5515000.0,
        "Total Unusual Items Excluding Goodwill": -5515000.0,
        "Net Income From Continuing Operation Net Minority Interest": -7201000.0,
        "Reconciled Depreciation": 2627000.0,
        "Reconciled Cost Of Revenue": 39650000.0,
        "EBITDA": -320000.0,
        "EBIT": -2947000.0,
        "Net Interest Income": 627000.0,
        "Interest Income": 627000.0,
        "Normalized Income": -2303680.0,
        "Net Income From Continuing And Discontinued Operation": -7201000.0,
        "Total Expenses": 86357000.0,
        "Total Operating Income As Reported": -8462000.0,
        "Diluted Average Shares": 8762815.0,
        "Basic Average Shares": 8762815.0,
        "Diluted EPS": -0.82,
        "Basic EPS": -0.82,
        "Diluted NI Availto Com Stockholders": -7201000.0,
        "Net Income Common Stockholders": -7201000.0,
        "Net Income": -7201000.0,
        "Net Income Including Noncontrolling Interests": -7201000.0,
        "Net Income Discontinuous Operations": NaN,
        "Net Income Continuous Operations": -7201000.0,
        "Tax Provision": -910000.0,
        "Pretax Income": -8111000.0,
        "Other Income Expense": -5791000.0,
        "Other Non Operating Income Expenses": -276000.0,
        "Special Income Charges": -5515000.0,
        "Gain On Sale Of Ppe": NaN,
        "Other Special Charges": NaN,
        "Write Off": 5515000.0,
        "Impairment Of Capital Assets": 5515000.0,
        "Restructuring And Mergern Acquisition": 0.0,
        "Net Non Operating Interest Income Expense": 627000.0,
        "Interest Income Non Operating": 627000.0,
        "Operating Income": -2947000.0,
        "Operating Expense": 46707000.0,
        "Selling General And Administration": 46707000.0,
        "Gross Profit": 43760000.0,
        "Cost Of Revenue": 39650000.0,
        "Total Revenue": 83410000.0,
        "Operating Revenue": 83410000.0
    },
    "2024-08-31": {
        "Tax Effect Of Unusual Items": -272800.0,
        "Tax Rate For Calcs": 0.22,
        "Normalized EBITDA": -1555000.0,
        "Total Unusual Items": -1240000.0,
        "Total Unusual Items Excluding Goodwill": -1240000.0,
        "Net Income From Continuing Operation Net Minority Interest": -4505000.0,
        "Reconciled Depreciation": 2322000.0,
        "Reconciled Cost Of Revenue": 35526000.0,
        "EBITDA": -2795000.0,
        "EBIT": -5117000.0,
        "Net Interest Income": 692000.0,
        "Interest Income": 692000.0,
        "Normalized Income": -3537800.0,
        "Net Income From Continuing And Discontinued Operation": -4505000.0,
        "Total Expenses": 80736000.0,
        "Total Operating Income As Reported": -6357000.0,
        "Diluted Average Shares": 8725008.0,
        "Basic Average Shares": 8725008.0,
        "Diluted EPS": -0.52,
        "Basic EPS": -0.52,
        "Diluted NI Availto Com Stockholders": -4505000.0,
        "Net Income Common Stockholders": -4505000.0,
        "Net Income": -4505000.0,
        "Net Income Including Noncontrolling Interests": -4505000.0,
        "Net Income Discontinuous Operations": NaN,
        "Net Income Continuous Operations": -4505000.0,
        "Tax Provision": -1269000.0,
        "Pretax Income": -5774000.0,
        "Other Income Expense": -1349000.0,
        "Other Non Operating Income Expenses": -109000.0,
        "Special Income Charges": -1240000.0,
        "Gain On Sale Of Ppe": NaN,
        "Other Special Charges": 1240000.0,
        "Write Off": 0.0,
        "Impairment Of Capital Assets": 0.0,
        "Restructuring And Mergern Acquisition": 0.0,
        "Net Non Operating Interest Income Expense": 692000.0,
        "Interest Income Non Operating": 692000.0,
        "Operating Income": -5117000.0,
        "Operating Expense": 45210000.0,
        "Selling General And Administration": 45210000.0,
        "Gross Profit": 40093000.0,
        "Cost Of Revenue": 35526000.0,
        "Total Revenue": 75619000.0,
        "Operating Revenue": 75619000.0
    },
    "2024-11-30": {
        "Tax Effect Of Unusual Items": -294420.0,
        "Tax Rate For Calcs": 0.21,
        "Normalized EBITDA": -212000.0,
        "Total Unusual Items": -1402000.0,
        "Total Unusual Items Excluding Goodwill": -1402000.0,
        "Net Income From Continuing Operation Net Minority Interest": 3204000.0,
        "Reconciled Depreciation": 2305000.0,
        "Reconciled Cost Of Revenue": 36645000.0,
        "EBITDA": -1614000.0,
        "EBIT": -3919000.0,
        "Net Interest Income": 568000.0,
        "Interest Income": 598000.0,
        "Normalized Income": 4311580.0,
        "Net Income From Continuing And Discontinued Operation": 3204000.0,
        "Total Expenses": 82031000.0,
        "Total Operating Income As Reported": 907000.0,
        "Diluted Average Shares": 8431579.0,
        "Basic Average Shares": 8431579.0,
        "Diluted EPS": 0.38,
        "Basic EPS": 0.38,
        "Diluted NI Availto Com Stockholders": 3204000.0,
        "Net Income Common Stockholders": 3204000.0,
        "Net Income": 3204000.0,
        "Net Income Including Noncontrolling Interests": 3204000.0,
        "Net Income Discontinuous Operations": NaN,
        "Net Income Continuous Operations": 3204000.0,
        "Tax Provision": -1984000.0,
        "Pretax Income": 1220000.0,
        "Other Income Expense": -1657000.0,
        "Other Non Operating Income Expenses": -255000.0,
        "Special Income Charges": -440000.0,
        "Gain On Sale Of Ppe": NaN,
        "Other Special Charges": 0.0,
        "Write Off": NaN,
        "Impairment Of Capital Assets": 0.0,
        "Restructuring And Mergern Acquisition": 440000.0,
        "Net Non Operating Interest Income Expense": 568000.0,
        "Interest Income Non Operating": 598000.0,
        "Operating Income": 2309000.0,
        "Operating Expense": 45386000.0,
        "Selling General And Administration": 45386000.0,
        "Gross Profit": 47695000.0,
        "Cost Of Revenue": 36645000.0,
        "Total Revenue": 84340000.0,
        "Operating Revenue": 84340000.0
    },
    "2025-02-28": {
        "Tax Effect Of Unusual Items": 0.0,
        "Tax Rate For Calcs": 0.274,
        "Normalized EBITDA": 4701000.0,
        "Total Unusual Items": NaN,
        "Total Unusual Items Excluding Goodwill": NaN,
        "Net Income From Continuing Operation Net Minority Interest": 1854000.0,
        "Reconciled Depreciation": 2246000.0,
        "Reconciled Cost Of Revenue": 35332000.0,
        "EBITDA": 4701000.0,
        "EBIT": 2455000.0,
        "Net Interest Income": 559000.0,
        "Interest Income": 559000.0,
        "Normalized Income": 1854000.0,
        "Net Income From Continuing And Discontinued Operation": 1854000.0,
        "Total Expenses": 79707000.0,
        "Total Operating Income As Reported": 2455000.0,
        "Diluted Average Shares": 8706435.0,
        "Basic Average Shares": 8678770.0,
        "Diluted EPS": 0.21,
        "Basic EPS": 0.21,
        "Diluted NI Availto Com Stockholders": 1854000.0,
        "Net Income Common Stockholders": 1854000.0,
        "Net Income": 1854000.0,
        "Net Income Including Noncontrolling Interests": 1854000.0,
        "Net Income Discontinuous Operations": NaN,
        "Net Income Continuous Operations": 1854000.0,
        "Tax Provision": 701000.0,
        "Pretax Income": 2555000.0,
        "Other Income Expense": -459000.0,
        "Other Non Operating Income Expenses": -459000.0,
        "Special Income Charges": NaN,
        "Gain On Sale Of Ppe": NaN,
        "Other Special Charges": NaN,
        "Write Off": NaN,
        "Impairment Of Capital Assets": NaN,
        "Restructuring And Mergern Acquisition": NaN,
        "Net Non Operating Interest Income Expense": 559000.0,
        "Interest Income Non Operating": 559000.0,
        "Operating Income": 2455000.0,
        "Operating Expense": 44375000.0,
        "Selling General And Administration": 44375000.0,
        "Gross Profit": 46830000.0,
        "Cost Of Revenue": 35332000.0,
        "Total Revenue": 82162000.0,
        "Operating Revenue": 82162000.0
    },
    "2025-05-31": {
        "Tax Effect Of Unusual Items": 0.0,
        "Tax Rate For Calcs": 0.261,
        "Normalized EBITDA": 4729000.0,
        "Total Unusual Items": 0.0,
        "Total Unusual Items Excluding Goodwill": 0.0,
        "Net Income From Continuing Operation Net Minority Interest": 1918000.0,
        "Reconciled Depreciation": 2232000.0,
        "Reconciled Cost Of Revenue": 37439000.0,
        "EBITDA": 4729000.0,
        "EBIT": 2497000.0,
        "Net Interest Income": 521000.0,
        "Interest Income": 521000.0,
        "Normalized Income": 1918000.0,
        "Net Income From Continuing And Discontinued Operation": 1918000.0,
        "Total Expenses": 81851000.0,
        "Total Operating Income As Reported": 2497000.0,
        "Diluted Average Shares": 8679874.0,
        "Basic Average Shares": 8667908.0,
        "Diluted EPS": 0.22,
        "Basic EPS": 0.22,
        "Diluted NI Availto Com Stockholders": 1918000.0,
        "Net Income Common Stockholders": 1918000.0,
        "Net Income": 1918000.0,
        "Net Income Including Noncontrolling Interests": 1918000.0,
        "Net Income Discontinuous Operations": NaN,
        "Net Income Continuous Operations": 1918000.0,
        "Tax Provision": 678000.0,
        "Pretax Income": 2596000.0,
        "Other Income Expense": -422000.0,
        "Other Non Operating Income Expenses": -422000.0,
        "Special Income Charges": 0.0,
        "Gain On Sale Of Ppe": NaN,
        "Other Special Charges": NaN,
        "Write Off": NaN,
        "Impairment Of Capital Assets": 0.0,
        "Restructuring And Mergern Acquisition": NaN,
        "Net Non Operating Interest Income Expense": 521000.0,
        "Interest Income Non Operating": 521000.0,
        "Operating Income": 2497000.0,
        "Operating Expense": 44412000.0,
        "Selling General And Administration": 44412000.0,
        "Gross Profit": 46909000.0,
        "Cost Of Revenue": 37439000.0,
        "Total Revenue": 84348000.0,
        "Operating Revenue": 84348000.0
    }
}