{
    "2023-06-30": {
        "Tax Effect Of Unusual Items": NaN,
        "Tax Rate For Calcs": NaN,
        "Net Income From Continuing Operation Net Minority Interest": NaN,
        "Reconciled Depreciation": NaN,
        "Net Interest Income": NaN,
        "Interest Expense": NaN,
        "Interest Income": NaN,
        "Normalized Income": NaN,
        "Net Income From Continuing And Discontinued Operation": NaN,
        "Diluted Average Shares": NaN,
        "Basic Average Shares": NaN,
        "Diluted EPS": NaN,
        "Basic EPS": NaN,
        "Diluted NI Availto Com Stockholders": NaN,
        "Net Income Common Stockholders": NaN,
        "Net Income": NaN,
        "Net Income Including Noncontrolling Interests": NaN,
        "Net Income Continuous Operations": NaN,
        "Tax Provision": NaN,
        "Pretax Income": NaN,
        "Gain On Sale Of Security": NaN,
        "Selling General And Administration": NaN,
        "Selling And Marketing Expense": NaN,
        "General And Administrative Expense": NaN,
        "Other Gand A": 1661000.0,
        "Salaries And Wages": NaN,
        "Total Revenue": NaN,
        "Operating Revenue": NaN,
        "Occupancy And Equipment": NaN,
        "Professional Expense And Contract Services Expense": NaN,
        "Other Non Interest Expense": NaN
    },
    "2023-03-31": {
        "Tax Effect Of Unusual Items": 0.0,
        "Tax Rate For Calcs": 0.236,
        "Net Income From Continuing Operation Net Minority Interest": 8751000.0,
        "Reconciled Depreciation": 823000.0,
        "Net Interest Income": 28132000.0,
        "Interest Expense": 9287000.0,
        "Interest Income": 37419000.0,
        "Normalized Income": 8751000.0,
        "Net Income From Continuing And Discontinued Operation": 8751000.0,
        "Diluted Average Shares": 15002366.0,
        "Basic Average Shares": 14971842.0,
        "Diluted EPS": 0.58,
        "Basic EPS": 0.58,
        "Diluted NI Availto Com Stockholders": 8751000.0,
        "Net Income Common Stockholders": 8751000.0,
        "Net Income": 8751000.0,
        "Net Income Including Noncontrolling Interests": 8751000.0,
        "Net Income Continuous Operations": 8751000.0,
        "Tax Provision": 2708000.0,
        "Pretax Income": 11459000.0,
        "Gain On Sale Of Security": -246000.0,
        "Selling General And Administration": 13604000.0,
        "Selling And Marketing Expense": 513000.0,
        "General And Administrative Expense": 13091000.0,
        "Other Gand A": NaN,
        "Salaries And Wages": 13091000.0,
        "Total Revenue": 32727000.0,
        "Operating Revenue": 32727000.0,
        "Occupancy And Equipment": 2330000.0,
        "Professional Expense And Contract Services Expense": 1161000.0,
        "Other Non Interest Expense": 3747000.0
    },
    "2022-12-31": {
        "Tax Effect Of Unusual Items": NaN,
        "Tax Rate For Calcs": NaN,
        "Net Income From Continuing Operation Net Minority Interest": NaN,
        "Reconciled Depreciation": NaN,
        "Net Interest Income": NaN,
        "Interest Expense": NaN,
        "Interest Income": NaN,
        "Normalized Income": NaN,
        "Net Income From Continuing And Discontinued Operation": NaN,
        "Diluted Average Shares": NaN,
        "Basic Average Shares": NaN,
        "Diluted EPS": NaN,
        "Basic EPS": NaN,
        "Diluted NI Availto Com Stockholders": NaN,
        "Net Income Common Stockholders": NaN,
        "Net Income": NaN,
        "Net Income Including Noncontrolling Interests": NaN,
        "Net Income Continuous Operations": NaN,
        "Tax Provision": NaN,
        "Pretax Income": NaN,
        "Gain On Sale Of Security": NaN,
        "Selling General And Administration": NaN,
        "Selling And Marketing Expense": NaN,
        "General And Administrative Expense": NaN,
        "Other Gand A": -4831000.0,
        "Salaries And Wages": NaN,
        "Total Revenue": NaN,
        "Operating Revenue": NaN,
        "Occupancy And Equipment": NaN,
        "Professional Expense And Contract Services Expense": NaN,
        "Other Non Interest Expense": NaN
    },
    "2022-09-30": {
        "Tax Effect Of Unusual Items": NaN,
        "Tax Rate For Calcs": NaN,
        "Net Income From Continuing Operation Net Minority Interest": NaN,
        "Reconciled Depreciation": NaN,
        "Net Interest Income": NaN,
        "Interest Expense": NaN,
        "Interest Income": NaN,
        "Normalized Income": NaN,
        "Net Income From Continuing And Discontinued Operation": NaN,
        "Diluted Average Shares": NaN,
        "Basic Average Shares": NaN,
        "Diluted EPS": NaN,
        "Basic EPS": NaN,
        "Diluted NI Availto Com Stockholders": NaN,
        "Net Income Common Stockholders": NaN,
        "Net Income": NaN,
        "Net Income Including Noncontrolling Interests": NaN,
        "Net Income Continuous Operations": NaN,
        "Tax Provision": NaN,
        "Pretax Income": NaN,
        "Gain On Sale Of Security": NaN,
        "Selling General And Administration": NaN,
        "Selling And Marketing Expense": NaN,
        "General And Administrative Expense": NaN,
        "Other Gand A": 2083000.0,
        "Salaries And Wages": NaN,
        "Total Revenue": NaN,
        "Operating Revenue": NaN
    },
    "2022-06-30": {
        "Tax Effect Of Unusual Items": 0.0,
        "Tax Rate For Calcs": 0.263,
        "Net Income From Continuing Operation Net Minority Interest": 9204000.0,
        "Reconciled Depreciation": 900000.0,
        "Net Interest Income": 26585000.0,
        "Interest Expense": 1621000.0,
        "Interest Income": 28206000.0,
        "Normalized Income": 9204000.0,
        "Net Income From Continuing And Discontinued Operation": 9204000.0,
        "Diluted Average Shares": 15004017.0,
        "Basic Average Shares": 14931701.0,
        "Diluted EPS": 0.61,
        "Basic EPS": 0.62,
        "Diluted NI Availto Com Stockholders": 9204000.0,
        "Net Income Common Stockholders": 9204000.0,
        "Net Income": 9204000.0,
        "Net Income Including Noncontrolling Interests": 9204000.0,
        "Net Income Continuous Operations": 9204000.0,
        "Tax Provision": 3288000.0,
        "Pretax Income": 12492000.0,
        "Gain On Sale Of Security": -113000.0,
        "Selling General And Administration": 14435000.0,
        "Selling And Marketing Expense": 449000.0,
        "General And Administrative Expense": 13986000.0,
        "Other Gand A": 2241000.0,
        "Salaries And Wages": 11745000.0,
        "Total Revenue": 34421000.0,
        "Operating Revenue": 34421000.0
    },
    "2022-03-31": {
        "Diluted EPS": 0.49,
        "Total Revenue": 32,
        "Gross Profit": 31,
        "Operating Income": 10,
        "EBIT": NaN,
        "Net Income": 7
    },
    "2021-12-31": {
        "Diluted EPS": 0.63,
        "Total Revenue": 35,
        "Gross Profit": 34,
        "Operating Income": 13,
        "EBIT": NaN,
        "Net Income": 10
    },
    "2021-09-30": {
        "Diluted EPS": 0.69,
        "Total Revenue": 35,
        "Gross Profit": 34,
        "Operating Income": 14,
        "EBIT": NaN,
        "Net Income": 11
    },
    "2021-06-30": {
        "Diluted EPS": 0.76,
        "Total Revenue": 35,
        "Gross Profit": 34,
        "Operating Income": 16,
        "EBIT": NaN,
        "Net Income": 12
    },
    "2021-03-31": {
        "Diluted EPS": 0.72,
        "Total Revenue": 36,
        "Gross Profit": 35,
        "Operating Income": 15,
        "EBIT": NaN,
        "Net Income": 11
    },
    "2020-12-31": {
        "Diluted EPS": 0.59,
        "Total Revenue": 36,
        "Gross Profit": 35,
        "Operating Income": 12,
        "EBIT": NaN,
        "Net Income": 9
    },
    "2020-09-30": {
        "Diluted EPS": 0.68,
        "Total Revenue": 36,
        "Gross Profit": 35,
        "Operating Income": 14,
        "EBIT": NaN,
        "Net Income": 10
    },
    "2020-06-30": {
        "Diluted EPS": 0.54,
        "Total Revenue": 32,
        "Gross Profit": 31,
        "Operating Income": 11,
        "EBIT": NaN,
        "Net Income": 8
    },
    "2020-03-31": {
        "Diluted EPS": 0.51,
        "Total Revenue": 32,
        "Gross Profit": 30,
        "Operating Income": 10,
        "EBIT": NaN,
        "Net Income": 8
    },
    "2019-12-31": {
        "Diluted EPS": 0.6,
        "Total Revenue": 34,
        "Gross Profit": 31,
        "Operating Income": 12,
        "EBIT": NaN,
        "Net Income": 9
    },
    "2019-09-30": {
        "Diluted EPS": 0.58,
        "Total Revenue": 34,
        "Gross Profit": 30,
        "Operating Income": 12,
        "EBIT": NaN,
        "Net Income": 9
    },
    "2019-06-30": {
        "Diluted EPS": 0.57,
        "Total Revenue": 34,
        "Gross Profit": 30,
        "Operating Income": 12,
        "EBIT": NaN,
        "Net Income": 9
    },
    "2019-03-31": {
        "Diluted EPS": 0.58,
        "Total Revenue": 33,
        "Gross Profit": 30,
        "Operating Income": 12,
        "EBIT": NaN,
        "Net Income": 9
    },
    "2018-12-31": {
        "Diluted EPS": 0.5,
        "Total Revenue": 32,
        "Gross Profit": 29,
        "Operating Income": 11,
        "EBIT": NaN,
        "Net Income": 8
    },
    "2018-09-30": {
        "Diluted EPS": 0.46,
        "Total Revenue": 32,
        "Gross Profit": 29,
        "Operating Income": 9,
        "EBIT": NaN,
        "Net Income": 7
    },
    "2018-06-30": {
        "Diluted EPS": 0.52,
        "Total Revenue": 30,
        "Gross Profit": 28,
        "Operating Income": 11,
        "EBIT": NaN,
        "Net Income": 8
    },
    "2018-03-31": {
        "Diluted EPS": 0.44,
        "Total Revenue": 29,
        "Gross Profit": 27,
        "Operating Income": 9,
        "EBIT": NaN,
        "Net Income": 7
    },
    "2017-12-31": {
        "Diluted EPS": 0.26,
        "Total Revenue": 30,
        "Gross Profit": 28,
        "Operating Income": 12,
        "EBIT": NaN,
        "Net Income": 4
    },
    "2017-09-30": {
        "Diluted EPS": 0.41,
        "Total Revenue": 26,
        "Gross Profit": 24,
        "Operating Income": 9,
        "EBIT": NaN,
        "Net Income": 6
    },
    "2017-06-30": {
        "Diluted EPS": 0.37,
        "Total Revenue": 24,
        "Gross Profit": 23,
        "Operating Income": 8,
        "EBIT": NaN,
        "Net Income": 5
    },
    "2017-03-31": {
        "Diluted EPS": 0.32,
        "Total Revenue": 23,
        "Gross Profit": 22,
        "Operating Income": 6,
        "EBIT": NaN,
        "Net Income": 5
    },
    "2016-12-31": {
        "Diluted EPS": 0.4,
        "Total Revenue": 24,
        "Gross Profit": 23,
        "Operating Income": 11,
        "EBIT": NaN,
        "Net Income": 6
    },
    "2016-09-30": {
        "Diluted EPS": 0.28,
        "Total Revenue": 23,
        "Gross Profit": 22,
        "Operating Income": 6,
        "EBIT": NaN,
        "Net Income": 4
    },
    "2016-06-30": {
        "Diluted EPS": 0.31,
        "Total Revenue": 21,
        "Gross Profit": 20,
        "Operating Income": 6,
        "EBIT": NaN,
        "Net Income": 4
    },
    "2016-03-31": {
        "Diluted EPS": 0.3,
        "Total Revenue": 20,
        "Gross Profit": 20,
        "Operating Income": 6,
        "EBIT": NaN,
        "Net Income": 4
    },
    "2015-12-31": {
        "Diluted EPS": 0.4,
        "Total Revenue": 21,
        "Gross Profit": 20,
        "Operating Income": 8,
        "EBIT": NaN,
        "Net Income": 5
    },
    "2015-09-30": {
        "Diluted EPS": 0.33,
        "Total Revenue": 20,
        "Gross Profit": 19,
        "Operating Income": 7,
        "EBIT": NaN,
        "Net Income": 4
    },
    "2015-06-30": {
        "Diluted EPS": 0.33,
        "Total Revenue": 20,
        "Gross Profit": 20,
        "Operating Income": 7,
        "EBIT": NaN,
        "Net Income": 5
    },
    "2015-03-31": {
        "Diluted EPS": 0.27,
        "Total Revenue": 19,
        "Gross Profit": 19,
        "Operating Income": 5,
        "EBIT": NaN,
        "Net Income": 4
    },
    "2014-12-31": {
        "Diluted EPS": 0.27,
        "Total Revenue": 19,
        "Gross Profit": 18,
        "Operating Income": 7,
        "EBIT": NaN,
        "Net Income": 4
    },
    "2014-09-30": {
        "Diluted EPS": 0.25,
        "Total Revenue": 18,
        "Gross Profit": 17,
        "Operating Income": 5,
        "EBIT": NaN,
        "Net Income": 4
    },
    "2014-06-30": {
        "Diluted EPS": 0.3,
        "Total Revenue": 18,
        "Gross Profit": 17,
        "Operating Income": 6,
        "EBIT": NaN,
        "Net Income": 4
    },
    "2014-03-31": {
        "Diluted EPS": 0.26,
        "Total Revenue": 17,
        "Gross Profit": 16,
        "Operating Income": 5,
        "EBIT": NaN,
        "Net Income": 4
    },
    "2013-12-31": {
        "Diluted EPS": 0.28,
        "Total Revenue": 18,
        "Gross Profit": 17,
        "Operating Income": 5,
        "EBIT": NaN,
        "Net Income": 4
    },
    "2013-09-30": {
        "Diluted EPS": 0.23,
        "Total Revenue": 17,
        "Gross Profit": 16,
        "Operating Income": 4,
        "EBIT": NaN,
        "Net Income": 3
    },
    "2013-06-30": {
        "Diluted EPS": 0.27,
        "Total Revenue": 17,
        "Gross Profit": 16,
        "Operating Income": 5,
        "EBIT": NaN,
        "Net Income": 4
    },
    "2013-03-31": {
        "Diluted EPS": 0.16,
        "Total Revenue": 17,
        "Gross Profit": 16,
        "Operating Income": 3,
        "EBIT": NaN,
        "Net Income": 2
    },
    "2012-12-31": {
        "Diluted EPS": 0.15,
        "Total Revenue": 19,
        "Gross Profit": 18,
        "Operating Income": 2,
        "EBIT": NaN,
        "Net Income": 2
    },
    "2012-09-30": {
        "Diluted EPS": 0.12,
        "Total Revenue": 19,
        "Gross Profit": 18,
        "Operating Income": 1,
        "EBIT": NaN,
        "Net Income": 2
    },
    "2012-06-30": {
        "Diluted EPS": 0.18,
        "Total Revenue": 18,
        "Gross Profit": 17,
        "Operating Income": 3,
        "EBIT": NaN,
        "Net Income": 3
    },
    "2012-03-31": {
        "Diluted EPS": 0.13,
        "Total Revenue": 18,
        "Gross Profit": 17,
        "Operating Income": 2,
        "EBIT": NaN,
        "Net Income": 2
    },
    "2011-12-31": {
        "Diluted EPS": 0.1,
        "Total Revenue": 19,
        "Gross Profit": 18,
        "Operating Income": 1,
        "EBIT": NaN,
        "Net Income": 2
    },
    "2011-09-30": {
        "Diluted EPS": 0.18,
        "Total Revenue": 18,
        "Gross Profit": 17,
        "Operating Income": 3,
        "EBIT": NaN,
        "Net Income": 3
    },
    "2011-06-30": {
        "Diluted EPS": 0.16,
        "Total Revenue": 18,
        "Gross Profit": 17,
        "Operating Income": 2,
        "EBIT": NaN,
        "Net Income": 2
    },
    "2011-03-31": {
        "Diluted EPS": 0.11,
        "Total Revenue": 18,
        "Gross Profit": 17,
        "Operating Income": 1,
        "EBIT": NaN,
        "Net Income": 2
    },
    "2010-12-31": {
        "Diluted EPS": 0.1,
        "Total Revenue": 20,
        "Gross Profit": 18,
        "Operating Income": 1,
        "EBIT": NaN,
        "Net Income": 2
    },
    "2010-09-30": {
        "Diluted EPS": 0.08,
        "Total Revenue": 23,
        "Gross Profit": 21,
        "Operating Income": 0,
        "EBIT": NaN,
        "Net Income": 1
    },
    "2010-06-30": {
        "Diluted EPS": 0.22,
        "Total Revenue": 20,
        "Gross Profit": 18,
        "Operating Income": 3,
        "EBIT": NaN,
        "Net Income": 3
    },
    "2010-03-31": {
        "Diluted EPS": 0.2,
        "Total Revenue": 20,
        "Gross Profit": 18,
        "Operating Income": 3,
        "EBIT": NaN,
        "Net Income": 2
    },
    "2009-12-31": {
        "Diluted EPS": 0.3,
        "Total Revenue": 22,
        "Gross Profit": 19,
        "Operating Income": 4,
        "EBIT": NaN,
        "Net Income": 4
    },
    "2009-09-30": {
        "Diluted EPS": 0.01,
        "Total Revenue": 23,
        "Gross Profit": 20,
        "Operating Income": -1,
        "EBIT": NaN,
        "Net Income": 0
    },
    "2009-06-30": {
        "Diluted EPS": 0.27,
        "Total Revenue": 22,
        "Gross Profit": 19,
        "Operating Income": 3,
        "EBIT": NaN,
        "Net Income": 3
    },
    "2009-03-31": {
        "Diluted EPS": 0.28,
        "Total Revenue": 21,
        "Gross Profit": 17,
        "Operating Income": 3,
        "EBIT": NaN,
        "Net Income": 3
    },
    "2023-09-30": {
        "Tax Effect Of Unusual Items": NaN,
        "Tax Rate For Calcs": NaN,
        "Net Income From Continuing Operation Net Minority Interest": NaN,
        "Reconciled Depreciation": NaN,
        "Net Interest Income": NaN,
        "Interest Expense": NaN,
        "Interest Income": NaN,
        "Normalized Income": NaN,
        "Net Income From Continuing And Discontinued Operation": NaN,
        "Diluted Average Shares": 14636477.0,
        "Basic Average Shares": 14583132.0,
        "Diluted EPS": 0.68,
        "Basic EPS": 0.68,
        "Diluted NI Availto Com Stockholders": NaN,
        "Net Income Common Stockholders": NaN,
        "Net Income": NaN,
        "Net Income Including Noncontrolling Interests": NaN,
        "Net Income Continuous Operations": NaN,
        "Tax Provision": NaN,
        "Pretax Income": NaN,
        "Gain On Sale Of Security": NaN,
        "Selling General And Administration": NaN,
        "Selling And Marketing Expense": NaN,
        "General And Administrative Expense": NaN,
        "Salaries And Wages": NaN,
        "Total Revenue": NaN,
        "Operating Revenue": NaN,
        "Occupancy And Equipment": NaN,
        "Professional Expense And Contract Services Expense": NaN,
        "Other Non Interest Expense": NaN
    },
    "2023-12-31": {
        "Tax Effect Of Unusual Items": 0.0,
        "Tax Rate For Calcs": 0.237974,
        "Net Income From Continuing Operation Net Minority Interest": 6289000.0,
        "Reconciled Depreciation": 788000.0,
        "Net Interest Income": 27870000.0,
        "Interest Expense": 14573000.0,
        "Interest Income": 42443000.0,
        "Normalized Income": 6289000.0,
        "Net Income From Continuing And Discontinued Operation": 6289000.0,
        "Diluted Average Shares": 14588027.0,
        "Basic Average Shares": 14539701.0,
        "Diluted EPS": 0.43,
        "Basic EPS": 0.43,
        "Diluted NI Availto Com Stockholders": 6289000.0,
        "Net Income Common Stockholders": 6289000.0,
        "Net Income": 6289000.0,
        "Net Income Including Noncontrolling Interests": 6289000.0,
        "Net Income Continuous Operations": 6289000.0,
        "Tax Provision": 1964000.0,
        "Pretax Income": 8253000.0,
        "Gain On Sale Of Security": -14104000.0,
        "Selling General And Administration": 12246000.0,
        "Selling And Marketing Expense": 569000.0,
        "General And Administrative Expense": 11677000.0,
        "Salaries And Wages": 11677000.0,
        "Total Revenue": 18328000.0,
        "Operating Revenue": 18328000.0,
        "Occupancy And Equipment": 2909000.0,
        "Professional Expense And Contract Services Expense": 1617000.0,
        "Other Non Interest Expense": 5049000.0
    },
    "2024-03-31": {
        "Tax Effect Of Unusual Items": 0.0,
        "Tax Rate For Calcs": 0.262625,
        "Net Income From Continuing Operation Net Minority Interest": 9330000.0,
        "Reconciled Depreciation": 753000.0,
        "Net Interest Income": 28717000.0,
        "Interest Expense": 12244000.0,
        "Interest Income": 40961000.0,
        "Normalized Income": 9330000.0,
        "Net Income From Continuing And Discontinued Operation": 9330000.0,
        "Diluted Average Shares": 14553627.0,
        "Basic Average Shares": 14508468.0,
        "Diluted EPS": 0.64,
        "Basic EPS": 0.64,
        "Diluted NI Availto Com Stockholders": 9330000.0,
        "Net Income Common Stockholders": 9330000.0,
        "Net Income": 9330000.0,
        "Net Income Including Noncontrolling Interests": 9330000.0,
        "Net Income Continuous Operations": 9330000.0,
        "Tax Provision": 3323000.0,
        "Pretax Income": 12653000.0,
        "Gain On Sale Of Security": -3128000.0,
        "Selling General And Administration": 14794000.0,
        "Selling And Marketing Expense": 343000.0,
        "General And Administrative Expense": 14451000.0,
        "Salaries And Wages": 14451000.0,
        "Total Revenue": 35022000.0,
        "Operating Revenue": 35022000.0,
        "Occupancy And Equipment": 3025000.0,
        "Professional Expense And Contract Services Expense": 1524000.0,
        "Other Non Interest Expense": 2899000.0
    },
    "2024-06-30": {
        "Tax Effect Of Unusual Items": 0.0,
        "Tax Rate For Calcs": 0.27761,
        "Net Income From Continuing Operation Net Minority Interest": 10263000.0,
        "Reconciled Depreciation": 742000.0,
        "Net Interest Income": 30170000.0,
        "Interest Expense": 13325000.0,
        "Interest Income": 43495000.0,
        "Normalized Income": 10263000.0,
        "Net Income From Continuing And Discontinued Operation": 10263000.0,
        "Diluted Average Shares": 14381426.0,
        "Basic Average Shares": 14300267.0,
        "Diluted EPS": 0.71,
        "Basic EPS": 0.72,
        "Diluted NI Availto Com Stockholders": 10263000.0,
        "Net Income Common Stockholders": 10263000.0,
        "Net Income": 10263000.0,
        "Net Income Including Noncontrolling Interests": 10263000.0,
        "Net Income Continuous Operations": 10263000.0,
        "Tax Provision": 3944000.0,
        "Pretax Income": 14207000.0,
        "Gain On Sale Of Security": 320000.0,
        "Selling General And Administration": 13013000.0,
        "Selling And Marketing Expense": 338000.0,
        "General And Administrative Expense": 12675000.0,
        "Salaries And Wages": 12675000.0,
        "Total Revenue": 35692000.0,
        "Operating Revenue": 35692000.0,
        "Occupancy And Equipment": 3152000.0,
        "Professional Expense And Contract Services Expense": 1296000.0,
        "Other Non Interest Expense": 3123000.0
    },
    "2024-09-30": {
        "Tax Effect Of Unusual Items": 0.0,
        "Tax Rate For Calcs": 0.264192,
        "Net Income From Continuing Operation Net Minority Interest": 10603000.0,
        "Reconciled Depreciation": 705000.0,
        "Net Interest Income": 30790000.0,
        "Interest Expense": 14008000.0,
        "Interest Income": 44798000.0,
        "Normalized Income": 10603000.0,
        "Net Income From Continuing And Discontinued Operation": 10603000.0,
        "Diluted Average Shares": NaN,
        "Basic Average Shares": NaN,
        "Diluted EPS": NaN,
        "Basic EPS": NaN,
        "Diluted NI Availto Com Stockholders": 10603000.0,
        "Net Income Common Stockholders": 10603000.0,
        "Net Income": 10603000.0,
        "Net Income Including Noncontrolling Interests": 10603000.0,
        "Net Income Continuous Operations": 10603000.0,
        "Tax Provision": 3807000.0,
        "Pretax Income": 14410000.0,
        "Gain On Sale Of Security": 74000.0,
        "Selling General And Administration": 13245000.0,
        "Selling And Marketing Expense": 381000.0,
        "General And Administrative Expense": 12864000.0,
        "Salaries And Wages": 12864000.0,
        "Total Revenue": 36246000.0,
        "Operating Revenue": 36246000.0,
        "Occupancy And Equipment": 2995000.0,
        "Professional Expense And Contract Services Expense": 1322000.0,
        "Other Non Interest Expense": 2914000.0
    },
    "2024-12-31": {
        "Tax Effect Of Unusual Items": 0.0,
        "Tax Rate For Calcs": 0.17733,
        "Net Income From Continuing Operation Net Minority Interest": 10364000.0,
        "Reconciled Depreciation": 681000.0,
        "Net Interest Income": 30353000.0,
        "Interest Expense": 12742000.0,
        "Interest Income": 43095000.0,
        "Normalized Income": 10364000.0,
        "Net Income From Continuing And Discontinued Operation": 10364000.0,
        "Diluted Average Shares": 14299618.0,
        "Basic Average Shares": 14169467.0,
        "Diluted EPS": 0.72,
        "Basic EPS": 0.73,
        "Diluted NI Availto Com Stockholders": 10364000.0,
        "Net Income Common Stockholders": 10364000.0,
        "Net Income": 10364000.0,
        "Net Income Including Noncontrolling Interests": 10364000.0,
        "Net Income Continuous Operations": 10364000.0,
        "Tax Provision": 2234000.0,
        "Pretax Income": 12598000.0,
        "Gain On Sale Of Security": -819000.0,
        "Selling General And Administration": 10709000.0,
        "Selling And Marketing Expense": 361000.0,
        "General And Administrative Expense": 10348000.0,
        "Salaries And Wages": 10348000.0,
        "Total Revenue": 31862000.0,
        "Operating Revenue": 31862000.0,
        "Occupancy And Equipment": 3201000.0,
        "Professional Expense And Contract Services Expense": 2015000.0,
        "Other Non Interest Expense": 4717000.0
    },
    "2025-03-31": {
        "Tax Effect Of Unusual Items": 0.0,
        "Tax Rate For Calcs": 0.258,
        "Net Income From Continuing Operation Net Minority Interest": 9101000.0,
        "Reconciled Depreciation": 683000.0,
        "Net Interest Income": 30112000.0,
        "Interest Expense": 11341000.0,
        "Interest Income": 41453000.0,
        "Normalized Income": 9101000.0,
        "Net Income From Continuing And Discontinued Operation": 9101000.0,
        "Diluted Average Shares": 13916341.0,
        "Basic Average Shares": 13820008.0,
        "Diluted EPS": 0.65,
        "Basic EPS": 0.66,
        "Diluted NI Availto Com Stockholders": 9101000.0,
        "Net Income Common Stockholders": 9101000.0,
        "Net Income": 9101000.0,
        "Net Income Including Noncontrolling Interests": 9101000.0,
        "Net Income Continuous Operations": 9101000.0,
        "Tax Provision": 3165000.0,
        "Pretax Income": 12266000.0,
        "Gain On Sale Of Security": 122000.0,
        "Selling General And Administration": 13217000.0,
        "Selling And Marketing Expense": 348000.0,
        "General And Administrative Expense": 12869000.0,
        "Salaries And Wages": 12869000.0,
        "Total Revenue": 34625000.0,
        "Operating Revenue": 34625000.0,
        "Occupancy And Equipment": 2978000.0,
        "Professional Expense And Contract Services Expense": 1357000.0,
        "Other Non Interest Expense": 2736000.0
    },
    "2025-06-30": {
        "Tax Effect Of Unusual Items": 0.0,
        "Tax Rate For Calcs": 0.253248,
        "Net Income From Continuing Operation Net Minority Interest": 10633000.0,
        "Reconciled Depreciation": 691000.0,
        "Net Interest Income": 30653000.0,
        "Interest Expense": 12064000.0,
        "Interest Income": 42717000.0,
        "Normalized Income": 10633000.0,
        "Net Income From Continuing And Discontinued Operation": 10633000.0,
        "Diluted Average Shares": 13637252.0,
        "Basic Average Shares": 13563910.0,
        "Diluted EPS": 0.78,
        "Basic EPS": 0.78,
        "Diluted NI Availto Com Stockholders": 10633000.0,
        "Net Income Common Stockholders": 10633000.0,
        "Net Income": 10633000.0,
        "Net Income Including Noncontrolling Interests": 10633000.0,
        "Net Income Continuous Operations": 10633000.0,
        "Tax Provision": 3606000.0,
        "Pretax Income": 14239000.0,
        "Gain On Sale Of Security": 318000.0,
        "Selling General And Administration": 14206000.0,
        "Selling And Marketing Expense": 405000.0,
        "General And Administrative Expense": 13801000.0,
        "Salaries And Wages": 13801000.0,
        "Total Revenue": 36975000.0,
        "Operating Revenue": 36975000.0,
        "Occupancy And Equipment": 3142000.0,
        "Professional Expense And Contract Services Expense": 1130000.0,
        "Other Non Interest Expense": 3058000.0
    },
    "2025-09-30": {
        "Tax Effect Of Unusual Items": 0.0,
        "Tax Rate For Calcs": 0.236419,
        "Net Income From Continuing Operation Net Minority Interest": 9699000.0,
        "Reconciled Depreciation": 679000.0,
        "Net Interest Income": 31968000.0,
        "Interest Expense": 11969000.0,
        "Interest Income": 43937000.0,
        "Normalized Income": 9699000.0,
        "Net Income From Continuing And Discontinued Operation": 9699000.0,
        "Diluted Average Shares": 14331032.0,
        "Basic Average Shares": 13361594.0,
        "Diluted EPS": 0.72,
        "Basic EPS": 0.73,
        "Diluted NI Availto Com Stockholders": 9699000.0,
        "Net Income Common Stockholders": 9699000.0,
        "Net Income": 9699000.0,
        "Net Income Including Noncontrolling Interests": 9699000.0,
        "Net Income Continuous Operations": 9699000.0,
        "Tax Provision": 3003000.0,
        "Pretax Income": 12702000.0,
        "Gain On Sale Of Security": 0.0,
        "Selling General And Administration": 14000000.0,
        "Selling And Marketing Expense": 403000.0,
        "General And Administrative Expense": 13597000.0,
        "Salaries And Wages": 13597000.0,
        "Total Revenue": 37719000.0,
        "Operating Revenue": 37719000.0,
        "Occupancy And Equipment": 3234000.0,
        "Professional Expense And Contract Services Expense": 1404000.0,
        "Other Non Interest Expense": 2690000.0
    },
    "2025-12-31": {
        "Tax Effect Of Unusual Items": NaN,
        "Tax Rate For Calcs": NaN,
        "Net Income From Continuing Operation Net Minority Interest": NaN,
        "Reconciled Depreciation": NaN,
        "Net Interest Income": NaN,
        "Interest Expense": NaN,
        "Interest Income": NaN,
        "Normalized Income": NaN,
        "Net Income From Continuing And Discontinued Operation": NaN,
        "Diluted Average Shares": 13350518.0,
        "Basic Average Shares": 13251040.0,
        "Diluted EPS": 0.97,
        "Basic EPS": 0.97,
        "Diluted NI Availto Com Stockholders": NaN,
        "Net Income Common Stockholders": NaN,
        "Net Income": NaN,
        "Net Income Including Noncontrolling Interests": NaN,
        "Net Income Continuous Operations": NaN,
        "Tax Provision": NaN,
        "Pretax Income": NaN,
        "Gain On Sale Of Security": NaN,
        "Selling General And Administration": NaN,
        "Selling And Marketing Expense": NaN,
        "General And Administrative Expense": NaN,
        "Salaries And Wages": NaN,
        "Total Revenue": NaN,
        "Operating Revenue": NaN,
        "Occupancy And Equipment": NaN,
        "Professional Expense And Contract Services Expense": NaN,
        "Other Non Interest Expense": NaN
    }
}