{
    "2023-06-30": {
        "Tax Effect Of Unusual Items": 0.0,
        "Tax Rate For Calcs": 0.24473,
        "Net Income From Continuing Operation Net Minority Interest": 9746000.0,
        "Reconciled Depreciation": 324000.0,
        "Net Interest Income": 20498000.0,
        "Interest Expense": 9544000.0,
        "Interest Income": 30042000.0,
        "Normalized Income": 9746000.0,
        "Net Income From Continuing And Discontinued Operation": 9746000.0,
        "Diluted Average Shares": 9247101.0,
        "Basic Average Shares": 9153077.0,
        "Diluted EPS": 1.05,
        "Basic EPS": 1.06,
        "Diluted NI Availto Com Stockholders": 9746000.0,
        "Net Income Common Stockholders": 9746000.0,
        "Net Income": 9746000.0,
        "Net Income Including Noncontrolling Interests": 9746000.0,
        "Net Income Continuous Operations": 9746000.0,
        "Tax Provision": 3158000.0,
        "Pretax Income": 12904000.0,
        "Gain On Sale Of Security": -7000.0,
        "Selling General And Administration": 4761000.0,
        "Selling And Marketing Expense": 52000.0,
        "General And Administrative Expense": 4709000.0,
        "Salaries And Wages": 4709000.0,
        "Total Revenue": 21292000.0,
        "Operating Revenue": 21292000.0,
        "Occupancy And Equipment": 850000.0,
        "Professional Expense And Contract Services Expense": 179000.0,
        "Other Non Interest Expense": 1587000.0
    },
    "2023-03-31": {
        "Tax Effect Of Unusual Items": 0.0,
        "Tax Rate For Calcs": 0.234746,
        "Net Income From Continuing Operation Net Minority Interest": 9607000.0,
        "Reconciled Depreciation": 326000.0,
        "Net Interest Income": 20006000.0,
        "Interest Expense": 7374000.0,
        "Interest Income": 27380000.0,
        "Normalized Income": 9607000.0,
        "Net Income From Continuing And Discontinued Operation": 9607000.0,
        "Diluted Average Shares": 9264247.0,
        "Basic Average Shares": 9146932.0,
        "Diluted EPS": 1.04,
        "Basic EPS": 1.05,
        "Diluted NI Availto Com Stockholders": 9607000.0,
        "Net Income Common Stockholders": 9607000.0,
        "Net Income": 9607000.0,
        "Net Income Including Noncontrolling Interests": 9607000.0,
        "Net Income Continuous Operations": 9607000.0,
        "Tax Provision": 2947000.0,
        "Pretax Income": 12554000.0,
        "Gain On Sale Of Security": -1000.0,
        "Selling General And Administration": 4828000.0,
        "Selling And Marketing Expense": 148000.0,
        "General And Administrative Expense": 4680000.0,
        "Salaries And Wages": 4680000.0,
        "Total Revenue": 20678000.0,
        "Operating Revenue": 20678000.0,
        "Occupancy And Equipment": 968000.0,
        "Professional Expense And Contract Services Expense": 298000.0,
        "Other Non Interest Expense": 1555000.0
    },
    "2022-12-31": {
        "Tax Effect Of Unusual Items": 0.0,
        "Tax Rate For Calcs": 0.261662,
        "Net Income From Continuing Operation Net Minority Interest": 8389000.0,
        "Reconciled Depreciation": 343000.0,
        "Net Interest Income": 20380000.0,
        "Interest Expense": 5081000.0,
        "Interest Income": 25461000.0,
        "Normalized Income": 8389000.0,
        "Net Income From Continuing And Discontinued Operation": 8389000.0,
        "Diluted Average Shares": 9232333.0,
        "Basic Average Shares": 9118728.0,
        "Diluted EPS": 0.91,
        "Basic EPS": 0.92,
        "Diluted NI Availto Com Stockholders": 8389000.0,
        "Net Income Common Stockholders": 8389000.0,
        "Net Income": 8389000.0,
        "Net Income Including Noncontrolling Interests": 8389000.0,
        "Net Income Continuous Operations": 8389000.0,
        "Tax Provision": 2973000.0,
        "Pretax Income": 11362000.0,
        "Gain On Sale Of Security": 0.0,
        "Selling General And Administration": 5055000.0,
        "Selling And Marketing Expense": 163000.0,
        "General And Administrative Expense": 4892000.0,
        "Salaries And Wages": 4892000.0,
        "Total Revenue": 21112000.0,
        "Operating Revenue": 21112000.0
    },
    "2022-09-30": {
        "Tax Effect Of Unusual Items": 0.0,
        "Tax Rate For Calcs": 0.227124,
        "Net Income From Continuing Operation Net Minority Interest": 8041000.0,
        "Reconciled Depreciation": 351000.0,
        "Net Interest Income": 19045000.0,
        "Interest Expense": 2646000.0,
        "Interest Income": 21691000.0,
        "Normalized Income": 8041000.0,
        "Net Income From Continuing And Discontinued Operation": 8041000.0,
        "Diluted Average Shares": 9208850.0,
        "Basic Average Shares": 9100789.0,
        "Diluted EPS": 0.87,
        "Basic EPS": 0.88,
        "Diluted NI Availto Com Stockholders": 8041000.0,
        "Net Income Common Stockholders": 8041000.0,
        "Net Income": 8041000.0,
        "Net Income Including Noncontrolling Interests": 8041000.0,
        "Net Income Continuous Operations": 8041000.0,
        "Tax Provision": 2363000.0,
        "Pretax Income": 10404000.0,
        "Gain On Sale Of Security": 124000.0,
        "Selling General And Administration": 4079000.0,
        "Selling And Marketing Expense": 83000.0,
        "General And Administrative Expense": 3996000.0,
        "Other Gand A": 1167000.0,
        "Salaries And Wages": 3996000.0,
        "Total Revenue": 19885000.0,
        "Operating Revenue": 19885000.0
    },
    "2022-06-30": {
        "Tax Effect Of Unusual Items": 0.0,
        "Tax Rate For Calcs": 0.245,
        "Net Income From Continuing Operation Net Minority Interest": 7017000.0,
        "Reconciled Depreciation": 347000.0,
        "Net Interest Income": 15794000.0,
        "Interest Expense": 878000.0,
        "Interest Income": 16672000.0,
        "Normalized Income": 7017000.0,
        "Net Income From Continuing And Discontinued Operation": 7017000.0,
        "Diluted Average Shares": 9194923.0,
        "Basic Average Shares": 9097280.0,
        "Diluted EPS": 0.76,
        "Basic EPS": 0.77,
        "Diluted NI Availto Com Stockholders": 7017000.0,
        "Net Income Common Stockholders": 7017000.0,
        "Net Income": 7017000.0,
        "Net Income Including Noncontrolling Interests": 7017000.0,
        "Net Income Continuous Operations": 7017000.0,
        "Tax Provision": 2280000.0,
        "Pretax Income": 9297000.0,
        "Gain On Sale Of Security": 105000.0,
        "Selling General And Administration": 4247000.0,
        "Selling And Marketing Expense": 121000.0,
        "General And Administrative Expense": 4126000.0,
        "Other Gand A": 859000.0,
        "Salaries And Wages": 4126000.0,
        "Total Revenue": 16479000.0,
        "Operating Revenue": 16479000.0
    },
    "2022-03-31": {
        "Diluted EPS": 0.67,
        "Total Revenue": 16,
        "Gross Profit": 15,
        "Operating Income": 8,
        "EBIT": NaN,
        "Net Income": 6
    },
    "2021-12-31": {
        "Diluted EPS": 0.63,
        "Total Revenue": 15,
        "Gross Profit": 15,
        "Operating Income": 8,
        "EBIT": NaN,
        "Net Income": 6
    },
    "2021-09-30": {
        "Diluted EPS": 0.69,
        "Total Revenue": 15,
        "Gross Profit": 14,
        "Operating Income": 8,
        "EBIT": NaN,
        "Net Income": 6
    },
    "2021-06-30": {
        "Diluted EPS": 0.67,
        "Total Revenue": 15,
        "Gross Profit": 14,
        "Operating Income": 8,
        "EBIT": NaN,
        "Net Income": 6
    },
    "2021-03-31": {
        "Diluted EPS": 0.56,
        "Total Revenue": 14,
        "Gross Profit": 13,
        "Operating Income": 7,
        "EBIT": NaN,
        "Net Income": 5
    },
    "2020-12-31": {
        "Diluted EPS": 0.52,
        "Total Revenue": 14,
        "Gross Profit": 13,
        "Operating Income": 6,
        "EBIT": NaN,
        "Net Income": 5
    },
    "2020-09-30": {
        "Diluted EPS": 0.48,
        "Total Revenue": 13,
        "Gross Profit": 12,
        "Operating Income": 6,
        "EBIT": NaN,
        "Net Income": 4
    },
    "2020-06-30": {
        "Diluted EPS": 0.54,
        "Total Revenue": 14,
        "Gross Profit": 12,
        "Operating Income": 7,
        "EBIT": NaN,
        "Net Income": 5
    },
    "2020-03-31": {
        "Diluted EPS": 0.51,
        "Total Revenue": 14,
        "Gross Profit": 12,
        "Operating Income": 7,
        "EBIT": NaN,
        "Net Income": 5
    },
    "2019-12-31": {
        "Diluted EPS": 0.45,
        "Total Revenue": 13,
        "Gross Profit": 11,
        "Operating Income": 6,
        "EBIT": NaN,
        "Net Income": 5
    },
    "2019-09-30": {
        "Diluted EPS": -0.64,
        "Total Revenue": 14,
        "Gross Profit": 11,
        "Operating Income": -5,
        "EBIT": NaN,
        "Net Income": -7
    },
    "2019-06-30": {
        "Diluted EPS": 0.5,
        "Total Revenue": 13,
        "Gross Profit": 11,
        "Operating Income": 7,
        "EBIT": NaN,
        "Net Income": 5
    },
    "2019-03-31": {
        "Diluted EPS": 0.5,
        "Total Revenue": 13,
        "Gross Profit": 11,
        "Operating Income": 7,
        "EBIT": NaN,
        "Net Income": 5
    },
    "2018-12-31": {
        "Diluted EPS": 0.41,
        "Total Revenue": 13,
        "Gross Profit": 11,
        "Operating Income": 7,
        "EBIT": NaN,
        "Net Income": 6
    },
    "2018-09-30": {
        "Diluted EPS": 0.87,
        "Total Revenue": 12,
        "Gross Profit": 10,
        "Operating Income": 6,
        "EBIT": NaN,
        "Net Income": 7
    },
    "2018-06-30": {
        "Diluted EPS": 0.88,
        "Total Revenue": 12,
        "Gross Profit": 10,
        "Operating Income": 6,
        "EBIT": NaN,
        "Net Income": 6
    },
    "2018-03-31": {
        "Diluted EPS": 0.87,
        "Total Revenue": 12,
        "Gross Profit": 10,
        "Operating Income": 6,
        "EBIT": NaN,
        "Net Income": 6
    },
    "2017-12-31": {
        "Diluted EPS": 0.0,
        "Total Revenue": NaN,
        "Gross Profit": NaN,
        "Operating Income": NaN,
        "EBIT": NaN,
        "Net Income": NaN
    },
    "2017-09-30": {
        "Diluted EPS": 0.82,
        "Total Revenue": 11,
        "Gross Profit": 10,
        "Operating Income": 6,
        "EBIT": NaN,
        "Net Income": 6
    },
    "2017-06-30": {
        "Diluted EPS": 0.92,
        "Total Revenue": 12,
        "Gross Profit": 11,
        "Operating Income": 7,
        "EBIT": NaN,
        "Net Income": 7
    },
    "2016-12-31": {
        "Diluted EPS": 0.0,
        "Total Revenue": NaN,
        "Gross Profit": NaN,
        "Operating Income": NaN,
        "EBIT": NaN,
        "Net Income": NaN
    },
    "2023-09-30": {
        "Tax Effect Of Unusual Items": NaN,
        "Tax Rate For Calcs": NaN,
        "Net Income From Continuing Operation Net Minority Interest": NaN,
        "Reconciled Depreciation": NaN,
        "Net Interest Income": NaN,
        "Interest Expense": NaN,
        "Interest Income": NaN,
        "Normalized Income": NaN,
        "Net Income From Continuing And Discontinued Operation": NaN,
        "Diluted Average Shares": 9273595.0,
        "Basic Average Shares": 9158027.0,
        "Diluted EPS": 0.85,
        "Basic EPS": 0.86,
        "Diluted NI Availto Com Stockholders": NaN,
        "Net Income Common Stockholders": NaN,
        "Net Income": NaN,
        "Net Income Including Noncontrolling Interests": NaN,
        "Net Income Continuous Operations": NaN,
        "Tax Provision": NaN,
        "Pretax Income": NaN,
        "Gain On Sale Of Security": NaN,
        "Selling General And Administration": NaN,
        "Selling And Marketing Expense": NaN,
        "General And Administrative Expense": NaN,
        "Salaries And Wages": NaN,
        "Total Revenue": NaN,
        "Operating Revenue": NaN,
        "Occupancy And Equipment": NaN,
        "Professional Expense And Contract Services Expense": NaN,
        "Other Non Interest Expense": NaN
    },
    "2023-12-31": {
        "Tax Effect Of Unusual Items": NaN,
        "Tax Rate For Calcs": NaN,
        "Net Income From Continuing Operation Net Minority Interest": NaN,
        "Reconciled Depreciation": NaN,
        "Net Interest Income": NaN,
        "Interest Expense": NaN,
        "Interest Income": NaN,
        "Normalized Income": NaN,
        "Net Income From Continuing And Discontinued Operation": NaN,
        "Diluted Average Shares": NaN,
        "Basic Average Shares": NaN,
        "Diluted EPS": NaN,
        "Basic EPS": NaN,
        "Diluted NI Availto Com Stockholders": NaN,
        "Net Income Common Stockholders": NaN,
        "Net Income": NaN,
        "Net Income Including Noncontrolling Interests": NaN,
        "Net Income Continuous Operations": NaN,
        "Tax Provision": NaN,
        "Pretax Income": NaN,
        "Gain On Sale Of Security": -1000.0,
        "Selling General And Administration": NaN,
        "Selling And Marketing Expense": NaN,
        "General And Administrative Expense": NaN,
        "Salaries And Wages": NaN,
        "Total Revenue": NaN,
        "Operating Revenue": NaN,
        "Occupancy And Equipment": NaN,
        "Professional Expense And Contract Services Expense": NaN,
        "Other Non Interest Expense": NaN
    },
    "2024-03-31": {
        "Tax Effect Of Unusual Items": NaN,
        "Tax Rate For Calcs": NaN,
        "Net Income From Continuing Operation Net Minority Interest": NaN,
        "Reconciled Depreciation": NaN,
        "Net Interest Income": NaN,
        "Interest Expense": NaN,
        "Interest Income": NaN,
        "Normalized Income": NaN,
        "Net Income From Continuing And Discontinued Operation": NaN,
        "Diluted Average Shares": NaN,
        "Basic Average Shares": NaN,
        "Diluted EPS": NaN,
        "Basic EPS": NaN,
        "Diluted NI Availto Com Stockholders": NaN,
        "Net Income Common Stockholders": NaN,
        "Net Income": NaN,
        "Net Income Including Noncontrolling Interests": NaN,
        "Net Income Continuous Operations": NaN,
        "Tax Provision": NaN,
        "Pretax Income": NaN,
        "Gain On Sale Of Security": 0.0,
        "Selling General And Administration": NaN,
        "Selling And Marketing Expense": NaN,
        "General And Administrative Expense": NaN,
        "Salaries And Wages": NaN,
        "Total Revenue": NaN,
        "Operating Revenue": NaN,
        "Occupancy And Equipment": NaN,
        "Professional Expense And Contract Services Expense": NaN,
        "Other Non Interest Expense": NaN
    },
    "2024-06-30": {
        "Tax Effect Of Unusual Items": 0.0,
        "Tax Rate For Calcs": 0.244576,
        "Net Income From Continuing Operation Net Minority Interest": 11524000.0,
        "Reconciled Depreciation": 262000.0,
        "Net Interest Income": 21232000.0,
        "Interest Expense": 11204000.0,
        "Interest Income": 32436000.0,
        "Normalized Income": 11524000.0,
        "Net Income From Continuing And Discontinued Operation": 11524000.0,
        "Diluted Average Shares": NaN,
        "Basic Average Shares": NaN,
        "Diluted EPS": NaN,
        "Basic EPS": NaN,
        "Diluted NI Availto Com Stockholders": 11524000.0,
        "Net Income Common Stockholders": 11524000.0,
        "Net Income": 11524000.0,
        "Net Income Including Noncontrolling Interests": 11524000.0,
        "Net Income Continuous Operations": 11524000.0,
        "Tax Provision": 3731000.0,
        "Pretax Income": 15255000.0,
        "Gain On Sale Of Security": 0.0,
        "Selling General And Administration": 5201000.0,
        "Selling And Marketing Expense": 83000.0,
        "General And Administrative Expense": 5118000.0,
        "Salaries And Wages": 5118000.0,
        "Total Revenue": 24397000.0,
        "Operating Revenue": 24397000.0,
        "Occupancy And Equipment": 937000.0,
        "Professional Expense And Contract Services Expense": 264000.0,
        "Other Non Interest Expense": 2740000.0
    },
    "2024-09-30": {
        "Tax Effect Of Unusual Items": 0.0,
        "Tax Rate For Calcs": 0.24,
        "Net Income From Continuing Operation Net Minority Interest": 11777000.0,
        "Reconciled Depreciation": 254000.0,
        "Net Interest Income": 21217000.0,
        "Interest Expense": 12271000.0,
        "Interest Income": 33488000.0,
        "Normalized Income": 11777000.0,
        "Net Income From Continuing And Discontinued Operation": 11777000.0,
        "Diluted Average Shares": 9498318.0,
        "Basic Average Shares": 9323622.0,
        "Diluted EPS": 1.24,
        "Basic EPS": 1.26,
        "Diluted NI Availto Com Stockholders": 11777000.0,
        "Net Income Common Stockholders": 11777000.0,
        "Net Income": 11777000.0,
        "Net Income Including Noncontrolling Interests": 11777000.0,
        "Net Income Continuous Operations": 11777000.0,
        "Tax Provision": 3719000.0,
        "Pretax Income": 15496000.0,
        "Gain On Sale Of Security": -4000.0,
        "Selling General And Administration": 5462000.0,
        "Selling And Marketing Expense": 129000.0,
        "General And Administrative Expense": 5333000.0,
        "Salaries And Wages": 5333000.0,
        "Total Revenue": 24894000.0,
        "Operating Revenue": 24894000.0,
        "Occupancy And Equipment": 969000.0,
        "Professional Expense And Contract Services Expense": 218000.0,
        "Other Non Interest Expense": 2749000.0
    },
    "2024-12-31": {
        "Tax Effect Of Unusual Items": 0.0,
        "Tax Rate For Calcs": 0.245313,
        "Net Income From Continuing Operation Net Minority Interest": 11109000.0,
        "Reconciled Depreciation": 246000.0,
        "Net Interest Income": 21737000.0,
        "Interest Expense": 10593000.0,
        "Interest Income": 32330000.0,
        "Normalized Income": 11109000.0,
        "Net Income From Continuing And Discontinued Operation": 11109000.0,
        "Diluted Average Shares": 9556388.0,
        "Basic Average Shares": 9366074.0,
        "Diluted EPS": 1.16,
        "Basic EPS": 1.19,
        "Diluted NI Availto Com Stockholders": 11109000.0,
        "Net Income Common Stockholders": 11109000.0,
        "Net Income": 11109000.0,
        "Net Income Including Noncontrolling Interests": 11109000.0,
        "Net Income Continuous Operations": 11109000.0,
        "Tax Provision": 3611000.0,
        "Pretax Income": 14720000.0,
        "Gain On Sale Of Security": -2000.0,
        "Selling General And Administration": 5234000.0,
        "Selling And Marketing Expense": 191000.0,
        "General And Administrative Expense": 5043000.0,
        "Salaries And Wages": 5043000.0,
        "Total Revenue": 24139000.0,
        "Operating Revenue": 24139000.0,
        "Occupancy And Equipment": 912000.0,
        "Professional Expense And Contract Services Expense": 254000.0,
        "Other Non Interest Expense": 3019000.0
    },
    "2025-03-31": {
        "Tax Effect Of Unusual Items": 0.0,
        "Tax Rate For Calcs": 0.246,
        "Net Income From Continuing Operation Net Minority Interest": 10336000.0,
        "Reconciled Depreciation": 251000.0,
        "Net Interest Income": 20838000.0,
        "Interest Expense": 9600000.0,
        "Interest Income": 30438000.0,
        "Normalized Income": 10336000.0,
        "Net Income From Continuing And Discontinued Operation": 10336000.0,
        "Diluted Average Shares": 9552273.0,
        "Basic Average Shares": 9421534.0,
        "Diluted EPS": 1.08,
        "Basic EPS": 1.1,
        "Diluted NI Availto Com Stockholders": 10336000.0,
        "Net Income Common Stockholders": 10336000.0,
        "Net Income": 10336000.0,
        "Net Income Including Noncontrolling Interests": 10336000.0,
        "Net Income Continuous Operations": 10336000.0,
        "Tax Provision": 3377000.0,
        "Pretax Income": 13713000.0,
        "Gain On Sale Of Security": NaN,
        "Selling General And Administration": 5474000.0,
        "Selling And Marketing Expense": 194000.0,
        "General And Administrative Expense": 5280000.0,
        "Salaries And Wages": 5280000.0,
        "Total Revenue": 22595000.0,
        "Operating Revenue": 22595000.0,
        "Occupancy And Equipment": 842000.0,
        "Professional Expense And Contract Services Expense": 105000.0,
        "Other Non Interest Expense": 2461000.0
    },
    "2025-06-30": {
        "Tax Effect Of Unusual Items": 0.0,
        "Tax Rate For Calcs": 0.244917,
        "Net Income From Continuing Operation Net Minority Interest": 11105000.0,
        "Reconciled Depreciation": 289000.0,
        "Net Interest Income": 21738000.0,
        "Interest Expense": 10043000.0,
        "Interest Income": 31781000.0,
        "Normalized Income": 11105000.0,
        "Net Income From Continuing And Discontinued Operation": 11105000.0,
        "Diluted Average Shares": 9545128.0,
        "Basic Average Shares": 9449152.0,
        "Diluted EPS": 1.16,
        "Basic EPS": 1.18,
        "Diluted NI Availto Com Stockholders": 11105000.0,
        "Net Income Common Stockholders": 11105000.0,
        "Net Income": 11105000.0,
        "Net Income Including Noncontrolling Interests": 11105000.0,
        "Net Income Continuous Operations": 11105000.0,
        "Tax Provision": 3602000.0,
        "Pretax Income": 14707000.0,
        "Gain On Sale Of Security": NaN,
        "Selling General And Administration": 5944000.0,
        "Selling And Marketing Expense": 223000.0,
        "General And Administrative Expense": 5721000.0,
        "Salaries And Wages": 5721000.0,
        "Total Revenue": 24439000.0,
        "Operating Revenue": 24439000.0,
        "Occupancy And Equipment": 991000.0,
        "Professional Expense And Contract Services Expense": 158000.0,
        "Other Non Interest Expense": 2639000.0
    },
    "2025-09-30": {
        "Tax Effect Of Unusual Items": NaN,
        "Tax Rate For Calcs": NaN,
        "Net Income From Continuing Operation Net Minority Interest": NaN,
        "Reconciled Depreciation": NaN,
        "Net Interest Income": NaN,
        "Interest Expense": NaN,
        "Interest Income": NaN,
        "Normalized Income": NaN,
        "Net Income From Continuing And Discontinued Operation": NaN,
        "Diluted Average Shares": 9597914.0,
        "Basic Average Shares": 9450984.0,
        "Diluted EPS": 1.13,
        "Basic EPS": 1.15,
        "Diluted NI Availto Com Stockholders": NaN,
        "Net Income Common Stockholders": NaN,
        "Net Income": NaN,
        "Net Income Including Noncontrolling Interests": NaN,
        "Net Income Continuous Operations": NaN,
        "Tax Provision": NaN,
        "Pretax Income": NaN,
        "Gain On Sale Of Security": NaN,
        "Selling General And Administration": NaN,
        "Selling And Marketing Expense": NaN,
        "General And Administrative Expense": NaN,
        "Salaries And Wages": NaN,
        "Total Revenue": NaN,
        "Operating Revenue": NaN,
        "Occupancy And Equipment": NaN,
        "Professional Expense And Contract Services Expense": NaN,
        "Other Non Interest Expense": NaN
    }
}