{
    "2023-03-31": {
        "Tax Effect Of Unusual Items": NaN,
        "Tax Rate For Calcs": NaN,
        "Normalized EBITDA": NaN,
        "Total Unusual Items": NaN,
        "Total Unusual Items Excluding Goodwill": NaN,
        "Net Income From Continuing Operation Net Minority Interest": NaN,
        "Reconciled Depreciation": NaN,
        "Reconciled Cost Of Revenue": NaN,
        "EBITDA": NaN,
        "EBIT": NaN,
        "Net Interest Income": NaN,
        "Interest Expense": NaN,
        "Interest Income": NaN,
        "Normalized Income": NaN,
        "Net Income From Continuing And Discontinued Operation": NaN,
        "Total Expenses": NaN,
        "Total Operating Income As Reported": NaN,
        "Diluted Average Shares": NaN,
        "Basic Average Shares": NaN,
        "Diluted EPS": NaN,
        "Basic EPS": NaN,
        "Diluted NI Availto Com Stockholders": NaN,
        "Average Dilution Earnings": NaN,
        "Net Income Common Stockholders": NaN,
        "Otherunder Preferred Stock Dividend": NaN,
        "Net Income": NaN,
        "Net Income Including Noncontrolling Interests": NaN,
        "Net Income Continuous Operations": NaN,
        "Earnings From Equity Interest Net Of Tax": NaN,
        "Tax Provision": NaN,
        "Pretax Income": NaN,
        "Other Income Expense": NaN,
        "Other Non Operating Income Expenses": NaN,
        "Special Income Charges": 0.0,
        "Gain On Sale Of Ppe": 0.0,
        "Restructuring And Mergern Acquisition": 0.0,
        "Gain On Sale Of Security": NaN,
        "Net Non Operating Interest Income Expense": NaN,
        "Total Other Finance Cost": NaN,
        "Interest Expense Non Operating": NaN,
        "Interest Income Non Operating": NaN,
        "Operating Income": NaN,
        "Operating Expense": NaN,
        "Depreciation Amortization Depletion Income Statement": NaN,
        "Depreciation And Amortization In Income Statement": NaN,
        "Amortization": NaN,
        "Amortization Of Intangibles Income Statement": NaN,
        "Research And Development": NaN,
        "Selling General And Administration": NaN,
        "Selling And Marketing Expense": NaN,
        "General And Administrative Expense": NaN,
        "Other Gand A": NaN,
        "Salaries And Wages": NaN,
        "Gross Profit": NaN,
        "Cost Of Revenue": NaN,
        "Total Revenue": NaN,
        "Operating Revenue": NaN
    },
    "2022-12-31": {
        "Tax Effect Of Unusual Items": NaN,
        "Tax Rate For Calcs": NaN,
        "Normalized EBITDA": NaN,
        "Total Unusual Items": NaN,
        "Total Unusual Items Excluding Goodwill": NaN,
        "Net Income From Continuing Operation Net Minority Interest": NaN,
        "Reconciled Depreciation": NaN,
        "Reconciled Cost Of Revenue": NaN,
        "EBITDA": NaN,
        "EBIT": NaN,
        "Net Interest Income": NaN,
        "Interest Expense": NaN,
        "Interest Income": NaN,
        "Normalized Income": NaN,
        "Net Income From Continuing And Discontinued Operation": NaN,
        "Total Expenses": NaN,
        "Total Operating Income As Reported": NaN,
        "Diluted Average Shares": NaN,
        "Basic Average Shares": NaN,
        "Diluted EPS": NaN,
        "Basic EPS": NaN,
        "Diluted NI Availto Com Stockholders": NaN,
        "Average Dilution Earnings": NaN,
        "Net Income Common Stockholders": NaN,
        "Otherunder Preferred Stock Dividend": NaN,
        "Net Income": NaN,
        "Net Income Including Noncontrolling Interests": NaN,
        "Net Income Continuous Operations": NaN,
        "Earnings From Equity Interest Net Of Tax": NaN,
        "Tax Provision": NaN,
        "Pretax Income": NaN,
        "Other Income Expense": NaN,
        "Other Non Operating Income Expenses": NaN,
        "Special Income Charges": 1421000.0,
        "Gain On Sale Of Ppe": 0.0,
        "Restructuring And Mergern Acquisition": -1421000.0,
        "Gain On Sale Of Security": NaN,
        "Net Non Operating Interest Income Expense": NaN,
        "Total Other Finance Cost": NaN,
        "Interest Expense Non Operating": NaN,
        "Interest Income Non Operating": NaN,
        "Operating Income": NaN,
        "Operating Expense": NaN,
        "Depreciation Amortization Depletion Income Statement": NaN,
        "Depreciation And Amortization In Income Statement": NaN,
        "Amortization": NaN,
        "Amortization Of Intangibles Income Statement": NaN,
        "Research And Development": NaN,
        "Selling General And Administration": NaN,
        "Selling And Marketing Expense": NaN,
        "General And Administrative Expense": NaN,
        "Other Gand A": NaN,
        "Salaries And Wages": NaN,
        "Gross Profit": NaN,
        "Cost Of Revenue": NaN,
        "Total Revenue": NaN,
        "Operating Revenue": NaN
    },
    "2022-09-30": {
        "Tax Effect Of Unusual Items": NaN,
        "Tax Rate For Calcs": NaN,
        "Normalized EBITDA": NaN,
        "Total Unusual Items": NaN,
        "Total Unusual Items Excluding Goodwill": NaN,
        "Net Income From Continuing Operation Net Minority Interest": NaN,
        "Reconciled Depreciation": NaN,
        "Reconciled Cost Of Revenue": NaN,
        "EBITDA": NaN,
        "EBIT": NaN,
        "Net Interest Income": NaN,
        "Interest Expense": NaN,
        "Interest Income": NaN,
        "Normalized Income": NaN,
        "Net Income From Continuing And Discontinued Operation": NaN,
        "Total Expenses": NaN,
        "Total Operating Income As Reported": NaN,
        "Diluted Average Shares": NaN,
        "Basic Average Shares": NaN,
        "Diluted EPS": NaN,
        "Basic EPS": NaN,
        "Diluted NI Availto Com Stockholders": NaN,
        "Average Dilution Earnings": NaN,
        "Net Income Common Stockholders": NaN,
        "Otherunder Preferred Stock Dividend": NaN,
        "Net Income": NaN,
        "Net Income Including Noncontrolling Interests": NaN,
        "Net Income Continuous Operations": NaN,
        "Earnings From Equity Interest Net Of Tax": NaN,
        "Tax Provision": NaN,
        "Pretax Income": NaN,
        "Other Income Expense": NaN,
        "Other Non Operating Income Expenses": NaN,
        "Special Income Charges": NaN,
        "Gain On Sale Of Ppe": NaN,
        "Restructuring And Mergern Acquisition": NaN,
        "Gain On Sale Of Security": NaN,
        "Net Non Operating Interest Income Expense": NaN,
        "Total Other Finance Cost": 1822000.0,
        "Interest Expense Non Operating": NaN,
        "Interest Income Non Operating": NaN,
        "Operating Income": NaN,
        "Operating Expense": NaN,
        "Depreciation Amortization Depletion Income Statement": NaN,
        "Depreciation And Amortization In Income Statement": NaN,
        "Amortization": NaN,
        "Amortization Of Intangibles Income Statement": NaN,
        "Research And Development": NaN,
        "Selling General And Administration": NaN,
        "Selling And Marketing Expense": NaN,
        "General And Administrative Expense": NaN,
        "Other Gand A": NaN,
        "Salaries And Wages": NaN,
        "Gross Profit": NaN,
        "Cost Of Revenue": NaN,
        "Total Revenue": NaN,
        "Operating Revenue": NaN
    },
    "2022-06-30": {
        "Tax Effect Of Unusual Items": 1075600.0,
        "Tax Rate For Calcs": 0.4,
        "Normalized EBITDA": 75125000.0,
        "Total Unusual Items": 2689000.0,
        "Total Unusual Items Excluding Goodwill": 2689000.0,
        "Net Income From Continuing Operation Net Minority Interest": 55673000.0,
        "Reconciled Depreciation": 18518000.0,
        "Reconciled Cost Of Revenue": 51693000.0,
        "EBITDA": 77814000.0,
        "EBIT": 59296000.0,
        "Net Interest Income": -7622000.0,
        "Interest Expense": 7704000.0,
        "Interest Income": 82000.0,
        "Normalized Income": 54059600.0,
        "Net Income From Continuing And Discontinued Operation": 55673000.0,
        "Total Expenses": 212568000.0,
        "Total Operating Income As Reported": 55717000.0,
        "Diluted Average Shares": 332275216.0,
        "Basic Average Shares": 308244778.0,
        "Diluted EPS": 0.17,
        "Basic EPS": 0.18,
        "Diluted NI Availto Com Stockholders": 55662000.0,
        "Average Dilution Earnings": NaN,
        "Net Income Common Stockholders": 55662000.0,
        "Otherunder Preferred Stock Dividend": 11000.0,
        "Net Income": 55673000.0,
        "Net Income Including Noncontrolling Interests": 55673000.0,
        "Net Income Continuous Operations": 55673000.0,
        "Earnings From Equity Interest Net Of Tax": -593000.0,
        "Tax Provision": -4674000.0,
        "Pretax Income": 51592000.0,
        "Other Income Expense": 3497000.0,
        "Other Non Operating Income Expenses": 808000.0,
        "Special Income Charges": 0.0,
        "Gain On Sale Of Ppe": 0.0,
        "Restructuring And Mergern Acquisition": 0.0,
        "Gain On Sale Of Security": 2689000.0,
        "Net Non Operating Interest Income Expense": -7622000.0,
        "Interest Expense Non Operating": 7704000.0,
        "Interest Income Non Operating": 82000.0,
        "Operating Income": 55717000.0,
        "Operating Expense": 152874000.0,
        "Depreciation Amortization Depletion Income Statement": 10517000.0,
        "Depreciation And Amortization In Income Statement": 10517000.0,
        "Amortization": 10517000.0,
        "Amortization Of Intangibles Income Statement": 10517000.0,
        "Research And Development": 64866000.0,
        "Selling General And Administration": 77491000.0,
        "Selling And Marketing Expense": 49617000.0,
        "General And Administrative Expense": 27874000.0,
        "Other Gand A": 40033000.0,
        "Salaries And Wages": -12159000.0,
        "Gross Profit": 208591000.0,
        "Cost Of Revenue": 59694000.0,
        "Total Revenue": 268285000.0,
        "Operating Revenue": 268285000.0
    },
    "2022-03-31": {
        "Diluted EPS": 0.18,
        "Total Revenue": 276,
        "Gross Profit": 220,
        "Operating Income": 57,
        "EBIT": 76,
        "Net Income": 56
    },
    "2021-12-31": {
        "Diluted EPS": 0.14,
        "Total Revenue": 268,
        "Gross Profit": 208,
        "Operating Income": 43,
        "EBIT": 62,
        "Net Income": 39
    },
    "2021-09-30": {
        "Diluted EPS": -0.16,
        "Total Revenue": 251,
        "Gross Profit": 197,
        "Operating Income": -38,
        "EBIT": -19,
        "Net Income": -48
    },
    "2021-06-30": {
        "Diluted EPS": 0.14,
        "Total Revenue": 224,
        "Gross Profit": 170,
        "Operating Income": 33,
        "EBIT": 45,
        "Net Income": 46
    },
    "2021-03-31": {
        "Diluted EPS": 0.18,
        "Total Revenue": 222,
        "Gross Profit": 173,
        "Operating Income": 56,
        "EBIT": 66,
        "Net Income": 57
    },
    "2020-12-31": {
        "Diluted EPS": 0.17,
        "Total Revenue": 220,
        "Gross Profit": 169,
        "Operating Income": 54,
        "EBIT": 65,
        "Net Income": 52
    },
    "2020-09-30": {
        "Diluted EPS": 0.02,
        "Total Revenue": 203,
        "Gross Profit": 160,
        "Operating Income": 5,
        "EBIT": 15,
        "Net Income": 6
    },
    "2020-06-30": {
        "Diluted EPS": 0.13,
        "Total Revenue": 184,
        "Gross Profit": 148,
        "Operating Income": 45,
        "EBIT": 53,
        "Net Income": 39
    },
    "2020-03-31": {
        "Diluted EPS": 0.1,
        "Total Revenue": 195,
        "Gross Profit": 157,
        "Operating Income": 46,
        "EBIT": 54,
        "Net Income": 30
    },
    "2019-12-31": {
        "Diluted EPS": 0.0,
        "Total Revenue": NaN,
        "Gross Profit": NaN,
        "Operating Income": NaN,
        "EBIT": NaN,
        "Net Income": NaN
    },
    "2019-09-30": {
        "Diluted EPS": 0.07,
        "Total Revenue": 187,
        "Gross Profit": 152,
        "Operating Income": 41,
        "EBIT": 41,
        "Net Income": 20
    },
    "2018-12-31": {
        "Diluted EPS": 0.0,
        "Total Revenue": NaN,
        "Gross Profit": NaN,
        "Operating Income": NaN,
        "EBIT": NaN,
        "Net Income": NaN
    },
    "2023-06-30": {
        "Tax Effect Of Unusual Items": NaN,
        "Tax Rate For Calcs": NaN,
        "Normalized EBITDA": NaN,
        "Total Unusual Items": NaN,
        "Total Unusual Items Excluding Goodwill": NaN,
        "Net Income From Continuing Operation Net Minority Interest": NaN,
        "Reconciled Depreciation": NaN,
        "Reconciled Cost Of Revenue": NaN,
        "EBITDA": NaN,
        "EBIT": NaN,
        "Net Interest Income": NaN,
        "Interest Expense": NaN,
        "Interest Income": NaN,
        "Normalized Income": NaN,
        "Net Income From Continuing And Discontinued Operation": NaN,
        "Total Expenses": NaN,
        "Total Operating Income As Reported": NaN,
        "Diluted Average Shares": NaN,
        "Basic Average Shares": NaN,
        "Diluted EPS": NaN,
        "Basic EPS": NaN,
        "Diluted NI Availto Com Stockholders": NaN,
        "Average Dilution Earnings": NaN,
        "Net Income Common Stockholders": NaN,
        "Otherunder Preferred Stock Dividend": NaN,
        "Net Income": NaN,
        "Net Income Including Noncontrolling Interests": NaN,
        "Net Income Continuous Operations": NaN,
        "Earnings From Equity Interest Net Of Tax": NaN,
        "Tax Provision": NaN,
        "Pretax Income": NaN,
        "Other Income Expense": NaN,
        "Other Non Operating Income Expenses": NaN,
        "Special Income Charges": 0.0,
        "Gain On Sale Of Ppe": 0.0,
        "Restructuring And Mergern Acquisition": 0.0,
        "Gain On Sale Of Security": NaN,
        "Net Non Operating Interest Income Expense": NaN,
        "Total Other Finance Cost": 1823000.0,
        "Interest Expense Non Operating": NaN,
        "Interest Income Non Operating": NaN,
        "Operating Income": NaN,
        "Operating Expense": NaN,
        "Depreciation Amortization Depletion Income Statement": NaN,
        "Depreciation And Amortization In Income Statement": NaN,
        "Amortization": NaN,
        "Amortization Of Intangibles Income Statement": NaN,
        "Research And Development": NaN,
        "Selling General And Administration": NaN,
        "Selling And Marketing Expense": NaN,
        "General And Administrative Expense": NaN,
        "Other Gand A": NaN,
        "Salaries And Wages": NaN,
        "Gross Profit": NaN,
        "Cost Of Revenue": NaN,
        "Total Revenue": NaN,
        "Operating Revenue": NaN
    },
    "2023-09-30": {
        "Tax Effect Of Unusual Items": NaN,
        "Tax Rate For Calcs": NaN,
        "Normalized EBITDA": NaN,
        "Total Unusual Items": NaN,
        "Total Unusual Items Excluding Goodwill": NaN,
        "Net Income From Continuing Operation Net Minority Interest": NaN,
        "Reconciled Depreciation": NaN,
        "Reconciled Cost Of Revenue": NaN,
        "EBITDA": NaN,
        "EBIT": NaN,
        "Net Interest Income": NaN,
        "Interest Expense": NaN,
        "Interest Income": NaN,
        "Normalized Income": NaN,
        "Net Income From Continuing And Discontinued Operation": NaN,
        "Total Expenses": NaN,
        "Total Operating Income As Reported": NaN,
        "Diluted Average Shares": NaN,
        "Basic Average Shares": NaN,
        "Diluted EPS": NaN,
        "Basic EPS": NaN,
        "Diluted NI Availto Com Stockholders": NaN,
        "Average Dilution Earnings": NaN,
        "Net Income Common Stockholders": NaN,
        "Otherunder Preferred Stock Dividend": NaN,
        "Net Income": NaN,
        "Minority Interests": NaN,
        "Net Income Including Noncontrolling Interests": NaN,
        "Net Income Continuous Operations": NaN,
        "Earnings From Equity Interest Net Of Tax": NaN,
        "Tax Provision": NaN,
        "Pretax Income": NaN,
        "Other Income Expense": NaN,
        "Other Non Operating Income Expenses": NaN,
        "Special Income Charges": 0.0,
        "Gain On Sale Of Ppe": 0.0,
        "Restructuring And Mergern Acquisition": 0.0,
        "Gain On Sale Of Security": NaN,
        "Net Non Operating Interest Income Expense": NaN,
        "Total Other Finance Cost": 1823000.0,
        "Interest Expense Non Operating": NaN,
        "Interest Income Non Operating": NaN,
        "Operating Income": NaN,
        "Operating Expense": NaN,
        "Depreciation Amortization Depletion Income Statement": NaN,
        "Depreciation And Amortization In Income Statement": NaN,
        "Amortization": NaN,
        "Amortization Of Intangibles Income Statement": NaN,
        "Research And Development": NaN,
        "Selling General And Administration": NaN,
        "Selling And Marketing Expense": NaN,
        "General And Administrative Expense": NaN,
        "Other Gand A": NaN,
        "Salaries And Wages": NaN,
        "Gross Profit": NaN,
        "Cost Of Revenue": NaN,
        "Total Revenue": NaN,
        "Operating Revenue": NaN
    },
    "2023-12-31": {
        "Tax Effect Of Unusual Items": NaN,
        "Tax Rate For Calcs": NaN,
        "Normalized EBITDA": NaN,
        "Total Unusual Items": NaN,
        "Total Unusual Items Excluding Goodwill": NaN,
        "Net Income From Continuing Operation Net Minority Interest": NaN,
        "Reconciled Depreciation": NaN,
        "Reconciled Cost Of Revenue": NaN,
        "EBITDA": NaN,
        "EBIT": NaN,
        "Net Interest Income": NaN,
        "Interest Expense": NaN,
        "Interest Income": NaN,
        "Normalized Income": NaN,
        "Net Income From Continuing And Discontinued Operation": NaN,
        "Total Expenses": NaN,
        "Total Operating Income As Reported": NaN,
        "Diluted Average Shares": NaN,
        "Basic Average Shares": NaN,
        "Diluted EPS": NaN,
        "Basic EPS": NaN,
        "Diluted NI Availto Com Stockholders": NaN,
        "Average Dilution Earnings": NaN,
        "Net Income Common Stockholders": NaN,
        "Otherunder Preferred Stock Dividend": NaN,
        "Net Income": NaN,
        "Minority Interests": NaN,
        "Net Income Including Noncontrolling Interests": NaN,
        "Net Income Continuous Operations": NaN,
        "Earnings From Equity Interest Net Of Tax": NaN,
        "Tax Provision": NaN,
        "Pretax Income": NaN,
        "Other Income Expense": NaN,
        "Other Non Operating Income Expenses": NaN,
        "Special Income Charges": 0.0,
        "Gain On Sale Of Ppe": 0.0,
        "Restructuring And Mergern Acquisition": 0.0,
        "Gain On Sale Of Security": NaN,
        "Net Non Operating Interest Income Expense": NaN,
        "Total Other Finance Cost": NaN,
        "Interest Expense Non Operating": NaN,
        "Interest Income Non Operating": NaN,
        "Operating Income": NaN,
        "Operating Expense": NaN,
        "Depreciation Amortization Depletion Income Statement": NaN,
        "Depreciation And Amortization In Income Statement": NaN,
        "Amortization": NaN,
        "Amortization Of Intangibles Income Statement": NaN,
        "Research And Development": NaN,
        "Selling General And Administration": NaN,
        "Selling And Marketing Expense": NaN,
        "General And Administrative Expense": NaN,
        "Other Gand A": NaN,
        "Salaries And Wages": NaN,
        "Gross Profit": NaN,
        "Cost Of Revenue": NaN,
        "Total Revenue": NaN,
        "Operating Revenue": NaN
    },
    "2024-03-31": {
        "Tax Effect Of Unusual Items": NaN,
        "Tax Rate For Calcs": NaN,
        "Normalized EBITDA": NaN,
        "Total Unusual Items": NaN,
        "Total Unusual Items Excluding Goodwill": NaN,
        "Net Income From Continuing Operation Net Minority Interest": NaN,
        "Reconciled Depreciation": NaN,
        "Reconciled Cost Of Revenue": NaN,
        "EBITDA": NaN,
        "EBIT": NaN,
        "Net Interest Income": NaN,
        "Interest Expense": NaN,
        "Interest Income": NaN,
        "Normalized Income": NaN,
        "Net Income From Continuing And Discontinued Operation": NaN,
        "Total Expenses": NaN,
        "Total Operating Income As Reported": NaN,
        "Diluted Average Shares": NaN,
        "Basic Average Shares": NaN,
        "Diluted EPS": NaN,
        "Basic EPS": NaN,
        "Diluted NI Availto Com Stockholders": NaN,
        "Average Dilution Earnings": NaN,
        "Net Income Common Stockholders": NaN,
        "Otherunder Preferred Stock Dividend": NaN,
        "Net Income": NaN,
        "Minority Interests": 0.0,
        "Net Income Including Noncontrolling Interests": NaN,
        "Net Income Continuous Operations": NaN,
        "Earnings From Equity Interest Net Of Tax": NaN,
        "Tax Provision": NaN,
        "Pretax Income": NaN,
        "Other Income Expense": NaN,
        "Other Non Operating Income Expenses": NaN,
        "Special Income Charges": NaN,
        "Gain On Sale Of Ppe": NaN,
        "Restructuring And Mergern Acquisition": NaN,
        "Gain On Sale Of Security": NaN,
        "Net Non Operating Interest Income Expense": NaN,
        "Total Other Finance Cost": NaN,
        "Interest Expense Non Operating": NaN,
        "Interest Income Non Operating": NaN,
        "Operating Income": NaN,
        "Operating Expense": NaN,
        "Depreciation Amortization Depletion Income Statement": NaN,
        "Depreciation And Amortization In Income Statement": NaN,
        "Amortization": NaN,
        "Amortization Of Intangibles Income Statement": NaN,
        "Research And Development": NaN,
        "Selling General And Administration": NaN,
        "Selling And Marketing Expense": NaN,
        "General And Administrative Expense": NaN,
        "Other Gand A": NaN,
        "Salaries And Wages": NaN,
        "Gross Profit": NaN,
        "Cost Of Revenue": NaN,
        "Total Revenue": NaN,
        "Operating Revenue": NaN
    },
    "2024-06-30": {
        "Tax Effect Of Unusual Items": -20808.200939,
        "Tax Rate For Calcs": 0.068901,
        "Normalized EBITDA": 97715000.0,
        "Total Unusual Items": -302000.0,
        "Total Unusual Items Excluding Goodwill": -302000.0,
        "Net Income From Continuing Operation Net Minority Interest": 72046000.0,
        "Reconciled Depreciation": 15982000.0,
        "Reconciled Cost Of Revenue": 55603000.0,
        "EBITDA": 97413000.0,
        "EBIT": 81431000.0,
        "Net Interest Income": -5100000.0,
        "Interest Expense": 4074000.0,
        "Interest Income": 901000.0,
        "Normalized Income": 72327191.799061,
        "Net Income From Continuing And Discontinued Operation": 72046000.0,
        "Total Expenses": 250160000.0,
        "Total Operating Income As Reported": 80177000.0,
        "Diluted Average Shares": 333780984.0,
        "Basic Average Shares": 314980580.0,
        "Diluted EPS": 0.22,
        "Basic EPS": 0.23,
        "Diluted NI Availto Com Stockholders": 73742000.0,
        "Average Dilution Earnings": 1717000.0,
        "Net Income Common Stockholders": 72025000.0,
        "Otherunder Preferred Stock Dividend": 21000.0,
        "Net Income": 72046000.0,
        "Minority Interests": 0.0,
        "Net Income Including Noncontrolling Interests": 72046000.0,
        "Net Income Continuous Operations": 72046000.0,
        "Earnings From Equity Interest Net Of Tax": 19000.0,
        "Tax Provision": 5330000.0,
        "Pretax Income": 77357000.0,
        "Other Income Expense": 2280000.0,
        "Other Non Operating Income Expenses": 2582000.0,
        "Special Income Charges": NaN,
        "Gain On Sale Of Ppe": NaN,
        "Restructuring And Mergern Acquisition": NaN,
        "Gain On Sale Of Security": -302000.0,
        "Net Non Operating Interest Income Expense": -5100000.0,
        "Total Other Finance Cost": 1927000.0,
        "Interest Expense Non Operating": 4074000.0,
        "Interest Income Non Operating": 901000.0,
        "Operating Income": 80177000.0,
        "Operating Expense": 186967000.0,
        "Depreciation Amortization Depletion Income Statement": 8392000.0,
        "Depreciation And Amortization In Income Statement": 8392000.0,
        "Amortization": 8392000.0,
        "Amortization Of Intangibles Income Statement": 8392000.0,
        "Research And Development": 65709000.0,
        "Selling General And Administration": 112866000.0,
        "Selling And Marketing Expense": 57129000.0,
        "General And Administrative Expense": 55737000.0,
        "Other Gand A": 54854000.0,
        "Salaries And Wages": 883000.0,
        "Gross Profit": 267144000.0,
        "Cost Of Revenue": 63193000.0,
        "Total Revenue": 330337000.0,
        "Operating Revenue": 330337000.0
    },
    "2024-09-30": {
        "Tax Effect Of Unusual Items": -1344023.0,
        "Tax Rate For Calcs": 0.281,
        "Normalized EBITDA": 82988000.0,
        "Total Unusual Items": -4783000.0,
        "Total Unusual Items Excluding Goodwill": -4783000.0,
        "Net Income From Continuing Operation Net Minority Interest": 42338000.0,
        "Reconciled Depreciation": 16030000.0,
        "Reconciled Cost Of Revenue": 57163000.0,
        "EBITDA": 78205000.0,
        "EBIT": 62175000.0,
        "Net Interest Income": -4669000.0,
        "Interest Expense": 3301000.0,
        "Interest Income": 436000.0,
        "Normalized Income": 45776977.0,
        "Net Income From Continuing And Discontinued Operation": 42338000.0,
        "Total Expenses": 266543000.0,
        "Total Operating Income As Reported": 68630000.0,
        "Diluted Average Shares": 333789636.0,
        "Basic Average Shares": 315207216.0,
        "Diluted EPS": 0.13,
        "Basic EPS": 0.13,
        "Diluted NI Availto Com Stockholders": 44040000.0,
        "Average Dilution Earnings": 1723000.0,
        "Net Income Common Stockholders": 42317000.0,
        "Otherunder Preferred Stock Dividend": 21000.0,
        "Net Income": 42338000.0,
        "Minority Interests": NaN,
        "Net Income Including Noncontrolling Interests": 42338000.0,
        "Net Income Continuous Operations": 42338000.0,
        "Earnings From Equity Interest Net Of Tax": -14000.0,
        "Tax Provision": 16522000.0,
        "Pretax Income": 58874000.0,
        "Other Income Expense": -5087000.0,
        "Other Non Operating Income Expenses": -304000.0,
        "Special Income Charges": NaN,
        "Gain On Sale Of Ppe": NaN,
        "Restructuring And Mergern Acquisition": NaN,
        "Gain On Sale Of Security": -4783000.0,
        "Net Non Operating Interest Income Expense": -4669000.0,
        "Total Other Finance Cost": 1804000.0,
        "Interest Expense Non Operating": 3301000.0,
        "Interest Income Non Operating": 436000.0,
        "Operating Income": 68630000.0,
        "Operating Expense": 201711000.0,
        "Depreciation Amortization Depletion Income Statement": 8361000.0,
        "Depreciation And Amortization In Income Statement": 8361000.0,
        "Amortization": 8361000.0,
        "Amortization Of Intangibles Income Statement": 8361000.0,
        "Research And Development": 70068000.0,
        "Selling General And Administration": 123282000.0,
        "Selling And Marketing Expense": 64940000.0,
        "General And Administrative Expense": 58342000.0,
        "Other Gand A": 51359000.0,
        "Salaries And Wages": 6983000.0,
        "Gross Profit": 270341000.0,
        "Cost Of Revenue": 64832000.0,
        "Total Revenue": 335173000.0,
        "Operating Revenue": 335173000.0
    },
    "2024-12-31": {
        "Tax Effect Of Unusual Items": 1787299.427469,
        "Tax Rate For Calcs": 0.227565,
        "Normalized EBITDA": 84552000.0,
        "Total Unusual Items": 7854000.0,
        "Total Unusual Items Excluding Goodwill": 7854000.0,
        "Net Income From Continuing Operation Net Minority Interest": 50093000.0,
        "Reconciled Depreciation": 16211000.0,
        "Reconciled Cost Of Revenue": 59982000.0,
        "EBITDA": 92406000.0,
        "EBIT": 76195000.0,
        "Net Interest Income": -5755000.0,
        "Interest Expense": 11919000.0,
        "Interest Income": 610000.0,
        "Normalized Income": 44026299.427469,
        "Net Income From Continuing And Discontinued Operation": 50093000.0,
        "Total Expenses": 288410000.0,
        "Total Operating Income As Reported": 61412000.0,
        "Diluted Average Shares": 333874529.0,
        "Basic Average Shares": 315035554.0,
        "Diluted EPS": 0.16,
        "Basic EPS": 0.16,
        "Diluted NI Availto Com Stockholders": 51788000.0,
        "Average Dilution Earnings": 1716000.0,
        "Net Income Common Stockholders": 50072000.0,
        "Otherunder Preferred Stock Dividend": 21000.0,
        "Net Income": 50093000.0,
        "Minority Interests": NaN,
        "Net Income Including Noncontrolling Interests": 49739000.0,
        "Net Income Continuous Operations": 49739000.0,
        "Earnings From Equity Interest Net Of Tax": 90000.0,
        "Tax Provision": 14627000.0,
        "Pretax Income": 64276000.0,
        "Other Income Expense": 8619000.0,
        "Other Non Operating Income Expenses": 765000.0,
        "Special Income Charges": NaN,
        "Gain On Sale Of Ppe": NaN,
        "Restructuring And Mergern Acquisition": NaN,
        "Gain On Sale Of Security": 7854000.0,
        "Net Non Operating Interest Income Expense": -5755000.0,
        "Total Other Finance Cost": NaN,
        "Interest Expense Non Operating": 11919000.0,
        "Interest Income Non Operating": 610000.0,
        "Operating Income": 61412000.0,
        "Operating Expense": 220498000.0,
        "Depreciation Amortization Depletion Income Statement": 8281000.0,
        "Depreciation And Amortization In Income Statement": 8281000.0,
        "Amortization": 8281000.0,
        "Amortization Of Intangibles Income Statement": 8281000.0,
        "Research And Development": 77099000.0,
        "Selling General And Administration": 135118000.0,
        "Selling And Marketing Expense": 78722000.0,
        "General And Administrative Expense": 56396000.0,
        "Other Gand A": 57679000.0,
        "Salaries And Wages": -1283000.0,
        "Gross Profit": 281910000.0,
        "Cost Of Revenue": 67912000.0,
        "Total Revenue": 349822000.0,
        "Operating Revenue": 349822000.0
    },
    "2025-03-31": {
        "Tax Effect Of Unusual Items": 43920.0,
        "Tax Rate For Calcs": 0.183,
        "Normalized EBITDA": 131633000.0,
        "Total Unusual Items": 240000.0,
        "Total Unusual Items Excluding Goodwill": 240000.0,
        "Net Income From Continuing Operation Net Minority Interest": 91368000.0,
        "Reconciled Depreciation": 15640000.0,
        "Reconciled Cost Of Revenue": 58227000.0,
        "EBITDA": 131873000.0,
        "EBIT": 116233000.0,
        "Net Interest Income": -3808000.0,
        "Interest Expense": 4408000.0,
        "Interest Income": 600000.0,
        "Normalized Income": 91171920.0,
        "Net Income From Continuing And Discontinued Operation": 91368000.0,
        "Total Expenses": 255358000.0,
        "Total Operating Income As Reported": 115184000.0,
        "Diluted Average Shares": 333441006.0,
        "Basic Average Shares": 315130071.0,
        "Diluted EPS": 0.28,
        "Basic EPS": 0.29,
        "Diluted NI Availto Com Stockholders": 92919000.0,
        "Average Dilution Earnings": 1569000.0,
        "Net Income Common Stockholders": 91350000.0,
        "Otherunder Preferred Stock Dividend": 18000.0,
        "Net Income": 91368000.0,
        "Minority Interests": 30000.0,
        "Net Income Including Noncontrolling Interests": 91338000.0,
        "Net Income Continuous Operations": 91338000.0,
        "Earnings From Equity Interest Net Of Tax": 1000.0,
        "Tax Provision": 20488000.0,
        "Pretax Income": 111825000.0,
        "Other Income Expense": 449000.0,
        "Other Non Operating Income Expenses": 209000.0,
        "Special Income Charges": NaN,
        "Gain On Sale Of Ppe": NaN,
        "Restructuring And Mergern Acquisition": NaN,
        "Gain On Sale Of Security": 240000.0,
        "Net Non Operating Interest Income Expense": -3808000.0,
        "Total Other Finance Cost": NaN,
        "Interest Expense Non Operating": 4408000.0,
        "Interest Income Non Operating": 600000.0,
        "Operating Income": 115184000.0,
        "Operating Expense": 189699000.0,
        "Depreciation Amortization Depletion Income Statement": 8208000.0,
        "Depreciation And Amortization In Income Statement": 8208000.0,
        "Amortization": 8208000.0,
        "Amortization Of Intangibles Income Statement": 8208000.0,
        "Research And Development": 72450000.0,
        "Selling General And Administration": 109041000.0,
        "Selling And Marketing Expense": 63059000.0,
        "General And Administrative Expense": 45982000.0,
        "Other Gand A": 47228000.0,
        "Salaries And Wages": -1246000.0,
        "Gross Profit": 304883000.0,
        "Cost Of Revenue": 65659000.0,
        "Total Revenue": 370542000.0,
        "Operating Revenue": 370542000.0
    },
    "2025-06-30": {
        "Tax Effect Of Unusual Items": -142011.523671,
        "Tax Rate For Calcs": 0.111908,
        "Normalized EBITDA": 98295000.0,
        "Total Unusual Items": -1269000.0,
        "Total Unusual Items Excluding Goodwill": -1269000.0,
        "Net Income From Continuing Operation Net Minority Interest": 70482000.0,
        "Reconciled Depreciation": 15749000.0,
        "Reconciled Cost Of Revenue": 61228000.0,
        "EBITDA": 97026000.0,
        "EBIT": 81277000.0,
        "Net Interest Income": -3519000.0,
        "Interest Expense": 1962000.0,
        "Interest Income": 337000.0,
        "Normalized Income": 71608988.476329,
        "Net Income From Continuing And Discontinued Operation": 70482000.0,
        "Total Expenses": 279676000.0,
        "Total Operating Income As Reported": 84430000.0,
        "Diluted Average Shares": 332824020.0,
        "Basic Average Shares": 314622491.0,
        "Diluted EPS": 0.22,
        "Basic EPS": 0.22,
        "Diluted NI Availto Com Stockholders": 72185000.0,
        "Average Dilution Earnings": 1714000.0,
        "Net Income Common Stockholders": 70471000.0,
        "Otherunder Preferred Stock Dividend": 11000.0,
        "Net Income": 70482000.0,
        "Minority Interests": -18000.0,
        "Net Income Including Noncontrolling Interests": 70500000.0,
        "Net Income Continuous Operations": 70500000.0,
        "Earnings From Equity Interest Net Of Tax": 61000.0,
        "Tax Provision": 8876000.0,
        "Pretax Income": 79315000.0,
        "Other Income Expense": -1596000.0,
        "Other Non Operating Income Expenses": -327000.0,
        "Special Income Charges": NaN,
        "Gain On Sale Of Ppe": NaN,
        "Restructuring And Mergern Acquisition": NaN,
        "Gain On Sale Of Security": -1269000.0,
        "Net Non Operating Interest Income Expense": -3519000.0,
        "Total Other Finance Cost": 1894000.0,
        "Interest Expense Non Operating": 1962000.0,
        "Interest Income Non Operating": 337000.0,
        "Operating Income": 84430000.0,
        "Operating Expense": 210900000.0,
        "Depreciation Amortization Depletion Income Statement": 8201000.0,
        "Depreciation And Amortization In Income Statement": 8201000.0,
        "Amortization": 8201000.0,
        "Amortization Of Intangibles Income Statement": 8201000.0,
        "Research And Development": 75385000.0,
        "Selling General And Administration": 127314000.0,
        "Selling And Marketing Expense": 69873000.0,
        "General And Administrative Expense": 57441000.0,
        "Other Gand A": 49857000.0,
        "Salaries And Wages": 7584000.0,
        "Gross Profit": 295330000.0,
        "Cost Of Revenue": 68776000.0,
        "Total Revenue": 364106000.0,
        "Operating Revenue": 364106000.0
    }
}