{
    "2023-03-31": {
        "Tax Effect Of Unusual Items": NaN,
        "Tax Rate For Calcs": NaN,
        "Normalized EBITDA": NaN,
        "Total Unusual Items": NaN,
        "Total Unusual Items Excluding Goodwill": NaN,
        "Net Income From Continuing Operation Net Minority Interest": NaN,
        "Reconciled Depreciation": NaN,
        "Reconciled Cost Of Revenue": NaN,
        "EBITDA": NaN,
        "EBIT": NaN,
        "Normalized Income": NaN,
        "Net Income From Continuing And Discontinued Operation": NaN,
        "Total Expenses": NaN,
        "Total Operating Income As Reported": NaN,
        "Diluted Average Shares": NaN,
        "Basic Average Shares": NaN,
        "Diluted EPS": NaN,
        "Basic EPS": NaN,
        "Diluted NI Availto Com Stockholders": NaN,
        "Net Income Common Stockholders": NaN,
        "Net Income": NaN,
        "Net Income Including Noncontrolling Interests": NaN,
        "Net Income Continuous Operations": NaN,
        "Tax Provision": NaN,
        "Pretax Income": NaN,
        "Other Income Expense": NaN,
        "Other Non Operating Income Expenses": NaN,
        "Special Income Charges": NaN,
        "Gain On Sale Of Ppe": NaN,
        "Impairment Of Capital Assets": NaN,
        "Gain On Sale Of Security": 4881937.0,
        "Operating Income": NaN,
        "Operating Expense": NaN,
        "Depreciation Amortization Depletion Income Statement": NaN,
        "Depreciation And Amortization In Income Statement": NaN,
        "Selling General And Administration": NaN,
        "General And Administrative Expense": NaN,
        "Other Gand A": NaN,
        "Gross Profit": NaN,
        "Cost Of Revenue": NaN,
        "Total Revenue": NaN,
        "Operating Revenue": NaN
    },
    "2022-12-31": {
        "Tax Effect Of Unusual Items": NaN,
        "Tax Rate For Calcs": NaN,
        "Normalized EBITDA": NaN,
        "Total Unusual Items": NaN,
        "Total Unusual Items Excluding Goodwill": NaN,
        "Net Income From Continuing Operation Net Minority Interest": NaN,
        "Reconciled Depreciation": NaN,
        "Reconciled Cost Of Revenue": NaN,
        "EBITDA": NaN,
        "EBIT": NaN,
        "Normalized Income": NaN,
        "Net Income From Continuing And Discontinued Operation": NaN,
        "Total Expenses": NaN,
        "Total Operating Income As Reported": NaN,
        "Diluted Average Shares": NaN,
        "Basic Average Shares": NaN,
        "Diluted EPS": NaN,
        "Basic EPS": NaN,
        "Diluted NI Availto Com Stockholders": NaN,
        "Net Income Common Stockholders": NaN,
        "Net Income": NaN,
        "Net Income Including Noncontrolling Interests": NaN,
        "Net Income Continuous Operations": NaN,
        "Tax Provision": NaN,
        "Pretax Income": NaN,
        "Other Income Expense": NaN,
        "Other Non Operating Income Expenses": NaN,
        "Special Income Charges": NaN,
        "Gain On Sale Of Ppe": NaN,
        "Impairment Of Capital Assets": NaN,
        "Gain On Sale Of Security": 0.0,
        "Operating Income": NaN,
        "Operating Expense": NaN,
        "Depreciation Amortization Depletion Income Statement": NaN,
        "Depreciation And Amortization In Income Statement": NaN,
        "Selling General And Administration": NaN,
        "General And Administrative Expense": NaN,
        "Other Gand A": NaN,
        "Gross Profit": NaN,
        "Cost Of Revenue": NaN,
        "Total Revenue": NaN,
        "Operating Revenue": NaN
    },
    "2022-09-30": {
        "Tax Effect Of Unusual Items": NaN,
        "Tax Rate For Calcs": NaN,
        "Normalized EBITDA": NaN,
        "Total Unusual Items": NaN,
        "Total Unusual Items Excluding Goodwill": NaN,
        "Net Income From Continuing Operation Net Minority Interest": NaN,
        "Reconciled Depreciation": NaN,
        "Reconciled Cost Of Revenue": NaN,
        "EBITDA": NaN,
        "EBIT": NaN,
        "Normalized Income": NaN,
        "Net Income From Continuing And Discontinued Operation": NaN,
        "Total Expenses": NaN,
        "Total Operating Income As Reported": NaN,
        "Diluted Average Shares": 54675621.0,
        "Basic Average Shares": 54675621.0,
        "Diluted EPS": -0.27,
        "Basic EPS": -0.27,
        "Diluted NI Availto Com Stockholders": NaN,
        "Net Income Common Stockholders": NaN,
        "Net Income": NaN,
        "Net Income Including Noncontrolling Interests": NaN,
        "Net Income Continuous Operations": NaN,
        "Tax Provision": NaN,
        "Pretax Income": NaN,
        "Other Income Expense": NaN,
        "Other Non Operating Income Expenses": NaN,
        "Special Income Charges": NaN,
        "Gain On Sale Of Ppe": NaN,
        "Impairment Of Capital Assets": NaN,
        "Gain On Sale Of Security": 1228068.0,
        "Operating Income": NaN,
        "Operating Expense": NaN,
        "Depreciation Amortization Depletion Income Statement": NaN,
        "Depreciation And Amortization In Income Statement": NaN,
        "Selling General And Administration": NaN,
        "General And Administrative Expense": NaN,
        "Other Gand A": NaN,
        "Gross Profit": NaN,
        "Cost Of Revenue": NaN,
        "Total Revenue": NaN,
        "Operating Revenue": NaN
    },
    "2022-06-30": {
        "Tax Effect Of Unusual Items": -4097502.8,
        "Tax Rate For Calcs": 0.4,
        "Normalized EBITDA": 8876374.0,
        "Total Unusual Items": -10243757.0,
        "Total Unusual Items Excluding Goodwill": -10243757.0,
        "Net Income From Continuing Operation Net Minority Interest": -18124732.0,
        "Reconciled Depreciation": 5322120.0,
        "Reconciled Cost Of Revenue": 3584145.0,
        "EBITDA": -1367383.0,
        "EBIT": -6689503.0,
        "Normalized Income": -11978477.8,
        "Net Income From Continuing And Discontinued Operation": -18124732.0,
        "Total Expenses": 13504503.0,
        "Total Operating Income As Reported": -6689503.0,
        "Diluted Average Shares": 79598964.0,
        "Basic Average Shares": 79598964.0,
        "Diluted EPS": -0.22,
        "Basic EPS": -0.22,
        "Diluted NI Availto Com Stockholders": -18124732.0,
        "Net Income Common Stockholders": -18124732.0,
        "Net Income": -18124732.0,
        "Net Income Including Noncontrolling Interests": -18124732.0,
        "Net Income Continuous Operations": -18124732.0,
        "Tax Provision": 1171293.0,
        "Pretax Income": -16953439.0,
        "Other Income Expense": -10263936.0,
        "Other Non Operating Income Expenses": -20179.0,
        "Special Income Charges": -12359058.0,
        "Gain On Sale Of Ppe": 1280328.0,
        "Impairment Of Capital Assets": 13639386.0,
        "Gain On Sale Of Security": 2115301.0,
        "Operating Income": -6689503.0,
        "Operating Expense": 9920358.0,
        "Depreciation Amortization Depletion Income Statement": 5322120.0,
        "Depreciation And Amortization In Income Statement": 5322120.0,
        "Selling General And Administration": 4598238.0,
        "General And Administrative Expense": 4598238.0,
        "Other Gand A": 4598238.0,
        "Gross Profit": 3230855.0,
        "Cost Of Revenue": 3584145.0,
        "Total Revenue": 6815000.0,
        "Operating Revenue": 6815000.0
    },
    "2022-03-31": {
        "Diluted EPS": -0.06,
        "Total Revenue": 9,
        "Gross Profit": 4,
        "Operating Income": -6,
        "EBIT": -3,
        "Net Income": -4
    },
    "2021-12-31": {
        "Diluted EPS": -0.36,
        "Total Revenue": 13,
        "Gross Profit": 9,
        "Operating Income": -15,
        "EBIT": -12,
        "Net Income": -15
    },
    "2021-09-30": {
        "Diluted EPS": -0.37,
        "Total Revenue": 10,
        "Gross Profit": 8,
        "Operating Income": -16,
        "EBIT": -12,
        "Net Income": -20
    },
    "2021-06-30": {
        "Diluted EPS": -0.03,
        "Total Revenue": 28,
        "Gross Profit": 17,
        "Operating Income": 11,
        "EBIT": 13,
        "Net Income": -1
    },
    "2021-03-31": {
        "Diluted EPS": 0.74,
        "Total Revenue": 44,
        "Gross Profit": 31,
        "Operating Income": 26,
        "EBIT": 29,
        "Net Income": 36
    },
    "2020-12-31": {
        "Diluted EPS": 0.2,
        "Total Revenue": 12,
        "Gross Profit": 5,
        "Operating Income": 1,
        "EBIT": 3,
        "Net Income": 2
    },
    "2020-09-30": {
        "Diluted EPS": 0.0,
        "Total Revenue": 8,
        "Gross Profit": 2,
        "Operating Income": 0,
        "EBIT": 0,
        "Net Income": 0
    },
    "2020-06-30": {
        "Diluted EPS": 0.0,
        "Total Revenue": NaN,
        "Gross Profit": NaN,
        "Operating Income": NaN,
        "Net Income": NaN
    },
    "2020-03-31": {
        "Diluted EPS": -0.25,
        "Total Revenue": 0,
        "Gross Profit": 0,
        "Operating Income": 0,
        "EBIT": 0,
        "Net Income": -4
    },
    "2019-12-31": {
        "Diluted EPS": 0.0,
        "Total Revenue": NaN,
        "Gross Profit": NaN,
        "Operating Income": NaN,
        "EBIT": NaN,
        "Net Income": NaN
    },
    "2019-09-30": {
        "Diluted EPS": -0.2,
        "Total Revenue": NaN,
        "Gross Profit": NaN,
        "Operating Income": -2,
        "EBIT": -2,
        "Net Income": -3
    },
    "2018-12-31": {
        "Diluted EPS": 0.0,
        "Total Revenue": NaN,
        "Gross Profit": NaN,
        "Operating Income": NaN,
        "EBIT": NaN,
        "Net Income": NaN
    },
    "2018-06-30": {
        "Diluted EPS": 0.0,
        "Total Revenue": NaN,
        "Gross Profit": NaN,
        "Operating Income": NaN,
        "EBIT": NaN,
        "Net Income": NaN
    },
    "2017-12-31": {
        "Diluted EPS": 0.0,
        "Total Revenue": NaN,
        "Gross Profit": NaN,
        "Operating Income": NaN,
        "EBIT": NaN,
        "Net Income": NaN
    },
    "2016-12-31": {
        "Diluted EPS": 0.0,
        "Total Revenue": NaN,
        "Gross Profit": NaN,
        "Operating Income": NaN,
        "EBIT": NaN,
        "Net Income": NaN
    },
    "2023-06-30": {
        "Tax Effect Of Unusual Items": NaN,
        "Tax Rate For Calcs": NaN,
        "Normalized EBITDA": NaN,
        "Total Unusual Items": NaN,
        "Total Unusual Items Excluding Goodwill": NaN,
        "Net Income From Continuing Operation Net Minority Interest": NaN,
        "Reconciled Depreciation": NaN,
        "Reconciled Cost Of Revenue": NaN,
        "EBITDA": NaN,
        "EBIT": NaN,
        "Normalized Income": NaN,
        "Net Income From Continuing And Discontinued Operation": NaN,
        "Total Expenses": NaN,
        "Total Operating Income As Reported": NaN,
        "Diluted Average Shares": 83062519.0,
        "Basic Average Shares": 83062519.0,
        "Diluted EPS": -0.03,
        "Basic EPS": -0.03,
        "Diluted NI Availto Com Stockholders": NaN,
        "Net Income Common Stockholders": NaN,
        "Net Income": NaN,
        "Net Income Including Noncontrolling Interests": NaN,
        "Net Income Continuous Operations": NaN,
        "Tax Provision": NaN,
        "Pretax Income": NaN,
        "Other Income Expense": NaN,
        "Other Non Operating Income Expenses": NaN,
        "Special Income Charges": NaN,
        "Gain On Sale Of Ppe": NaN,
        "Impairment Of Capital Assets": NaN,
        "Gain On Sale Of Security": NaN,
        "Operating Income": NaN,
        "Operating Expense": NaN,
        "Depreciation Amortization Depletion Income Statement": NaN,
        "Depreciation And Amortization In Income Statement": NaN,
        "Selling General And Administration": NaN,
        "General And Administrative Expense": NaN,
        "Other Gand A": NaN,
        "Gross Profit": NaN,
        "Cost Of Revenue": NaN,
        "Total Revenue": NaN,
        "Operating Revenue": NaN
    },
    "2023-09-30": {
        "Tax Effect Of Unusual Items": NaN,
        "Tax Rate For Calcs": NaN,
        "Normalized EBITDA": NaN,
        "Total Unusual Items": NaN,
        "Total Unusual Items Excluding Goodwill": NaN,
        "Net Income From Continuing Operation Net Minority Interest": NaN,
        "Reconciled Depreciation": NaN,
        "Reconciled Cost Of Revenue": NaN,
        "EBITDA": NaN,
        "EBIT": NaN,
        "Normalized Income": NaN,
        "Net Income From Continuing And Discontinued Operation": NaN,
        "Total Expenses": NaN,
        "Total Operating Income As Reported": NaN,
        "Diluted Average Shares": 88987799.0,
        "Basic Average Shares": 88987799.0,
        "Diluted EPS": -0.08,
        "Basic EPS": -0.08,
        "Diluted NI Availto Com Stockholders": NaN,
        "Net Income Common Stockholders": NaN,
        "Net Income": NaN,
        "Net Income Including Noncontrolling Interests": NaN,
        "Net Income Continuous Operations": NaN,
        "Tax Provision": NaN,
        "Pretax Income": NaN,
        "Other Income Expense": NaN,
        "Other Non Operating Income Expenses": NaN,
        "Special Income Charges": NaN,
        "Gain On Sale Of Ppe": NaN,
        "Impairment Of Capital Assets": NaN,
        "Gain On Sale Of Security": 8220.0,
        "Operating Income": NaN,
        "Operating Expense": NaN,
        "Depreciation Amortization Depletion Income Statement": NaN,
        "Depreciation And Amortization In Income Statement": NaN,
        "Selling General And Administration": NaN,
        "General And Administrative Expense": NaN,
        "Other Gand A": NaN,
        "Gross Profit": NaN,
        "Cost Of Revenue": NaN,
        "Total Revenue": NaN,
        "Operating Revenue": NaN
    },
    "2023-12-31": {
        "Tax Effect Of Unusual Items": NaN,
        "Tax Rate For Calcs": NaN,
        "Normalized EBITDA": NaN,
        "Total Unusual Items": NaN,
        "Total Unusual Items Excluding Goodwill": NaN,
        "Net Income From Continuing Operation Net Minority Interest": NaN,
        "Reconciled Depreciation": NaN,
        "Reconciled Cost Of Revenue": NaN,
        "EBITDA": NaN,
        "EBIT": NaN,
        "Normalized Income": NaN,
        "Net Income From Continuing And Discontinued Operation": NaN,
        "Total Expenses": NaN,
        "Total Operating Income As Reported": NaN,
        "Diluted Average Shares": NaN,
        "Basic Average Shares": NaN,
        "Diluted EPS": NaN,
        "Basic EPS": NaN,
        "Diluted NI Availto Com Stockholders": NaN,
        "Net Income Common Stockholders": NaN,
        "Net Income": NaN,
        "Net Income Including Noncontrolling Interests": NaN,
        "Net Income Continuous Operations": NaN,
        "Tax Provision": NaN,
        "Pretax Income": NaN,
        "Other Income Expense": NaN,
        "Other Non Operating Income Expenses": NaN,
        "Special Income Charges": NaN,
        "Gain On Sale Of Ppe": NaN,
        "Impairment Of Capital Assets": 900576.0,
        "Gain On Sale Of Security": 0.0,
        "Operating Income": NaN,
        "Operating Expense": NaN,
        "Depreciation Amortization Depletion Income Statement": NaN,
        "Depreciation And Amortization In Income Statement": NaN,
        "Selling General And Administration": NaN,
        "General And Administrative Expense": NaN,
        "Other Gand A": NaN,
        "Gross Profit": NaN,
        "Cost Of Revenue": NaN,
        "Total Revenue": NaN,
        "Operating Revenue": NaN
    },
    "2024-03-31": {
        "Tax Effect Of Unusual Items": NaN,
        "Tax Rate For Calcs": NaN,
        "Normalized EBITDA": NaN,
        "Total Unusual Items": NaN,
        "Total Unusual Items Excluding Goodwill": NaN,
        "Net Income From Continuing Operation Net Minority Interest": NaN,
        "Reconciled Depreciation": NaN,
        "Reconciled Cost Of Revenue": NaN,
        "EBITDA": NaN,
        "EBIT": NaN,
        "Normalized Income": NaN,
        "Net Income From Continuing And Discontinued Operation": NaN,
        "Total Expenses": NaN,
        "Total Operating Income As Reported": NaN,
        "Diluted Average Shares": NaN,
        "Basic Average Shares": NaN,
        "Diluted EPS": NaN,
        "Basic EPS": NaN,
        "Diluted NI Availto Com Stockholders": NaN,
        "Net Income Common Stockholders": NaN,
        "Net Income": NaN,
        "Minority Interests": NaN,
        "Net Income Including Noncontrolling Interests": NaN,
        "Net Income Continuous Operations": NaN,
        "Tax Provision": NaN,
        "Pretax Income": NaN,
        "Other Income Expense": NaN,
        "Other Non Operating Income Expenses": NaN,
        "Special Income Charges": NaN,
        "Gain On Sale Of Ppe": NaN,
        "Impairment Of Capital Assets": 0.0,
        "Operating Income": NaN,
        "Operating Expense": NaN,
        "Depreciation Amortization Depletion Income Statement": NaN,
        "Depreciation And Amortization In Income Statement": NaN,
        "Selling General And Administration": NaN,
        "General And Administrative Expense": NaN,
        "Other Gand A": NaN,
        "Gross Profit": NaN,
        "Cost Of Revenue": NaN,
        "Total Revenue": NaN,
        "Operating Revenue": NaN
    },
    "2024-06-30": {
        "Tax Effect Of Unusual Items": NaN,
        "Tax Rate For Calcs": NaN,
        "Normalized EBITDA": NaN,
        "Total Unusual Items": NaN,
        "Total Unusual Items Excluding Goodwill": NaN,
        "Net Income From Continuing Operation Net Minority Interest": NaN,
        "Reconciled Depreciation": NaN,
        "Reconciled Cost Of Revenue": NaN,
        "EBITDA": NaN,
        "EBIT": NaN,
        "Normalized Income": NaN,
        "Net Income From Continuing And Discontinued Operation": NaN,
        "Total Expenses": NaN,
        "Total Operating Income As Reported": NaN,
        "Diluted Average Shares": 128053586.0,
        "Basic Average Shares": 128053586.0,
        "Diluted EPS": -0.09,
        "Basic EPS": -0.09,
        "Diluted NI Availto Com Stockholders": NaN,
        "Net Income Common Stockholders": NaN,
        "Net Income": NaN,
        "Minority Interests": NaN,
        "Net Income Including Noncontrolling Interests": NaN,
        "Net Income Continuous Operations": NaN,
        "Tax Provision": NaN,
        "Pretax Income": NaN,
        "Other Income Expense": NaN,
        "Other Non Operating Income Expenses": NaN,
        "Special Income Charges": NaN,
        "Gain On Sale Of Ppe": NaN,
        "Impairment Of Capital Assets": 0.0,
        "Operating Income": NaN,
        "Operating Expense": NaN,
        "Depreciation Amortization Depletion Income Statement": NaN,
        "Depreciation And Amortization In Income Statement": NaN,
        "Selling General And Administration": NaN,
        "General And Administrative Expense": NaN,
        "Other Gand A": NaN,
        "Gross Profit": NaN,
        "Cost Of Revenue": NaN,
        "Total Revenue": NaN,
        "Operating Revenue": NaN
    },
    "2024-09-30": {
        "Tax Effect Of Unusual Items": -4602411.24,
        "Tax Rate For Calcs": 0.21,
        "Normalized EBITDA": 15603860.0,
        "Total Unusual Items": -21916244.0,
        "Total Unusual Items Excluding Goodwill": -21916244.0,
        "Net Income From Continuing Operation Net Minority Interest": -38795486.0,
        "Reconciled Depreciation": 8383055.0,
        "Reconciled Cost Of Revenue": 15469305.0,
        "EBITDA": -6312384.0,
        "EBIT": -14695439.0,
        "Normalized Income": -21481653.24,
        "Net Income From Continuing And Discontinued Operation": -38795486.0,
        "Total Expenses": 37534110.0,
        "Total Operating Income As Reported": -36611683.0,
        "Diluted Average Shares": 149684237.0,
        "Basic Average Shares": 149684237.0,
        "Diluted EPS": -0.26,
        "Basic EPS": -0.26,
        "Diluted NI Availto Com Stockholders": -38795486.0,
        "Net Income Common Stockholders": -38795486.0,
        "Net Income": -38795486.0,
        "Minority Interests": 0.0,
        "Net Income Including Noncontrolling Interests": -38795486.0,
        "Net Income Continuous Operations": -38795486.0,
        "Tax Provision": 628230.0,
        "Pretax Income": -38167256.0,
        "Other Income Expense": -23471817.0,
        "Other Non Operating Income Expenses": -1555573.0,
        "Special Income Charges": -21916244.0,
        "Gain On Sale Of Ppe": -21916244.0,
        "Impairment Of Capital Assets": 0.0,
        "Operating Income": -14695439.0,
        "Operating Expense": 22064805.0,
        "Depreciation Amortization Depletion Income Statement": 8383055.0,
        "Depreciation And Amortization In Income Statement": 8383055.0,
        "Selling General And Administration": 13681750.0,
        "General And Administrative Expense": 13681750.0,
        "Other Gand A": 13681750.0,
        "Gross Profit": 7369366.0,
        "Cost Of Revenue": 15469305.0,
        "Total Revenue": 22838671.0,
        "Operating Revenue": 22708527.0
    },
    "2024-12-31": {
        "Tax Effect Of Unusual Items": -535319.594648,
        "Tax Rate For Calcs": 0.040751,
        "Normalized EBITDA": 62967872.0,
        "Total Unusual Items": -13136467.0,
        "Total Unusual Items Excluding Goodwill": -13136467.0,
        "Net Income From Continuing Operation Net Minority Interest": 28972539.0,
        "Reconciled Depreciation": 8735419.0,
        "Reconciled Cost Of Revenue": 15592237.0,
        "EBITDA": 49831405.0,
        "EBIT": 41095986.0,
        "Normalized Income": 41573686.405352,
        "Net Income From Continuing And Discontinued Operation": 28972539.0,
        "Total Expenses": 40717926.0,
        "Total Operating Income As Reported": 28818602.0,
        "Diluted Average Shares": NaN,
        "Basic Average Shares": NaN,
        "Diluted EPS": NaN,
        "Basic EPS": NaN,
        "Diluted NI Availto Com Stockholders": 28972539.0,
        "Net Income Common Stockholders": 28972539.0,
        "Net Income": 28972539.0,
        "Minority Interests": NaN,
        "Net Income Including Noncontrolling Interests": 28972539.0,
        "Net Income Continuous Operations": 28972539.0,
        "Tax Provision": 1230806.0,
        "Pretax Income": 30203345.0,
        "Other Income Expense": -10892641.0,
        "Other Non Operating Income Expenses": 2243826.0,
        "Special Income Charges": -13136467.0,
        "Gain On Sale Of Ppe": -13136467.0,
        "Impairment Of Capital Assets": 0.0,
        "Operating Income": 41095986.0,
        "Operating Expense": 25125689.0,
        "Depreciation Amortization Depletion Income Statement": 8735419.0,
        "Depreciation And Amortization In Income Statement": 8735419.0,
        "Selling General And Administration": 16390270.0,
        "General And Administrative Expense": 16390270.0,
        "Other Gand A": 16390270.0,
        "Gross Profit": 66221675.0,
        "Cost Of Revenue": 15592237.0,
        "Total Revenue": 81813912.0,
        "Operating Revenue": 81263652.0
    },
    "2025-03-31": {
        "Tax Effect Of Unusual Items": -10403157.87,
        "Tax Rate For Calcs": 0.21,
        "Normalized EBITDA": 53617751.0,
        "Total Unusual Items": -49538847.0,
        "Total Unusual Items Excluding Goodwill": -49538847.0,
        "Net Income From Continuing Operation Net Minority Interest": -57711645.0,
        "Reconciled Depreciation": 7241989.0,
        "Reconciled Cost Of Revenue": 12790293.0,
        "EBITDA": 4078904.0,
        "EBIT": -3163085.0,
        "Normalized Income": -18575955.87,
        "Net Income From Continuing And Discontinued Operation": -57711645.0,
        "Total Expenses": 28268205.0,
        "Total Operating Income As Reported": -52368312.0,
        "Diluted Average Shares": 181413307.0,
        "Basic Average Shares": 181413307.0,
        "Diluted EPS": -0.32,
        "Basic EPS": -0.32,
        "Diluted NI Availto Com Stockholders": -57711645.0,
        "Net Income Common Stockholders": -57711645.0,
        "Net Income": -57711645.0,
        "Minority Interests": NaN,
        "Net Income Including Noncontrolling Interests": -57711645.0,
        "Net Income Continuous Operations": -57711645.0,
        "Tax Provision": 671716.0,
        "Pretax Income": -57039929.0,
        "Other Income Expense": -53876844.0,
        "Other Non Operating Income Expenses": -4337997.0,
        "Special Income Charges": -49538847.0,
        "Gain On Sale Of Ppe": -49538847.0,
        "Impairment Of Capital Assets": NaN,
        "Operating Income": -3163085.0,
        "Operating Expense": 15477912.0,
        "Depreciation Amortization Depletion Income Statement": 7241989.0,
        "Depreciation And Amortization In Income Statement": 7241989.0,
        "Selling General And Administration": 8235923.0,
        "General And Administrative Expense": 8235923.0,
        "Other Gand A": 8235923.0,
        "Gross Profit": 12314827.0,
        "Cost Of Revenue": 12790293.0,
        "Total Revenue": 25105120.0,
        "Operating Revenue": 24824553.0
    },
    "2025-06-30": {
        "Tax Effect Of Unusual Items": 2634006.482,
        "Tax Rate For Calcs": 0.097,
        "Normalized EBITDA": -34346869.0,
        "Total Unusual Items": 27154706.0,
        "Total Unusual Items Excluding Goodwill": 27154706.0,
        "Net Income From Continuing Operation Net Minority Interest": 14874202.0,
        "Reconciled Depreciation": 8223538.0,
        "Reconciled Cost Of Revenue": 13184218.0,
        "EBITDA": -7192163.0,
        "EBIT": -15415701.0,
        "Normalized Income": -9646497.518,
        "Net Income From Continuing And Discontinued Operation": 14874202.0,
        "Total Expenses": 41075120.0,
        "Total Operating Income As Reported": 11739005.0,
        "Diluted Average Shares": 208817806.0,
        "Basic Average Shares": 206889826.0,
        "Diluted EPS": 0.07,
        "Basic EPS": 0.07,
        "Diluted NI Availto Com Stockholders": 14874202.0,
        "Net Income Common Stockholders": 14874202.0,
        "Net Income": 14874202.0,
        "Minority Interests": NaN,
        "Net Income Including Noncontrolling Interests": 14874202.0,
        "Net Income Continuous Operations": 14874202.0,
        "Tax Provision": 1591557.0,
        "Pretax Income": 16465759.0,
        "Other Income Expense": 31881460.0,
        "Other Non Operating Income Expenses": 4726754.0,
        "Special Income Charges": 27154706.0,
        "Gain On Sale Of Ppe": 27154706.0,
        "Impairment Of Capital Assets": NaN,
        "Operating Income": -15415701.0,
        "Operating Expense": 27890902.0,
        "Depreciation Amortization Depletion Income Statement": 8223538.0,
        "Depreciation And Amortization In Income Statement": 8223538.0,
        "Selling General And Administration": 19667364.0,
        "General And Administrative Expense": 19667364.0,
        "Other Gand A": 19667364.0,
        "Gross Profit": 12475201.0,
        "Cost Of Revenue": 13184218.0,
        "Total Revenue": 25659419.0,
        "Operating Revenue": 25321489.0
    },
    "2025-09-30": {
        "Tax Effect Of Unusual Items": 828325.735,
        "Tax Rate For Calcs": 0.005,
        "Normalized EBITDA": -180431225.0,
        "Total Unusual Items": 165665147.0,
        "Total Unusual Items Excluding Goodwill": 165665147.0,
        "Net Income From Continuing Operation Net Minority Interest": 150883713.0,
        "Reconciled Depreciation": 9636039.0,
        "Reconciled Cost Of Revenue": 12135334.0,
        "EBITDA": -14766078.0,
        "EBIT": -24402117.0,
        "Normalized Income": -13953108.265,
        "Net Income From Continuing And Discontinued Operation": 150883713.0,
        "Total Expenses": 54866119.0,
        "Total Operating Income As Reported": 141802408.0,
        "Diluted Average Shares": 318896222.0,
        "Basic Average Shares": 317296789.0,
        "Diluted EPS": 0.47,
        "Basic EPS": 0.48,
        "Diluted NI Availto Com Stockholders": 150883713.0,
        "Net Income Common Stockholders": 150883713.0,
        "Net Income": 150883713.0,
        "Minority Interests": 4158903.0,
        "Net Income Including Noncontrolling Interests": 146724810.0,
        "Net Income Continuous Operations": 146724810.0,
        "Tax Provision": 697668.0,
        "Pretax Income": 147422478.0,
        "Other Income Expense": 171824595.0,
        "Other Non Operating Income Expenses": 6159448.0,
        "Special Income Charges": 165665147.0,
        "Gain On Sale Of Ppe": 167501339.0,
        "Impairment Of Capital Assets": 1836192.0,
        "Operating Income": -24402117.0,
        "Operating Expense": 42730785.0,
        "Depreciation Amortization Depletion Income Statement": 9636039.0,
        "Depreciation And Amortization In Income Statement": 9636039.0,
        "Selling General And Administration": 33094746.0,
        "General And Administrative Expense": 33094746.0,
        "Other Gand A": 33094746.0,
        "Gross Profit": 18328668.0,
        "Cost Of Revenue": 12135334.0,
        "Total Revenue": 30464002.0,
        "Operating Revenue": 30009414.0
    }
}