{
    "2023-06-30": {
        "Tax Effect Of Unusual Items": NaN,
        "Tax Rate For Calcs": NaN,
        "Normalized EBITDA": NaN,
        "Total Unusual Items": NaN,
        "Total Unusual Items Excluding Goodwill": NaN,
        "Net Income From Continuing Operation Net Minority Interest": NaN,
        "Reconciled Depreciation": NaN,
        "Reconciled Cost Of Revenue": NaN,
        "EBITDA": NaN,
        "EBIT": NaN,
        "Net Interest Income": NaN,
        "Interest Expense": NaN,
        "Normalized Income": NaN,
        "Net Income From Continuing And Discontinued Operation": NaN,
        "Total Expenses": NaN,
        "Diluted Average Shares": 588170000.0,
        "Basic Average Shares": 583365000.0,
        "Diluted EPS": 0.36,
        "Basic EPS": 0.37,
        "Diluted NI Availto Com Stockholders": NaN,
        "Net Income Common Stockholders": NaN,
        "Net Income": NaN,
        "Net Income Including Noncontrolling Interests": NaN,
        "Net Income Continuous Operations": NaN,
        "Tax Provision": NaN,
        "Pretax Income": NaN,
        "Other Income Expense": NaN,
        "Other Non Operating Income Expenses": NaN,
        "Special Income Charges": NaN,
        "Gain On Sale Of Ppe": NaN,
        "Other Special Charges": NaN,
        "Restructuring And Mergern Acquisition": NaN,
        "Gain On Sale Of Security": NaN,
        "Net Non Operating Interest Income Expense": NaN,
        "Total Other Finance Cost": NaN,
        "Interest Expense Non Operating": NaN,
        "Operating Income": NaN,
        "Operating Expense": NaN,
        "Other Operating Expenses": NaN,
        "Selling General And Administration": NaN,
        "General And Administrative Expense": NaN,
        "Other Gand A": NaN,
        "Salaries And Wages": NaN,
        "Gross Profit": NaN,
        "Cost Of Revenue": NaN,
        "Total Revenue": NaN,
        "Operating Revenue": NaN
    },
    "2023-03-31": {
        "Tax Effect Of Unusual Items": NaN,
        "Tax Rate For Calcs": NaN,
        "Normalized EBITDA": NaN,
        "Total Unusual Items": NaN,
        "Total Unusual Items Excluding Goodwill": NaN,
        "Net Income From Continuing Operation Net Minority Interest": NaN,
        "Reconciled Depreciation": NaN,
        "Reconciled Cost Of Revenue": NaN,
        "EBITDA": NaN,
        "EBIT": NaN,
        "Net Interest Income": NaN,
        "Interest Expense": NaN,
        "Normalized Income": NaN,
        "Net Income From Continuing And Discontinued Operation": NaN,
        "Total Expenses": NaN,
        "Diluted Average Shares": NaN,
        "Basic Average Shares": NaN,
        "Diluted EPS": NaN,
        "Basic EPS": NaN,
        "Diluted NI Availto Com Stockholders": NaN,
        "Net Income Common Stockholders": NaN,
        "Net Income": NaN,
        "Minority Interests": -61792000.0,
        "Net Income Including Noncontrolling Interests": NaN,
        "Net Income Continuous Operations": NaN,
        "Tax Provision": NaN,
        "Pretax Income": NaN,
        "Other Income Expense": NaN,
        "Other Non Operating Income Expenses": NaN,
        "Special Income Charges": NaN,
        "Gain On Sale Of Ppe": NaN,
        "Restructuring And Mergern Acquisition": NaN,
        "Gain On Sale Of Security": NaN,
        "Net Non Operating Interest Income Expense": NaN,
        "Total Other Finance Cost": NaN,
        "Interest Expense Non Operating": NaN,
        "Operating Income": NaN,
        "Operating Expense": NaN,
        "Other Operating Expenses": NaN,
        "Other Taxes": 16042000.0,
        "Selling General And Administration": NaN,
        "General And Administrative Expense": NaN,
        "Other Gand A": NaN,
        "Salaries And Wages": NaN,
        "Gross Profit": NaN,
        "Cost Of Revenue": NaN,
        "Total Revenue": NaN,
        "Operating Revenue": NaN
    },
    "2022-12-31": {
        "Tax Effect Of Unusual Items": NaN,
        "Tax Rate For Calcs": NaN,
        "Normalized EBITDA": NaN,
        "Total Unusual Items": NaN,
        "Total Unusual Items Excluding Goodwill": NaN,
        "Net Income From Continuing Operation Net Minority Interest": NaN,
        "Reconciled Depreciation": NaN,
        "Reconciled Cost Of Revenue": NaN,
        "EBITDA": NaN,
        "EBIT": NaN,
        "Net Interest Income": NaN,
        "Interest Expense": NaN,
        "Normalized Income": NaN,
        "Net Income From Continuing And Discontinued Operation": NaN,
        "Total Expenses": NaN,
        "Diluted Average Shares": NaN,
        "Basic Average Shares": NaN,
        "Diluted EPS": NaN,
        "Basic EPS": NaN,
        "Diluted NI Availto Com Stockholders": NaN,
        "Net Income Common Stockholders": NaN,
        "Net Income": NaN,
        "Minority Interests": NaN,
        "Net Income Including Noncontrolling Interests": NaN,
        "Net Income Continuous Operations": NaN,
        "Tax Provision": NaN,
        "Pretax Income": NaN,
        "Other Income Expense": NaN,
        "Other Non Operating Income Expenses": NaN,
        "Special Income Charges": NaN,
        "Gain On Sale Of Ppe": NaN,
        "Other Special Charges": 2137000.0,
        "Impairment Of Capital Assets": -267744000.0,
        "Restructuring And Mergern Acquisition": NaN,
        "Gain On Sale Of Security": NaN,
        "Net Non Operating Interest Income Expense": NaN,
        "Total Other Finance Cost": NaN,
        "Interest Expense Non Operating": NaN,
        "Operating Income": NaN,
        "Operating Expense": NaN,
        "Other Operating Expenses": NaN,
        "Other Taxes": NaN,
        "Selling General And Administration": NaN,
        "General And Administrative Expense": NaN,
        "Other Gand A": NaN,
        "Salaries And Wages": NaN,
        "Gross Profit": NaN,
        "Cost Of Revenue": NaN,
        "Total Revenue": NaN,
        "Operating Revenue": NaN
    },
    "2022-09-30": {
        "Tax Effect Of Unusual Items": NaN,
        "Tax Rate For Calcs": NaN,
        "Normalized EBITDA": NaN,
        "Total Unusual Items": NaN,
        "Total Unusual Items Excluding Goodwill": NaN,
        "Net Income From Continuing Operation Net Minority Interest": NaN,
        "Reconciled Depreciation": NaN,
        "Reconciled Cost Of Revenue": NaN,
        "EBITDA": NaN,
        "EBIT": NaN,
        "Net Interest Income": NaN,
        "Interest Expense": NaN,
        "Normalized Income": NaN,
        "Net Income From Continuing And Discontinued Operation": NaN,
        "Total Expenses": NaN,
        "Diluted Average Shares": 559174000.0,
        "Basic Average Shares": 553409000.0,
        "Diluted EPS": 0.47,
        "Basic EPS": 0.48,
        "Diluted NI Availto Com Stockholders": NaN,
        "Net Income Common Stockholders": NaN,
        "Net Income": NaN,
        "Minority Interests": NaN,
        "Net Income Including Noncontrolling Interests": NaN,
        "Net Income Continuous Operations": NaN,
        "Tax Provision": NaN,
        "Pretax Income": NaN,
        "Other Income Expense": NaN,
        "Other Non Operating Income Expenses": NaN,
        "Special Income Charges": NaN,
        "Gain On Sale Of Ppe": NaN,
        "Other Special Charges": 325000.0,
        "Impairment Of Capital Assets": 0.0,
        "Restructuring And Mergern Acquisition": NaN,
        "Gain On Sale Of Security": NaN,
        "Net Non Operating Interest Income Expense": NaN,
        "Total Other Finance Cost": NaN,
        "Interest Expense Non Operating": NaN,
        "Operating Income": NaN,
        "Operating Expense": NaN,
        "Other Operating Expenses": NaN,
        "Other Taxes": NaN,
        "Selling General And Administration": NaN,
        "General And Administrative Expense": NaN,
        "Other Gand A": NaN,
        "Salaries And Wages": NaN,
        "Gross Profit": NaN,
        "Cost Of Revenue": NaN,
        "Total Revenue": NaN,
        "Operating Revenue": NaN
    },
    "2022-06-30": {
        "Tax Effect Of Unusual Items": -17156907.833105,
        "Tax Rate For Calcs": 0.184928,
        "Normalized EBITDA": 477568000.0,
        "Total Unusual Items": -92776000.0,
        "Total Unusual Items Excluding Goodwill": -92776000.0,
        "Net Income From Continuing Operation Net Minority Interest": 180972000.0,
        "Reconciled Depreciation": 142286000.0,
        "Reconciled Cost Of Revenue": 489924000.0,
        "EBITDA": 384792000.0,
        "EBIT": 242506000.0,
        "Net Interest Income": -23208000.0,
        "Interest Expense": 20474000.0,
        "Normalized Income": 256591092.166895,
        "Net Income From Continuing And Discontinued Operation": 180972000.0,
        "Total Expenses": 515585000.0,
        "Diluted Average Shares": 571697000.0,
        "Basic Average Shares": 566997000.0,
        "Diluted EPS": 0.32,
        "Basic EPS": 0.32,
        "Diluted NI Availto Com Stockholders": 180972000.0,
        "Net Income Common Stockholders": 180972000.0,
        "Net Income": 180972000.0,
        "Minority Interests": NaN,
        "Net Income Including Noncontrolling Interests": 180972000.0,
        "Net Income Continuous Operations": 180972000.0,
        "Tax Provision": 41060000.0,
        "Pretax Income": 222032000.0,
        "Other Income Expense": -93344000.0,
        "Other Non Operating Income Expenses": -568000.0,
        "Special Income Charges": 207000.0,
        "Gain On Sale Of Ppe": 207000.0,
        "Other Special Charges": NaN,
        "Impairment Of Capital Assets": 0.0,
        "Restructuring And Mergern Acquisition": NaN,
        "Gain On Sale Of Security": -92983000.0,
        "Net Non Operating Interest Income Expense": -23208000.0,
        "Total Other Finance Cost": 2734000.0,
        "Interest Expense Non Operating": 20474000.0,
        "Operating Income": 338584000.0,
        "Operating Expense": 25661000.0,
        "Other Operating Expenses": 11079000.0,
        "Other Taxes": NaN,
        "Selling General And Administration": 14582000.0,
        "General And Administrative Expense": 14582000.0,
        "Other Gand A": 11640000.0,
        "Salaries And Wages": 2942000.0,
        "Gross Profit": 364245000.0,
        "Cost Of Revenue": 489924000.0,
        "Total Revenue": 854169000.0,
        "Operating Revenue": 854169000.0
    },
    "2022-03-31": {
        "Diluted EPS": 0.08,
        "Total Revenue": 435,
        "Gross Profit": 348,
        "Operating Income": 189,
        "EBIT": 300,
        "Net Income": 45
    },
    "2021-12-31": {
        "Diluted EPS": 0.74,
        "Total Revenue": 359,
        "Gross Profit": 277,
        "Operating Income": 447,
        "EBIT": 554,
        "Net Income": 432
    },
    "2021-09-30": {
        "Diluted EPS": 0.05,
        "Total Revenue": 316,
        "Gross Profit": 243,
        "Operating Income": 111,
        "EBIT": 208,
        "Net Income": 26
    },
    "2021-06-30": {
        "Diluted EPS": 1.51,
        "Total Revenue": 294,
        "Gross Profit": 220,
        "Operating Income": NaN,
        "EBIT": NaN,
        "Net Income": 857
    },
    "2021-03-31": {
        "Diluted EPS": -0.05,
        "Total Revenue": 251,
        "Gross Profit": 180,
        "Operating Income": 76,
        "EBIT": 157,
        "Net Income": -28
    },
    "2020-12-31": {
        "Diluted EPS": 0.29,
        "Total Revenue": 149,
        "Gross Profit": 82,
        "Operating Income": 255,
        "EBIT": 324,
        "Net Income": 160
    },
    "2020-09-30": {
        "Diluted EPS": -0.03,
        "Total Revenue": 160,
        "Gross Profit": 100,
        "Operating Income": -3,
        "EBIT": 85,
        "Net Income": -18
    },
    "2020-06-30": {
        "Diluted EPS": -0.18,
        "Total Revenue": 89,
        "Gross Profit": 32,
        "Operating Income": -56,
        "EBIT": 15,
        "Net Income": -100
    },
    "2020-03-31": {
        "Diluted EPS": -3.33,
        "Total Revenue": 209,
        "Gross Profit": 123,
        "Operating Income": NaN,
        "EBIT": NaN,
        "Net Income": NaN
    },
    "2019-12-31": {
        "Diluted EPS": -0.16,
        "Total Revenue": 279,
        "Gross Profit": 197,
        "Operating Income": -106,
        "EBIT": 28,
        "Net Income": -88
    },
    "2019-09-30": {
        "Diluted EPS": 0.02,
        "Total Revenue": 265,
        "Gross Profit": 184,
        "Operating Income": 25,
        "EBIT": 166,
        "Net Income": 11
    },
    "2019-06-30": {
        "Diluted EPS": 0.11,
        "Total Revenue": 296,
        "Gross Profit": 212,
        "Operating Income": 41,
        "EBIT": 179,
        "Net Income": 59
    },
    "2019-03-31": {
        "Diluted EPS": 0.02,
        "Total Revenue": 280,
        "Gross Profit": 194,
        "Operating Income": 26,
        "EBIT": 165,
        "Net Income": 9
    },
    "2018-12-31": {
        "Diluted EPS": -0.36,
        "Total Revenue": 212,
        "Gross Profit": 129,
        "Operating Income": -277,
        "EBIT": -126,
        "Net Income": -177
    },
    "2018-09-30": {
        "Diluted EPS": 0.05,
        "Total Revenue": 264,
        "Gross Profit": 197,
        "Operating Income": 48,
        "EBIT": 156,
        "Net Income": 21
    },
    "2018-06-30": {
        "Diluted EPS": -0.19,
        "Total Revenue": 210,
        "Gross Profit": 149,
        "Operating Income": 36,
        "EBIT": 121,
        "Net Income": -46
    },
    "2018-03-31": {
        "Diluted EPS": -0.21,
        "Total Revenue": 175,
        "Gross Profit": 116,
        "Operating Income": 3,
        "EBIT": 89,
        "Net Income": -50
    },
    "2017-12-31": {
        "Diluted EPS": 0.25,
        "Total Revenue": 183,
        "Gross Profit": 122,
        "Operating Income": 9,
        "EBIT": 85,
        "Net Income": 59
    },
    "2017-09-30": {
        "Diluted EPS": -0.03,
        "Total Revenue": 159,
        "Gross Profit": 100,
        "Operating Income": -14,
        "EBIT": 93,
        "Net Income": -7
    },
    "2017-06-30": {
        "Diluted EPS": 0.03,
        "Total Revenue": 159,
        "Gross Profit": 100,
        "Operating Income": -25,
        "EBIT": 71,
        "Net Income": 7
    },
    "2017-03-31": {
        "Diluted EPS": 0.04,
        "Total Revenue": 154,
        "Gross Profit": 99,
        "Operating Income": -15,
        "EBIT": 78,
        "Net Income": 8
    },
    "2016-12-31": {
        "Diluted EPS": -1.12,
        "Total Revenue": 132,
        "Gross Profit": 81,
        "Operating Income": -327,
        "EBIT": -236,
        "Net Income": -269
    },
    "2016-09-30": {
        "Diluted EPS": -0.29,
        "Total Revenue": 117,
        "Gross Profit": 67,
        "Operating Income": -59,
        "EBIT": 29,
        "Net Income": -30
    },
    "2016-06-30": {
        "Diluted EPS": -0.32,
        "Total Revenue": 119,
        "Gross Profit": 72,
        "Operating Income": -37,
        "EBIT": 64,
        "Net Income": -67
    },
    "2016-03-31": {
        "Diluted EPS": 0.0,
        "Total Revenue": 87,
        "Gross Profit": 31,
        "Operating Income": -89,
        "EBIT": 15,
        "Net Income": 0
    },
    "2015-12-31": {
        "Diluted EPS": -1.21,
        "Total Revenue": -93,
        "Gross Profit": -137,
        "Operating Income": -725,
        "EBIT": -587,
        "Net Income": -257
    },
    "2015-09-30": {
        "Diluted EPS": -1.9,
        "Total Revenue": 161,
        "Gross Profit": 90,
        "Operating Income": -426,
        "EBIT": -318,
        "Net Income": -396
    },
    "2015-06-30": {
        "Diluted EPS": -0.11,
        "Total Revenue": 281,
        "Gross Profit": 195,
        "Operating Income": 43,
        "EBIT": 175,
        "Net Income": -22
    },
    "2015-03-31": {
        "Diluted EPS": -1.26,
        "Total Revenue": 347,
        "Gross Profit": 255,
        "Operating Income": 92,
        "EBIT": 233,
        "Net Income": -214
    },
    "2014-12-31": {
        "Diluted EPS": -1.72,
        "Total Revenue": 378,
        "Gross Profit": 257,
        "Operating Income": 80,
        "EBIT": 235,
        "Net Income": -290
    },
    "2014-09-30": {
        "Diluted EPS": 0.77,
        "Total Revenue": 568,
        "Gross Profit": 449,
        "Operating Income": 268,
        "EBIT": 426,
        "Net Income": 129
    },
    "2014-06-30": {
        "Diluted EPS": 0.25,
        "Total Revenue": 438,
        "Gross Profit": 333,
        "Operating Income": 217,
        "EBIT": 309,
        "Net Income": 34
    },
    "2014-03-31": {
        "Diluted EPS": 0.35,
        "Total Revenue": 352,
        "Gross Profit": 249,
        "Operating Income": 141,
        "EBIT": 221,
        "Net Income": 44
    },
    "2013-12-31": {
        "Diluted EPS": 0.22,
        "Total Revenue": 297,
        "Gross Profit": 196,
        "Operating Income": 92,
        "EBIT": 181,
        "Net Income": 28
    },
    "2013-09-30": {
        "Diluted EPS": 0.67,
        "Total Revenue": 405,
        "Gross Profit": 303,
        "Operating Income": 210,
        "EBIT": 280,
        "Net Income": 84
    },
    "2013-06-30": {
        "Diluted EPS": 0.28,
        "Total Revenue": 330,
        "Gross Profit": 222,
        "Operating Income": 116,
        "EBIT": 199,
        "Net Income": 35
    },
    "2013-03-31": {
        "Diluted EPS": 0.08,
        "Total Revenue": 273,
        "Gross Profit": 162,
        "Operating Income": 60,
        "EBIT": 138,
        "Net Income": 10
    },
    "2012-12-31": {
        "Diluted EPS": 0.25,
        "Total Revenue": 284,
        "Gross Profit": -6,
        "Operating Income": 90,
        "EBIT": 172,
        "Net Income": 31
    },
    "2012-09-30": {
        "Diluted EPS": 0.22,
        "Total Revenue": 252,
        "Gross Profit": 208,
        "Operating Income": 66,
        "EBIT": 140,
        "Net Income": 27
    },
    "2012-06-30": {
        "Diluted EPS": 1.3,
        "Total Revenue": 287,
        "Gross Profit": 239,
        "Operating Income": 85,
        "EBIT": 155,
        "Net Income": 159
    },
    "2012-03-31": {
        "Diluted EPS": 0.36,
        "Total Revenue": 342,
        "Gross Profit": 284,
        "Operating Income": 129,
        "EBIT": 202,
        "Net Income": 43
    },
    "2011-12-31": {
        "Diluted EPS": 0.49,
        "Total Revenue": 371,
        "Gross Profit": 291,
        "Operating Income": 161,
        "EBIT": 232,
        "Net Income": 58
    },
    "2011-09-30": {
        "Diluted EPS": 0.43,
        "Total Revenue": 308,
        "Gross Profit": 252,
        "Operating Income": 107,
        "EBIT": 171,
        "Net Income": 51
    },
    "2011-06-30": {
        "Diluted EPS": 0.92,
        "Total Revenue": 342,
        "Gross Profit": 273,
        "Operating Income": 142,
        "EBIT": 202,
        "Net Income": 109
    },
    "2011-03-31": {
        "Diluted EPS": 0.01,
        "Total Revenue": 303,
        "Gross Profit": 255,
        "Operating Income": 110,
        "EBIT": 167,
        "Net Income": 1
    },
    "2010-12-31": {
        "Diluted EPS": 0.5,
        "Total Revenue": 271,
        "Gross Profit": 219,
        "Operating Income": 143,
        "EBIT": 211,
        "Net Income": 59
    },
    "2010-09-30": {
        "Diluted EPS": 0.3,
        "Total Revenue": 238,
        "Gross Profit": 201,
        "Operating Income": 45,
        "EBIT": 110,
        "Net Income": 35
    },
    "2010-06-30": {
        "Diluted EPS": 0.28,
        "Total Revenue": 232,
        "Gross Profit": 187,
        "Operating Income": 69,
        "EBIT": 135,
        "Net Income": 32
    },
    "2010-03-31": {
        "Diluted EPS": 0.53,
        "Total Revenue": 301,
        "Gross Profit": 251,
        "Operating Income": 134,
        "EBIT": 197,
        "Net Income": 45
    },
    "2009-12-31": {
        "Diluted EPS": 0.24,
        "Total Revenue": 225,
        "Gross Profit": 182,
        "Operating Income": 70,
        "EBIT": 123,
        "Net Income": 26
    },
    "2009-09-30": {
        "Diluted EPS": 0.34,
        "Total Revenue": 189,
        "Gross Profit": 156,
        "Operating Income": 59,
        "EBIT": 118,
        "Net Income": 37
    },
    "2009-06-30": {
        "Diluted EPS": 0.24,
        "Total Revenue": 178,
        "Gross Profit": 144,
        "Operating Income": 55,
        "EBIT": 106,
        "Net Income": 25
    },
    "2009-03-31": {
        "Diluted EPS": -0.07,
        "Total Revenue": 109,
        "Gross Profit": 79,
        "Operating Income": -5,
        "EBIT": 39,
        "Net Income": -7
    },
    "2023-09-30": {
        "Tax Effect Of Unusual Items": NaN,
        "Tax Rate For Calcs": NaN,
        "Normalized EBITDA": NaN,
        "Total Unusual Items": NaN,
        "Total Unusual Items Excluding Goodwill": NaN,
        "Net Income From Continuing Operation Net Minority Interest": NaN,
        "Reconciled Depreciation": NaN,
        "Reconciled Cost Of Revenue": NaN,
        "EBITDA": NaN,
        "EBIT": NaN,
        "Net Interest Income": NaN,
        "Interest Expense": NaN,
        "Normalized Income": NaN,
        "Net Income From Continuing And Discontinued Operation": NaN,
        "Total Expenses": NaN,
        "Diluted Average Shares": 860572000.0,
        "Basic Average Shares": 855300000.0,
        "Diluted EPS": 0.15,
        "Basic EPS": 0.15,
        "Diluted NI Availto Com Stockholders": NaN,
        "Net Income Common Stockholders": NaN,
        "Net Income": NaN,
        "Net Income Including Noncontrolling Interests": NaN,
        "Net Income Continuous Operations": NaN,
        "Tax Provision": NaN,
        "Pretax Income": NaN,
        "Other Income Expense": NaN,
        "Other Non Operating Income Expenses": NaN,
        "Special Income Charges": NaN,
        "Gain On Sale Of Ppe": NaN,
        "Other Special Charges": NaN,
        "Restructuring And Mergern Acquisition": NaN,
        "Gain On Sale Of Security": NaN,
        "Net Non Operating Interest Income Expense": NaN,
        "Total Other Finance Cost": NaN,
        "Interest Expense Non Operating": NaN,
        "Operating Income": NaN,
        "Operating Expense": NaN,
        "Other Operating Expenses": NaN,
        "Selling General And Administration": NaN,
        "General And Administrative Expense": NaN,
        "Other Gand A": NaN,
        "Salaries And Wages": NaN,
        "Gross Profit": NaN,
        "Cost Of Revenue": NaN,
        "Total Revenue": NaN,
        "Operating Revenue": NaN
    },
    "2023-12-31": {
        "Tax Effect Of Unusual Items": -193156067.997151,
        "Tax Rate For Calcs": 0.215264,
        "Normalized EBITDA": 542522000.0,
        "Total Unusual Items": -897298000.0,
        "Total Unusual Items Excluding Goodwill": -897298000.0,
        "Net Income From Continuing Operation Net Minority Interest": -625830000.0,
        "Reconciled Depreciation": 386030000.0,
        "Reconciled Cost Of Revenue": 841770000.0,
        "EBITDA": -354776000.0,
        "EBIT": -740806000.0,
        "Net Interest Income": -59732000.0,
        "Interest Expense": 56698000.0,
        "Normalized Income": 78311932.002849,
        "Net Income From Continuing And Discontinued Operation": -625830000.0,
        "Total Expenses": 904161000.0,
        "Diluted Average Shares": NaN,
        "Basic Average Shares": NaN,
        "Diluted EPS": NaN,
        "Basic EPS": NaN,
        "Diluted NI Availto Com Stockholders": -625830000.0,
        "Net Income Common Stockholders": -625830000.0,
        "Net Income": -625830000.0,
        "Net Income Including Noncontrolling Interests": -625830000.0,
        "Net Income Continuous Operations": -625830000.0,
        "Tax Provision": -171674000.0,
        "Pretax Income": -797504000.0,
        "Other Income Expense": -899126000.0,
        "Other Non Operating Income Expenses": -1828000.0,
        "Special Income Charges": -980575000.0,
        "Gain On Sale Of Ppe": -141834000.0,
        "Other Special Charges": NaN,
        "Restructuring And Mergern Acquisition": 5079000.0,
        "Gain On Sale Of Security": 83277000.0,
        "Net Non Operating Interest Income Expense": -59732000.0,
        "Total Other Finance Cost": 3034000.0,
        "Interest Expense Non Operating": 56698000.0,
        "Operating Income": 161354000.0,
        "Operating Expense": 62391000.0,
        "Other Operating Expenses": 43853000.0,
        "Selling General And Administration": 18538000.0,
        "General And Administrative Expense": 18538000.0,
        "Other Gand A": 22279000.0,
        "Salaries And Wages": -3741000.0,
        "Gross Profit": 223745000.0,
        "Cost Of Revenue": 841770000.0,
        "Total Revenue": 1065515000.0,
        "Operating Revenue": 1065515000.0
    },
    "2024-03-31": {
        "Tax Effect Of Unusual Items": NaN,
        "Tax Rate For Calcs": NaN,
        "Normalized EBITDA": NaN,
        "Total Unusual Items": NaN,
        "Total Unusual Items Excluding Goodwill": NaN,
        "Net Income From Continuing Operation Net Minority Interest": NaN,
        "Reconciled Depreciation": NaN,
        "Reconciled Cost Of Revenue": NaN,
        "EBITDA": NaN,
        "EBIT": NaN,
        "Net Interest Income": NaN,
        "Interest Expense": NaN,
        "Normalized Income": NaN,
        "Net Income From Continuing And Discontinued Operation": NaN,
        "Total Expenses": NaN,
        "Diluted Average Shares": 821710000.0,
        "Basic Average Shares": 821710000.0,
        "Diluted EPS": -0.02,
        "Basic EPS": -0.02,
        "Diluted NI Availto Com Stockholders": NaN,
        "Net Income Common Stockholders": NaN,
        "Net Income": NaN,
        "Net Income Including Noncontrolling Interests": NaN,
        "Net Income Continuous Operations": NaN,
        "Tax Provision": NaN,
        "Pretax Income": NaN,
        "Other Income Expense": NaN,
        "Other Non Operating Income Expenses": NaN,
        "Special Income Charges": NaN,
        "Gain On Sale Of Ppe": NaN,
        "Other Special Charges": NaN,
        "Restructuring And Mergern Acquisition": NaN,
        "Gain On Sale Of Security": NaN,
        "Net Non Operating Interest Income Expense": NaN,
        "Total Other Finance Cost": NaN,
        "Interest Expense Non Operating": NaN,
        "Operating Income": NaN,
        "Operating Expense": NaN,
        "Other Operating Expenses": NaN,
        "Selling General And Administration": NaN,
        "General And Administrative Expense": NaN,
        "Other Gand A": NaN,
        "Salaries And Wages": NaN,
        "Gross Profit": NaN,
        "Cost Of Revenue": NaN,
        "Total Revenue": NaN,
        "Operating Revenue": NaN
    },
    "2024-06-30": {
        "Tax Effect Of Unusual Items": NaN,
        "Tax Rate For Calcs": NaN,
        "Normalized EBITDA": NaN,
        "Total Unusual Items": NaN,
        "Total Unusual Items Excluding Goodwill": NaN,
        "Net Income From Continuing Operation Net Minority Interest": NaN,
        "Reconciled Depreciation": NaN,
        "Reconciled Cost Of Revenue": NaN,
        "EBITDA": NaN,
        "EBIT": NaN,
        "Net Interest Income": NaN,
        "Interest Expense": NaN,
        "Normalized Income": NaN,
        "Net Income From Continuing And Discontinued Operation": NaN,
        "Total Expenses": NaN,
        "Diluted Average Shares": 818025000.0,
        "Basic Average Shares": 814151000.0,
        "Diluted EPS": 0.13,
        "Basic EPS": 0.13,
        "Diluted NI Availto Com Stockholders": NaN,
        "Net Income Common Stockholders": NaN,
        "Net Income": NaN,
        "Net Income Including Noncontrolling Interests": NaN,
        "Net Income Continuous Operations": NaN,
        "Tax Provision": NaN,
        "Pretax Income": NaN,
        "Other Income Expense": NaN,
        "Other Non Operating Income Expenses": NaN,
        "Special Income Charges": NaN,
        "Gain On Sale Of Ppe": NaN,
        "Other Special Charges": NaN,
        "Restructuring And Mergern Acquisition": NaN,
        "Gain On Sale Of Security": NaN,
        "Net Non Operating Interest Income Expense": NaN,
        "Total Other Finance Cost": NaN,
        "Interest Expense Non Operating": NaN,
        "Operating Income": NaN,
        "Operating Expense": NaN,
        "Other Operating Expenses": NaN,
        "Selling General And Administration": NaN,
        "General And Administrative Expense": NaN,
        "Other Gand A": NaN,
        "Salaries And Wages": NaN,
        "Gross Profit": NaN,
        "Cost Of Revenue": NaN,
        "Total Revenue": NaN,
        "Operating Revenue": NaN
    },
    "2024-09-30": {
        "Tax Effect Of Unusual Items": 6434413.024069,
        "Tax Rate For Calcs": 0.138709,
        "Normalized EBITDA": 575153000.0,
        "Total Unusual Items": 46388000.0,
        "Total Unusual Items Excluding Goodwill": 46388000.0,
        "Net Income From Continuing Operation Net Minority Interest": 185219000.0,
        "Reconciled Depreciation": 356384000.0,
        "Reconciled Cost Of Revenue": 799205000.0,
        "EBITDA": 621541000.0,
        "EBIT": 265157000.0,
        "Net Interest Income": -53176000.0,
        "Interest Expense": 50109000.0,
        "Normalized Income": 145265413.024069,
        "Net Income From Continuing And Discontinued Operation": 185219000.0,
        "Total Expenses": 861894000.0,
        "Diluted Average Shares": 800217000.0,
        "Basic Average Shares": 796064000.0,
        "Diluted EPS": 0.23,
        "Basic EPS": 0.23,
        "Diluted NI Availto Com Stockholders": 185219000.0,
        "Net Income Common Stockholders": 185219000.0,
        "Net Income": 185219000.0,
        "Net Income Including Noncontrolling Interests": 185219000.0,
        "Net Income Continuous Operations": 185219000.0,
        "Tax Provision": 29829000.0,
        "Pretax Income": 215048000.0,
        "Other Income Expense": 55495000.0,
        "Other Non Operating Income Expenses": 9107000.0,
        "Special Income Charges": -1091000.0,
        "Gain On Sale Of Ppe": -1091000.0,
        "Other Special Charges": NaN,
        "Restructuring And Mergern Acquisition": 0.0,
        "Gain On Sale Of Security": 47479000.0,
        "Net Non Operating Interest Income Expense": -53176000.0,
        "Total Other Finance Cost": 3067000.0,
        "Interest Expense Non Operating": 50109000.0,
        "Operating Income": 212729000.0,
        "Operating Expense": 62689000.0,
        "Other Operating Expenses": 42489000.0,
        "Selling General And Administration": 20200000.0,
        "General And Administrative Expense": 20200000.0,
        "Other Gand A": 17895000.0,
        "Salaries And Wages": 2305000.0,
        "Gross Profit": 275418000.0,
        "Cost Of Revenue": 799205000.0,
        "Total Revenue": 1074623000.0,
        "Operating Revenue": 1074623000.0
    },
    "2024-12-31": {
        "Tax Effect Of Unusual Items": -17914650.0,
        "Tax Rate For Calcs": 0.15,
        "Normalized EBITDA": 522109000.0,
        "Total Unusual Items": -119431000.0,
        "Total Unusual Items Excluding Goodwill": -119431000.0,
        "Net Income From Continuing Operation Net Minority Interest": -38477000.0,
        "Reconciled Depreciation": 332288000.0,
        "Reconciled Cost Of Revenue": 764801000.0,
        "EBITDA": 402678000.0,
        "EBIT": 70390000.0,
        "Net Interest Income": -51474000.0,
        "Interest Expense": 48769000.0,
        "Normalized Income": 63039350.0,
        "Net Income From Continuing And Discontinued Operation": -38477000.0,
        "Total Expenses": 824169000.0,
        "Diluted Average Shares": NaN,
        "Basic Average Shares": NaN,
        "Diluted EPS": NaN,
        "Basic EPS": NaN,
        "Diluted NI Availto Com Stockholders": -38477000.0,
        "Net Income Common Stockholders": -38477000.0,
        "Net Income": -38477000.0,
        "Net Income Including Noncontrolling Interests": -38477000.0,
        "Net Income Continuous Operations": -38477000.0,
        "Tax Provision": 60098000.0,
        "Pretax Income": 21621000.0,
        "Other Income Expense": -119753000.0,
        "Other Non Operating Income Expenses": -322000.0,
        "Special Income Charges": 3521000.0,
        "Gain On Sale Of Ppe": 3521000.0,
        "Other Special Charges": 0.0,
        "Restructuring And Mergern Acquisition": 0.0,
        "Gain On Sale Of Security": -122952000.0,
        "Net Non Operating Interest Income Expense": -51474000.0,
        "Total Other Finance Cost": 2705000.0,
        "Interest Expense Non Operating": 48769000.0,
        "Operating Income": 192848000.0,
        "Operating Expense": 59368000.0,
        "Other Operating Expenses": 38456000.0,
        "Selling General And Administration": 20912000.0,
        "General And Administrative Expense": 20912000.0,
        "Other Gand A": 20433000.0,
        "Salaries And Wages": 479000.0,
        "Gross Profit": 252216000.0,
        "Cost Of Revenue": 764801000.0,
        "Total Revenue": 1017017000.0,
        "Operating Revenue": 1017017000.0
    },
    "2025-03-31": {
        "Tax Effect Of Unusual Items": -10793524.470416,
        "Tax Rate For Calcs": 0.229796,
        "Normalized EBITDA": 504034000.0,
        "Total Unusual Items": -46970000.0,
        "Total Unusual Items Excluding Goodwill": -46970000.0,
        "Net Income From Continuing Operation Net Minority Interest": 69591000.0,
        "Reconciled Depreciation": 319923000.0,
        "Reconciled Cost Of Revenue": 748383000.0,
        "EBITDA": 457064000.0,
        "EBIT": 137141000.0,
        "Net Interest Income": -49597000.0,
        "Interest Expense": 46787000.0,
        "Normalized Income": 105767475.529584,
        "Net Income From Continuing And Discontinued Operation": 69591000.0,
        "Total Expenses": 811020000.0,
        "Diluted Average Shares": 774257000.0,
        "Basic Average Shares": 771443000.0,
        "Diluted EPS": 0.09,
        "Basic EPS": 0.09,
        "Diluted NI Availto Com Stockholders": 69591000.0,
        "Net Income Common Stockholders": 69591000.0,
        "Net Income": 69591000.0,
        "Net Income Including Noncontrolling Interests": 69591000.0,
        "Net Income Continuous Operations": 69591000.0,
        "Tax Provision": 20763000.0,
        "Pretax Income": 90354000.0,
        "Other Income Expense": -48159000.0,
        "Other Non Operating Income Expenses": -1189000.0,
        "Special Income Charges": -1229000.0,
        "Gain On Sale Of Ppe": -1229000.0,
        "Other Special Charges": NaN,
        "Restructuring And Mergern Acquisition": 0.0,
        "Gain On Sale Of Security": -45741000.0,
        "Net Non Operating Interest Income Expense": -49597000.0,
        "Total Other Finance Cost": 2810000.0,
        "Interest Expense Non Operating": 46787000.0,
        "Operating Income": 188110000.0,
        "Operating Expense": 62637000.0,
        "Other Operating Expenses": 36268000.0,
        "Selling General And Administration": 26369000.0,
        "General And Administrative Expense": 26369000.0,
        "Other Gand A": 25606000.0,
        "Salaries And Wages": 763000.0,
        "Gross Profit": 250747000.0,
        "Cost Of Revenue": 748383000.0,
        "Total Revenue": 999130000.0,
        "Operating Revenue": 999130000.0
    },
    "2025-06-30": {
        "Tax Effect Of Unusual Items": 15832253.070279,
        "Tax Rate For Calcs": 0.129064,
        "Normalized EBITDA": 418371000.0,
        "Total Unusual Items": 122670000.0,
        "Total Unusual Items Excluding Goodwill": 122670000.0,
        "Net Income From Continuing Operation Net Minority Interest": 151549000.0,
        "Reconciled Depreciation": 322159000.0,
        "Reconciled Cost Of Revenue": 561930000.0,
        "EBITDA": 541041000.0,
        "EBIT": 218882000.0,
        "Net Interest Income": -48801000.0,
        "Interest Expense": 44875000.0,
        "Normalized Income": 44711253.070279,
        "Net Income From Continuing And Discontinued Operation": 151549000.0,
        "Total Expenses": 785756000.0,
        "Diluted Average Shares": 772032000.0,
        "Basic Average Shares": 768717000.0,
        "Diluted EPS": 0.2,
        "Basic EPS": 0.2,
        "Diluted NI Availto Com Stockholders": 151549000.0,
        "Net Income Common Stockholders": 151549000.0,
        "Net Income": 151549000.0,
        "Net Income Including Noncontrolling Interests": 151549000.0,
        "Net Income Continuous Operations": 151549000.0,
        "Tax Provision": 22458000.0,
        "Pretax Income": 174007000.0,
        "Other Income Expense": 121985000.0,
        "Other Non Operating Income Expenses": -685000.0,
        "Special Income Charges": 3421000.0,
        "Gain On Sale Of Ppe": 666000.0,
        "Other Special Charges": -2755000.0,
        "Restructuring And Mergern Acquisition": 0.0,
        "Gain On Sale Of Security": 119249000.0,
        "Net Non Operating Interest Income Expense": -48801000.0,
        "Total Other Finance Cost": 3926000.0,
        "Interest Expense Non Operating": 44875000.0,
        "Operating Income": 100823000.0,
        "Operating Expense": 223826000.0,
        "Other Operating Expenses": 200051000.0,
        "Selling General And Administration": 23775000.0,
        "General And Administrative Expense": 23775000.0,
        "Other Gand A": 22220000.0,
        "Salaries And Wages": 1555000.0,
        "Gross Profit": 324649000.0,
        "Cost Of Revenue": 561930000.0,
        "Total Revenue": 886579000.0,
        "Operating Revenue": 886579000.0
    },
    "2025-09-30": {
        "Tax Effect Of Unusual Items": -12915881.552076,
        "Tax Rate For Calcs": 0.319946,
        "Normalized EBITDA": 460343000.0,
        "Total Unusual Items": -40369000.0,
        "Total Unusual Items Excluding Goodwill": -40369000.0,
        "Net Income From Continuing Operation Net Minority Interest": 31968000.0,
        "Reconciled Depreciation": 329093000.0,
        "Reconciled Cost Of Revenue": 720357000.0,
        "EBITDA": 419974000.0,
        "EBIT": 90881000.0,
        "Net Interest Income": -46437000.0,
        "Interest Expense": 43873000.0,
        "Normalized Income": 59421118.447924,
        "Net Income From Continuing And Discontinued Operation": 31968000.0,
        "Total Expenses": 793251000.0,
        "Diluted Average Shares": 773165000.0,
        "Basic Average Shares": 768317000.0,
        "Diluted EPS": 0.04,
        "Basic EPS": 0.04,
        "Diluted NI Availto Com Stockholders": 31968000.0,
        "Net Income Common Stockholders": 31968000.0,
        "Net Income": 31968000.0,
        "Net Income Including Noncontrolling Interests": 31968000.0,
        "Net Income Continuous Operations": 31968000.0,
        "Tax Provision": 15040000.0,
        "Pretax Income": 47008000.0,
        "Other Income Expense": -40952000.0,
        "Other Non Operating Income Expenses": -583000.0,
        "Special Income Charges": 1591000.0,
        "Gain On Sale Of Ppe": 1591000.0,
        "Other Special Charges": NaN,
        "Restructuring And Mergern Acquisition": 0.0,
        "Gain On Sale Of Security": -41960000.0,
        "Net Non Operating Interest Income Expense": -46437000.0,
        "Total Other Finance Cost": 2564000.0,
        "Interest Expense Non Operating": 43873000.0,
        "Operating Income": 134397000.0,
        "Operating Expense": 72894000.0,
        "Other Operating Expenses": 41421000.0,
        "Selling General And Administration": 31473000.0,
        "General And Administrative Expense": 31473000.0,
        "Other Gand A": 20736000.0,
        "Salaries And Wages": 10737000.0,
        "Gross Profit": 207291000.0,
        "Cost Of Revenue": 720357000.0,
        "Total Revenue": 927648000.0,
        "Operating Revenue": 927648000.0
    }
}