{
    "2023-03-31": {
        "Tax Effect Of Unusual Items": NaN,
        "Tax Rate For Calcs": NaN,
        "Normalized EBITDA": NaN,
        "Total Unusual Items": NaN,
        "Total Unusual Items Excluding Goodwill": NaN,
        "Net Income From Continuing Operation Net Minority Interest": NaN,
        "Reconciled Depreciation": NaN,
        "Reconciled Cost Of Revenue": NaN,
        "EBITDA": NaN,
        "EBIT": NaN,
        "Net Interest Income": NaN,
        "Interest Expense": NaN,
        "Normalized Income": NaN,
        "Net Income From Continuing And Discontinued Operation": NaN,
        "Total Expenses": NaN,
        "Total Operating Income As Reported": NaN,
        "Diluted Average Shares": NaN,
        "Basic Average Shares": NaN,
        "Diluted EPS": NaN,
        "Basic EPS": NaN,
        "Diluted NI Availto Com Stockholders": NaN,
        "Net Income Common Stockholders": NaN,
        "Net Income": NaN,
        "Minority Interests": NaN,
        "Net Income Including Noncontrolling Interests": NaN,
        "Net Income Continuous Operations": NaN,
        "Tax Provision": NaN,
        "Pretax Income": NaN,
        "Other Income Expense": NaN,
        "Other Non Operating Income Expenses": NaN,
        "Special Income Charges": NaN,
        "Restructuring And Mergern Acquisition": NaN,
        "Gain On Sale Of Security": -1618000.0,
        "Net Non Operating Interest Income Expense": NaN,
        "Interest Expense Non Operating": NaN,
        "Operating Income": NaN,
        "Operating Expense": NaN,
        "Selling General And Administration": NaN,
        "General And Administrative Expense": 23085000.0,
        "Other Gand A": 23085000.0,
        "Gross Profit": NaN,
        "Cost Of Revenue": NaN,
        "Total Revenue": NaN,
        "Operating Revenue": NaN
    },
    "2022-12-31": {
        "Tax Effect Of Unusual Items": NaN,
        "Tax Rate For Calcs": NaN,
        "Normalized EBITDA": NaN,
        "Total Unusual Items": NaN,
        "Total Unusual Items Excluding Goodwill": NaN,
        "Net Income From Continuing Operation Net Minority Interest": NaN,
        "Reconciled Depreciation": NaN,
        "Reconciled Cost Of Revenue": NaN,
        "EBITDA": NaN,
        "EBIT": NaN,
        "Net Interest Income": NaN,
        "Interest Expense": NaN,
        "Normalized Income": NaN,
        "Net Income From Continuing And Discontinued Operation": NaN,
        "Total Expenses": NaN,
        "Total Operating Income As Reported": NaN,
        "Diluted Average Shares": NaN,
        "Basic Average Shares": NaN,
        "Diluted EPS": NaN,
        "Basic EPS": NaN,
        "Diluted NI Availto Com Stockholders": NaN,
        "Net Income Common Stockholders": NaN,
        "Net Income": NaN,
        "Minority Interests": NaN,
        "Net Income Including Noncontrolling Interests": NaN,
        "Net Income Continuous Operations": NaN,
        "Tax Provision": NaN,
        "Pretax Income": NaN,
        "Other Income Expense": NaN,
        "Other Non Operating Income Expenses": NaN,
        "Special Income Charges": NaN,
        "Other Special Charges": 0.0,
        "Restructuring And Mergern Acquisition": NaN,
        "Gain On Sale Of Security": 575000.0,
        "Net Non Operating Interest Income Expense": NaN,
        "Interest Expense Non Operating": NaN,
        "Operating Income": NaN,
        "Operating Expense": NaN,
        "Other Operating Expenses": 186000.0,
        "Selling General And Administration": NaN,
        "Selling And Marketing Expense": 1276000.0,
        "General And Administrative Expense": 20296000.0,
        "Other Gand A": 20296000.0,
        "Gross Profit": NaN,
        "Cost Of Revenue": NaN,
        "Total Revenue": NaN,
        "Operating Revenue": NaN
    },
    "2022-09-30": {
        "Tax Effect Of Unusual Items": NaN,
        "Tax Rate For Calcs": NaN,
        "Normalized EBITDA": NaN,
        "Total Unusual Items": NaN,
        "Total Unusual Items Excluding Goodwill": NaN,
        "Net Income From Continuing Operation Net Minority Interest": NaN,
        "Reconciled Depreciation": NaN,
        "Reconciled Cost Of Revenue": NaN,
        "EBITDA": NaN,
        "EBIT": NaN,
        "Net Interest Income": NaN,
        "Interest Expense": NaN,
        "Normalized Income": NaN,
        "Net Income From Continuing And Discontinued Operation": NaN,
        "Total Expenses": NaN,
        "Total Operating Income As Reported": NaN,
        "Diluted Average Shares": NaN,
        "Basic Average Shares": NaN,
        "Diluted EPS": NaN,
        "Basic EPS": NaN,
        "Diluted NI Availto Com Stockholders": NaN,
        "Net Income Common Stockholders": NaN,
        "Net Income": NaN,
        "Minority Interests": NaN,
        "Net Income Including Noncontrolling Interests": NaN,
        "Net Income Continuous Operations": NaN,
        "Tax Provision": NaN,
        "Pretax Income": NaN,
        "Other Income Expense": NaN,
        "Other Non Operating Income Expenses": NaN,
        "Special Income Charges": NaN,
        "Other Special Charges": NaN,
        "Restructuring And Mergern Acquisition": NaN,
        "Gain On Sale Of Security": 1153000.0,
        "Net Non Operating Interest Income Expense": NaN,
        "Interest Expense Non Operating": NaN,
        "Operating Income": NaN,
        "Operating Expense": NaN,
        "Other Operating Expenses": 209000.0,
        "Selling General And Administration": NaN,
        "Selling And Marketing Expense": 997000.0,
        "General And Administrative Expense": 19612000.0,
        "Other Gand A": 19612000.0,
        "Gross Profit": NaN,
        "Cost Of Revenue": NaN,
        "Total Revenue": NaN,
        "Operating Revenue": NaN
    },
    "2022-06-30": {
        "Tax Effect Of Unusual Items": 0.0,
        "Tax Rate For Calcs": 0.4,
        "Normalized EBITDA": -76186000.0,
        "Total Unusual Items": 126304000.0,
        "Total Unusual Items Excluding Goodwill": 126304000.0,
        "Net Income From Continuing Operation Net Minority Interest": 49710000.0,
        "Reconciled Depreciation": 562000.0,
        "Reconciled Cost Of Revenue": 13537000.0,
        "EBITDA": -76186000.0,
        "EBIT": -76186000.0,
        "Net Interest Income": -794000.0,
        "Interest Expense": 794000.0,
        "Normalized Income": 49710000.0,
        "Net Income From Continuing And Discontinued Operation": 49710000.0,
        "Total Expenses": 126962000.0,
        "Total Operating Income As Reported": -76186000.0,
        "Diluted Average Shares": 7574271.0,
        "Basic Average Shares": 7574271.0,
        "Diluted EPS": -0.34,
        "Basic EPS": -0.34,
        "Diluted NI Availto Com Stockholders": 49710000.0,
        "Net Income Common Stockholders": 49710000.0,
        "Net Income": 49710000.0,
        "Minority Interests": 75115000.0,
        "Net Income Including Noncontrolling Interests": 49710000.0,
        "Net Income Continuous Operations": 49710000.0,
        "Tax Provision": -346000.0,
        "Pretax Income": 39995000.0,
        "Other Income Expense": 126392000.0,
        "Other Non Operating Income Expenses": 88000.0,
        "Special Income Charges": 122905000.0,
        "Other Special Charges": 445000.0,
        "Restructuring And Mergern Acquisition": -123350000.0,
        "Gain On Sale Of Security": 3399000.0,
        "Net Non Operating Interest Income Expense": -794000.0,
        "Interest Expense Non Operating": 794000.0,
        "Operating Income": -76186000.0,
        "Operating Expense": 113425000.0,
        "Other Operating Expenses": 363000.0,
        "Selling General And Administration": 113062000.0,
        "Selling And Marketing Expense": 1114000.0,
        "General And Administrative Expense": 111948000.0,
        "Other Gand A": 111948000.0,
        "Gross Profit": 27822000.0,
        "Cost Of Revenue": 13537000.0,
        "Total Revenue": 41359000.0,
        "Operating Revenue": 41359000.0
    },
    "2022-03-31": {
        "Diluted EPS": 0.0,
        "Total Revenue": 37,
        "Gross Profit": 25,
        "Operating Income": 10,
        "EBIT": 10,
        "Net Income": 9
    },
    "2021-12-31": {
        "Diluted EPS": 0.0,
        "Total Revenue": 69,
        "Gross Profit": 44,
        "Operating Income": 15,
        "EBIT": 16,
        "Net Income": 18
    },
    "2021-09-30": {
        "Diluted EPS": 0.0,
        "Total Revenue": 36,
        "Gross Profit": 23,
        "Operating Income": 9,
        "EBIT": 9,
        "Net Income": 9
    },
    "2021-06-30": {
        "Diluted EPS": 0.0,
        "Total Revenue": 35,
        "Gross Profit": 23,
        "Operating Income": 10,
        "EBIT": 10,
        "Net Income": 10
    },
    "2021-03-31": {
        "Diluted EPS": -0.23,
        "Total Revenue": NaN,
        "Gross Profit": NaN,
        "Operating Income": 0,
        "EBIT": 0,
        "Net Income": -4
    },
    "2020-12-31": {
        "Diluted EPS": 0.0,
        "Total Revenue": NaN,
        "Gross Profit": NaN,
        "Operating Income": NaN,
        "EBIT": NaN,
        "Net Income": NaN
    },
    "2020-09-30": {
        "Diluted EPS": 0.0,
        "Total Revenue": NaN,
        "Gross Profit": NaN,
        "Operating Income": NaN,
        "EBIT": NaN,
        "Net Income": NaN
    },
    "2023-06-30": {
        "Tax Effect Of Unusual Items": NaN,
        "Tax Rate For Calcs": NaN,
        "Normalized EBITDA": NaN,
        "Total Unusual Items": NaN,
        "Total Unusual Items Excluding Goodwill": NaN,
        "Net Income From Continuing Operation Net Minority Interest": NaN,
        "Reconciled Depreciation": NaN,
        "Reconciled Cost Of Revenue": NaN,
        "EBITDA": NaN,
        "EBIT": NaN,
        "Net Interest Income": NaN,
        "Interest Expense": NaN,
        "Normalized Income": NaN,
        "Net Income From Continuing And Discontinued Operation": NaN,
        "Total Expenses": NaN,
        "Total Operating Income As Reported": NaN,
        "Diluted Average Shares": NaN,
        "Basic Average Shares": NaN,
        "Diluted EPS": NaN,
        "Basic EPS": NaN,
        "Diluted NI Availto Com Stockholders": NaN,
        "Net Income Common Stockholders": NaN,
        "Net Income": NaN,
        "Minority Interests": NaN,
        "Net Income Including Noncontrolling Interests": NaN,
        "Net Income Continuous Operations": NaN,
        "Tax Provision": NaN,
        "Pretax Income": NaN,
        "Other Income Expense": NaN,
        "Other Non Operating Income Expenses": NaN,
        "Special Income Charges": NaN,
        "Restructuring And Mergern Acquisition": NaN,
        "Gain On Sale Of Security": -11793000.0,
        "Net Non Operating Interest Income Expense": NaN,
        "Interest Expense Non Operating": NaN,
        "Operating Income": NaN,
        "Operating Expense": NaN,
        "Selling General And Administration": NaN,
        "General And Administrative Expense": 25760000.0,
        "Other Gand A": 25760000.0,
        "Gross Profit": NaN,
        "Cost Of Revenue": NaN,
        "Total Revenue": NaN,
        "Operating Revenue": NaN
    },
    "2023-09-30": {
        "Tax Effect Of Unusual Items": NaN,
        "Tax Rate For Calcs": NaN,
        "Normalized EBITDA": NaN,
        "Total Unusual Items": NaN,
        "Total Unusual Items Excluding Goodwill": NaN,
        "Net Income From Continuing Operation Net Minority Interest": NaN,
        "Reconciled Depreciation": NaN,
        "Reconciled Cost Of Revenue": NaN,
        "EBITDA": NaN,
        "EBIT": NaN,
        "Net Interest Income": NaN,
        "Interest Expense": NaN,
        "Normalized Income": NaN,
        "Net Income From Continuing And Discontinued Operation": NaN,
        "Total Expenses": NaN,
        "Total Operating Income As Reported": NaN,
        "Diluted Average Shares": 31041245.0,
        "Basic Average Shares": 30334193.0,
        "Diluted EPS": 0.24,
        "Basic EPS": 0.25,
        "Diluted NI Availto Com Stockholders": NaN,
        "Net Income Common Stockholders": NaN,
        "Net Income": NaN,
        "Minority Interests": NaN,
        "Net Income Including Noncontrolling Interests": NaN,
        "Net Income Continuous Operations": NaN,
        "Tax Provision": NaN,
        "Pretax Income": NaN,
        "Other Income Expense": NaN,
        "Other Non Operating Income Expenses": -3000.0,
        "Special Income Charges": NaN,
        "Restructuring And Mergern Acquisition": NaN,
        "Gain On Sale Of Security": NaN,
        "Net Non Operating Interest Income Expense": NaN,
        "Interest Expense Non Operating": NaN,
        "Operating Income": NaN,
        "Operating Expense": NaN,
        "Selling General And Administration": NaN,
        "Gross Profit": NaN,
        "Cost Of Revenue": NaN,
        "Total Revenue": NaN,
        "Operating Revenue": NaN
    },
    "2023-12-31": {
        "Tax Effect Of Unusual Items": NaN,
        "Tax Rate For Calcs": NaN,
        "Normalized EBITDA": NaN,
        "Total Unusual Items": NaN,
        "Total Unusual Items Excluding Goodwill": NaN,
        "Net Income From Continuing Operation Net Minority Interest": NaN,
        "Reconciled Depreciation": NaN,
        "Reconciled Cost Of Revenue": NaN,
        "EBITDA": NaN,
        "EBIT": NaN,
        "Net Interest Income": NaN,
        "Interest Expense": NaN,
        "Normalized Income": NaN,
        "Net Income From Continuing And Discontinued Operation": NaN,
        "Total Expenses": NaN,
        "Total Operating Income As Reported": NaN,
        "Diluted Average Shares": NaN,
        "Basic Average Shares": NaN,
        "Diluted EPS": NaN,
        "Basic EPS": NaN,
        "Diluted NI Availto Com Stockholders": NaN,
        "Net Income Common Stockholders": NaN,
        "Net Income": NaN,
        "Minority Interests": NaN,
        "Net Income Including Noncontrolling Interests": NaN,
        "Net Income Continuous Operations": NaN,
        "Tax Provision": NaN,
        "Pretax Income": NaN,
        "Other Income Expense": NaN,
        "Other Non Operating Income Expenses": NaN,
        "Special Income Charges": NaN,
        "Restructuring And Mergern Acquisition": NaN,
        "Gain On Sale Of Security": 0.0,
        "Net Non Operating Interest Income Expense": NaN,
        "Interest Expense Non Operating": NaN,
        "Operating Income": NaN,
        "Operating Expense": NaN,
        "Selling General And Administration": NaN,
        "Gross Profit": NaN,
        "Cost Of Revenue": NaN,
        "Total Revenue": NaN,
        "Operating Revenue": NaN
    },
    "2024-03-31": {
        "Tax Effect Of Unusual Items": NaN,
        "Tax Rate For Calcs": NaN,
        "Normalized EBITDA": NaN,
        "Total Unusual Items": NaN,
        "Total Unusual Items Excluding Goodwill": NaN,
        "Net Income From Continuing Operation Net Minority Interest": NaN,
        "Reconciled Depreciation": NaN,
        "Reconciled Cost Of Revenue": NaN,
        "EBITDA": NaN,
        "EBIT": NaN,
        "Net Interest Income": NaN,
        "Interest Expense": NaN,
        "Normalized Income": NaN,
        "Net Income From Continuing And Discontinued Operation": NaN,
        "Total Expenses": NaN,
        "Total Operating Income As Reported": NaN,
        "Diluted Average Shares": NaN,
        "Basic Average Shares": NaN,
        "Diluted EPS": NaN,
        "Basic EPS": NaN,
        "Diluted NI Availto Com Stockholders": NaN,
        "Net Income Common Stockholders": NaN,
        "Net Income": NaN,
        "Minority Interests": NaN,
        "Net Income Including Noncontrolling Interests": NaN,
        "Net Income Continuous Operations": NaN,
        "Tax Provision": NaN,
        "Pretax Income": NaN,
        "Other Income Expense": NaN,
        "Other Non Operating Income Expenses": -2000.0,
        "Special Income Charges": NaN,
        "Restructuring And Mergern Acquisition": NaN,
        "Net Non Operating Interest Income Expense": NaN,
        "Interest Expense Non Operating": NaN,
        "Operating Income": NaN,
        "Operating Expense": NaN,
        "Selling General And Administration": NaN,
        "Gross Profit": NaN,
        "Cost Of Revenue": NaN,
        "Total Revenue": NaN,
        "Operating Revenue": NaN
    },
    "2024-06-30": {
        "Tax Effect Of Unusual Items": -2929290.0,
        "Tax Rate For Calcs": 0.21,
        "Normalized EBITDA": 7107000.0,
        "Total Unusual Items": -13949000.0,
        "Total Unusual Items Excluding Goodwill": -13949000.0,
        "Net Income From Continuing Operation Net Minority Interest": -7087000.0,
        "Reconciled Depreciation": 876000.0,
        "Reconciled Cost Of Revenue": 15361000.0,
        "EBITDA": -6842000.0,
        "EBIT": -7718000.0,
        "Net Interest Income": -2577000.0,
        "Interest Expense": 2577000.0,
        "Normalized Income": 3932710.0,
        "Net Income From Continuing And Discontinued Operation": -7087000.0,
        "Total Expenses": 42936000.0,
        "Total Operating Income As Reported": 6233000.0,
        "Diluted Average Shares": 33072156.0,
        "Basic Average Shares": 33072156.0,
        "Diluted EPS": -0.19,
        "Basic EPS": -0.19,
        "Diluted NI Availto Com Stockholders": -7087000.0,
        "Net Income Common Stockholders": -7087000.0,
        "Net Income": -7087000.0,
        "Minority Interests": 3281000.0,
        "Net Income Including Noncontrolling Interests": -10368000.0,
        "Net Income Continuous Operations": -10368000.0,
        "Tax Provision": 73000.0,
        "Pretax Income": -10295000.0,
        "Other Income Expense": -13951000.0,
        "Other Non Operating Income Expenses": -2000.0,
        "Special Income Charges": -13949000.0,
        "Restructuring And Mergern Acquisition": 13949000.0,
        "Net Non Operating Interest Income Expense": -2577000.0,
        "Interest Expense Non Operating": 2577000.0,
        "Operating Income": 6233000.0,
        "Operating Expense": 27575000.0,
        "Selling General And Administration": 27575000.0,
        "Gross Profit": 33808000.0,
        "Cost Of Revenue": 15361000.0,
        "Total Revenue": 49169000.0,
        "Operating Revenue": 49169000.0
    },
    "2024-09-30": {
        "Tax Effect Of Unusual Items": 1454883.254494,
        "Tax Rate For Calcs": 0.201703,
        "Normalized EBITDA": 12994000.0,
        "Total Unusual Items": 7213000.0,
        "Total Unusual Items Excluding Goodwill": 7213000.0,
        "Net Income From Continuing Operation Net Minority Interest": 10702000.0,
        "Reconciled Depreciation": 810000.0,
        "Reconciled Cost Of Revenue": 15172000.0,
        "EBITDA": 20207000.0,
        "EBIT": 19397000.0,
        "Net Interest Income": -3542000.0,
        "Interest Expense": 3542000.0,
        "Normalized Income": 4943883.254494,
        "Net Income From Continuing And Discontinued Operation": 10702000.0,
        "Total Expenses": 39200000.0,
        "Total Operating Income As Reported": 12184000.0,
        "Diluted Average Shares": 32260809.0,
        "Basic Average Shares": 31045174.0,
        "Diluted EPS": 0.33,
        "Basic EPS": 0.34,
        "Diluted NI Availto Com Stockholders": 10702000.0,
        "Net Income Common Stockholders": 10702000.0,
        "Net Income": 10702000.0,
        "Minority Interests": -1955000.0,
        "Net Income Including Noncontrolling Interests": 12657000.0,
        "Net Income Continuous Operations": 12657000.0,
        "Tax Provision": 3198000.0,
        "Pretax Income": 15855000.0,
        "Other Income Expense": 7213000.0,
        "Other Non Operating Income Expenses": NaN,
        "Special Income Charges": 7213000.0,
        "Restructuring And Mergern Acquisition": -7213000.0,
        "Net Non Operating Interest Income Expense": -3542000.0,
        "Interest Expense Non Operating": 3542000.0,
        "Operating Income": 12184000.0,
        "Operating Expense": 24028000.0,
        "Selling General And Administration": 24028000.0,
        "Gross Profit": 36212000.0,
        "Cost Of Revenue": 15172000.0,
        "Total Revenue": 51384000.0,
        "Operating Revenue": 51384000.0
    },
    "2024-12-31": {
        "Tax Effect Of Unusual Items": -163800.0,
        "Tax Rate For Calcs": 0.21,
        "Normalized EBITDA": 3920000.0,
        "Total Unusual Items": -780000.0,
        "Total Unusual Items Excluding Goodwill": -780000.0,
        "Net Income From Continuing Operation Net Minority Interest": 3703000.0,
        "Reconciled Depreciation": 1138000.0,
        "Reconciled Cost Of Revenue": 14304000.0,
        "EBITDA": 3140000.0,
        "EBIT": 2002000.0,
        "Net Interest Income": -3222000.0,
        "Interest Expense": 3222000.0,
        "Normalized Income": 4319200.0,
        "Net Income From Continuing And Discontinued Operation": 3703000.0,
        "Total Expenses": 47067000.0,
        "Total Operating Income As Reported": 2767000.0,
        "Diluted Average Shares": 37290059.0,
        "Basic Average Shares": 31281693.0,
        "Diluted EPS": 0.1,
        "Basic EPS": 0.12,
        "Diluted NI Availto Com Stockholders": 3703000.0,
        "Net Income Common Stockholders": 3703000.0,
        "Net Income": 3703000.0,
        "Minority Interests": 220000.0,
        "Net Income Including Noncontrolling Interests": 3483000.0,
        "Net Income Continuous Operations": 3483000.0,
        "Tax Provision": -4703000.0,
        "Pretax Income": -1220000.0,
        "Other Income Expense": -765000.0,
        "Other Non Operating Income Expenses": 15000.0,
        "Special Income Charges": -780000.0,
        "Restructuring And Mergern Acquisition": 780000.0,
        "Net Non Operating Interest Income Expense": -3222000.0,
        "Interest Expense Non Operating": 3222000.0,
        "Operating Income": 2767000.0,
        "Operating Expense": 32763000.0,
        "Selling General And Administration": 32763000.0,
        "Gross Profit": 35530000.0,
        "Cost Of Revenue": 14304000.0,
        "Total Revenue": 49834000.0,
        "Operating Revenue": 49834000.0
    },
    "2025-03-31": {
        "Tax Effect Of Unusual Items": 989504.89831,
        "Tax Rate For Calcs": 0.092581,
        "Normalized EBITDA": 10529000.0,
        "Total Unusual Items": 10688000.0,
        "Total Unusual Items Excluding Goodwill": 10688000.0,
        "Net Income From Continuing Operation Net Minority Interest": 13718000.0,
        "Reconciled Depreciation": 857000.0,
        "Reconciled Cost Of Revenue": 12610000.0,
        "EBITDA": 21217000.0,
        "EBIT": 20360000.0,
        "Net Interest Income": -2905000.0,
        "Interest Expense": 2905000.0,
        "Normalized Income": 4019504.89831,
        "Net Income From Continuing And Discontinued Operation": 13718000.0,
        "Total Expenses": 39302000.0,
        "Total Operating Income As Reported": 9690000.0,
        "Diluted Average Shares": 36952961.0,
        "Basic Average Shares": 31485777.0,
        "Diluted EPS": 0.37,
        "Basic EPS": 0.44,
        "Diluted NI Availto Com Stockholders": 13718000.0,
        "Net Income Common Stockholders": 13718000.0,
        "Net Income": 13718000.0,
        "Minority Interests": -2121000.0,
        "Net Income Including Noncontrolling Interests": 15839000.0,
        "Net Income Continuous Operations": 15839000.0,
        "Tax Provision": 1616000.0,
        "Pretax Income": 17455000.0,
        "Other Income Expense": 10670000.0,
        "Other Non Operating Income Expenses": -18000.0,
        "Special Income Charges": 10688000.0,
        "Restructuring And Mergern Acquisition": -10688000.0,
        "Net Non Operating Interest Income Expense": -2905000.0,
        "Interest Expense Non Operating": 2905000.0,
        "Operating Income": 9690000.0,
        "Operating Expense": 26692000.0,
        "Selling General And Administration": 26692000.0,
        "Gross Profit": 36382000.0,
        "Cost Of Revenue": 12610000.0,
        "Total Revenue": 48992000.0,
        "Operating Revenue": 48992000.0
    },
    "2025-06-30": {
        "Tax Effect Of Unusual Items": -648362.139918,
        "Tax Rate For Calcs": 0.353909,
        "Normalized EBITDA": 11669000.0,
        "Total Unusual Items": -1832000.0,
        "Total Unusual Items Excluding Goodwill": -1832000.0,
        "Net Income From Continuing Operation Net Minority Interest": 3185000.0,
        "Reconciled Depreciation": 910000.0,
        "Reconciled Cost Of Revenue": 13875000.0,
        "EBITDA": 9837000.0,
        "EBIT": 8927000.0,
        "Net Interest Income": -2852000.0,
        "Interest Expense": 2852000.0,
        "Normalized Income": 4368637.860082,
        "Net Income From Continuing And Discontinued Operation": 3185000.0,
        "Total Expenses": 38098000.0,
        "Total Operating Income As Reported": 10765000.0,
        "Diluted Average Shares": 31743162.0,
        "Basic Average Shares": 31625485.0,
        "Diluted EPS": 0.1,
        "Basic EPS": 0.1,
        "Diluted NI Availto Com Stockholders": 3185000.0,
        "Net Income Common Stockholders": 3185000.0,
        "Net Income": 3185000.0,
        "Minority Interests": -740000.0,
        "Net Income Including Noncontrolling Interests": 3925000.0,
        "Net Income Continuous Operations": 3925000.0,
        "Tax Provision": 2150000.0,
        "Pretax Income": 6075000.0,
        "Other Income Expense": -1838000.0,
        "Other Non Operating Income Expenses": -6000.0,
        "Special Income Charges": -1832000.0,
        "Restructuring And Mergern Acquisition": 1832000.0,
        "Net Non Operating Interest Income Expense": -2852000.0,
        "Interest Expense Non Operating": 2852000.0,
        "Operating Income": 10765000.0,
        "Operating Expense": 24223000.0,
        "Selling General And Administration": 24223000.0,
        "Gross Profit": 34988000.0,
        "Cost Of Revenue": 13875000.0,
        "Total Revenue": 48863000.0,
        "Operating Revenue": 48863000.0
    }
}