{
    "2023-03-31": {
        "Tax Effect Of Unusual Items": 0.0,
        "Tax Rate For Calcs": 0.0,
        "Normalized EBITDA": -8170000.0,
        "Total Unusual Items": NaN,
        "Total Unusual Items Excluding Goodwill": NaN,
        "Net Income From Continuing Operation Net Minority Interest": -9357000.0,
        "Reconciled Depreciation": 755000.0,
        "EBITDA": -8170000.0,
        "EBIT": -8925000.0,
        "Net Interest Income": -431000.0,
        "Interest Expense": 431000.0,
        "Normalized Income": -9357000.0,
        "Net Income From Continuing And Discontinued Operation": -9357000.0,
        "Total Expenses": 8925000.0,
        "Total Operating Income As Reported": -8925000.0,
        "Diluted Average Shares": 23826594.0,
        "Basic Average Shares": 23826594.0,
        "Diluted EPS": -0.39,
        "Basic EPS": -0.39,
        "Diluted NI Availto Com Stockholders": -9357000.0,
        "Net Income Common Stockholders": -9357000.0,
        "Net Income": -9357000.0,
        "Net Income Including Noncontrolling Interests": -9357000.0,
        "Net Income Continuous Operations": -9357000.0,
        "Tax Provision": 1000.0,
        "Pretax Income": -9356000.0,
        "Special Income Charges": NaN,
        "Net Non Operating Interest Income Expense": -431000.0,
        "Interest Expense Non Operating": 431000.0,
        "Operating Income": -8925000.0,
        "Operating Expense": 8925000.0,
        "Research And Development": 3389000.0,
        "Selling General And Administration": 5536000.0,
        "Selling And Marketing Expense": 2104000.0,
        "General And Administrative Expense": 3432000.0,
        "Other Gand A": 3432000.0,
        "Total Revenue": 0.0,
        "Operating Revenue": 0.0
    },
    "2022-12-31": {
        "Tax Effect Of Unusual Items": 0.0,
        "Tax Rate For Calcs": 0.21,
        "Normalized EBITDA": -7601000.0,
        "Total Unusual Items": 0.0,
        "Total Unusual Items Excluding Goodwill": 0.0,
        "Net Income From Continuing Operation Net Minority Interest": -8765000.0,
        "Reconciled Depreciation": 721000.0,
        "EBITDA": -7601000.0,
        "EBIT": -8322000.0,
        "Net Interest Income": -439000.0,
        "Interest Expense": 439000.0,
        "Normalized Income": -8765000.0,
        "Net Income From Continuing And Discontinued Operation": -8765000.0,
        "Total Expenses": 8322000.0,
        "Total Operating Income As Reported": -8322000.0,
        "Diluted Average Shares": 23745700.0,
        "Basic Average Shares": 23745700.0,
        "Diluted EPS": -0.37,
        "Basic EPS": -0.37,
        "Diluted NI Availto Com Stockholders": -8765000.0,
        "Net Income Common Stockholders": -8765000.0,
        "Net Income": -8765000.0,
        "Net Income Including Noncontrolling Interests": -8765000.0,
        "Net Income Continuous Operations": -8765000.0,
        "Tax Provision": 4000.0,
        "Pretax Income": -8761000.0,
        "Special Income Charges": 0.0,
        "Net Non Operating Interest Income Expense": -439000.0,
        "Interest Expense Non Operating": 439000.0,
        "Operating Income": -8322000.0,
        "Operating Expense": 8322000.0,
        "Research And Development": 3049000.0,
        "Selling General And Administration": 5273000.0,
        "Selling And Marketing Expense": 1695000.0,
        "General And Administrative Expense": 3578000.0,
        "Other Gand A": 3578000.0,
        "Total Revenue": 0.0,
        "Operating Revenue": 0.0
    },
    "2022-09-30": {
        "Tax Effect Of Unusual Items": 0.0,
        "Tax Rate For Calcs": 0.4,
        "Normalized EBITDA": -10302000.0,
        "Total Unusual Items": 0.0,
        "Total Unusual Items Excluding Goodwill": 0.0,
        "Net Income From Continuing Operation Net Minority Interest": -11405000.0,
        "Reconciled Depreciation": 694000.0,
        "EBITDA": -10302000.0,
        "EBIT": -10996000.0,
        "Net Interest Income": -406000.0,
        "Interest Expense": 406000.0,
        "Normalized Income": -11405000.0,
        "Net Income From Continuing And Discontinued Operation": -11405000.0,
        "Total Expenses": 10996000.0,
        "Total Operating Income As Reported": -10996000.0,
        "Diluted Average Shares": 23693154.0,
        "Basic Average Shares": 23693154.0,
        "Diluted EPS": -0.48,
        "Basic EPS": -0.48,
        "Diluted NI Availto Com Stockholders": -11405000.0,
        "Net Income Common Stockholders": -11405000.0,
        "Net Income": -11405000.0,
        "Net Income Including Noncontrolling Interests": -11405000.0,
        "Net Income Continuous Operations": -11405000.0,
        "Tax Provision": 3000.0,
        "Pretax Income": -11402000.0,
        "Special Income Charges": 0.0,
        "Net Non Operating Interest Income Expense": -406000.0,
        "Interest Expense Non Operating": 406000.0,
        "Operating Income": -10996000.0,
        "Operating Expense": 10996000.0,
        "Research And Development": 5477000.0,
        "Selling General And Administration": 5519000.0,
        "Selling And Marketing Expense": 1557000.0,
        "General And Administrative Expense": 3962000.0,
        "Other Gand A": 3962000.0,
        "Total Revenue": 0.0,
        "Operating Revenue": 0.0
    },
    "2022-06-30": {
        "Tax Effect Of Unusual Items": 0.0,
        "Tax Rate For Calcs": 0.0,
        "Normalized EBITDA": -8948000.0,
        "Total Unusual Items": 0.0,
        "Total Unusual Items Excluding Goodwill": 0.0,
        "Net Income From Continuing Operation Net Minority Interest": -9928000.0,
        "Reconciled Depreciation": 651000.0,
        "EBITDA": -8948000.0,
        "EBIT": -9599000.0,
        "Net Interest Income": -329000.0,
        "Interest Expense": 329000.0,
        "Normalized Income": -9928000.0,
        "Net Income From Continuing And Discontinued Operation": -9928000.0,
        "Total Expenses": 9599000.0,
        "Total Operating Income As Reported": -9599000.0,
        "Diluted Average Shares": 23592995.0,
        "Basic Average Shares": 23592995.0,
        "Diluted EPS": -0.42,
        "Basic EPS": -0.42,
        "Diluted NI Availto Com Stockholders": -9928000.0,
        "Net Income Common Stockholders": -9928000.0,
        "Net Income": -9928000.0,
        "Net Income Including Noncontrolling Interests": -9928000.0,
        "Net Income Continuous Operations": -9928000.0,
        "Tax Provision": 0.0,
        "Pretax Income": -9928000.0,
        "Special Income Charges": 0.0,
        "Net Non Operating Interest Income Expense": -329000.0,
        "Interest Expense Non Operating": 329000.0,
        "Operating Income": -9599000.0,
        "Operating Expense": 9599000.0,
        "Research And Development": 4241000.0,
        "Selling General And Administration": 5358000.0,
        "Selling And Marketing Expense": 1683000.0,
        "General And Administrative Expense": 3675000.0,
        "Other Gand A": 3675000.0,
        "Total Revenue": 0.0,
        "Operating Revenue": 0.0
    },
    "2022-03-31": {
        "Diluted EPS": -0.41,
        "Total Revenue": NaN,
        "Gross Profit": NaN,
        "Operating Income": -9,
        "EBIT": -9,
        "Net Income": -10
    },
    "2021-12-31": {
        "Diluted EPS": -0.53,
        "Total Revenue": NaN,
        "Gross Profit": NaN,
        "Operating Income": -12,
        "EBIT": -12,
        "Net Income": -13
    },
    "2021-09-30": {
        "Diluted EPS": -1.2,
        "Total Revenue": NaN,
        "Gross Profit": NaN,
        "Operating Income": -9,
        "EBIT": -8,
        "Net Income": -13
    },
    "2021-06-30": {
        "Diluted EPS": -0.84,
        "Total Revenue": NaN,
        "Gross Profit": NaN,
        "Operating Income": -6,
        "EBIT": -6,
        "Net Income": -9
    },
    "2021-03-31": {
        "Diluted EPS": -0.54,
        "Total Revenue": NaN,
        "Gross Profit": NaN,
        "Operating Income": -3,
        "EBIT": -3,
        "Net Income": -6
    },
    "2020-12-31": {
        "Diluted EPS": 0.0,
        "Total Revenue": NaN,
        "Gross Profit": NaN,
        "Operating Income": NaN,
        "EBIT": NaN,
        "Net Income": NaN
    },
    "2023-06-30": {
        "Tax Effect Of Unusual Items": 0.0,
        "Tax Rate For Calcs": 0.21,
        "Normalized EBITDA": -6228000.0,
        "Total Unusual Items": NaN,
        "Total Unusual Items Excluding Goodwill": NaN,
        "Net Income From Continuing Operation Net Minority Interest": -7589000.0,
        "Reconciled Depreciation": 797000.0,
        "EBITDA": -6228000.0,
        "EBIT": -7025000.0,
        "Net Interest Income": -563000.0,
        "Interest Expense": 563000.0,
        "Normalized Income": -7589000.0,
        "Net Income From Continuing And Discontinued Operation": -7589000.0,
        "Total Expenses": 7025000.0,
        "Total Operating Income As Reported": -7025000.0,
        "Diluted Average Shares": 31215194.0,
        "Basic Average Shares": 31215194.0,
        "Diluted EPS": -0.24,
        "Basic EPS": -0.24,
        "Diluted NI Availto Com Stockholders": -7589000.0,
        "Net Income Common Stockholders": -7589000.0,
        "Net Income": -7589000.0,
        "Net Income Including Noncontrolling Interests": -7589000.0,
        "Net Income Continuous Operations": -7589000.0,
        "Tax Provision": 1000.0,
        "Pretax Income": -7588000.0,
        "Special Income Charges": NaN,
        "Net Non Operating Interest Income Expense": -563000.0,
        "Interest Expense Non Operating": 563000.0,
        "Operating Income": -7025000.0,
        "Operating Expense": 7025000.0,
        "Research And Development": 2240000.0,
        "Selling General And Administration": 4785000.0,
        "Selling And Marketing Expense": 1704000.0,
        "General And Administrative Expense": 3081000.0,
        "Other Gand A": 3081000.0,
        "Total Revenue": 0.0,
        "Operating Revenue": 0.0
    },
    "2023-09-30": {
        "Tax Effect Of Unusual Items": 0.0,
        "Tax Rate For Calcs": 0.21,
        "Normalized EBITDA": -4500000.0,
        "Total Unusual Items": NaN,
        "Total Unusual Items Excluding Goodwill": NaN,
        "Net Income From Continuing Operation Net Minority Interest": -5862000.0,
        "Reconciled Depreciation": 841000.0,
        "EBITDA": -4500000.0,
        "EBIT": -5341000.0,
        "Net Interest Income": -518000.0,
        "Interest Expense": 518000.0,
        "Normalized Income": -5862000.0,
        "Net Income From Continuing And Discontinued Operation": -5862000.0,
        "Total Expenses": 5341000.0,
        "Total Operating Income As Reported": -5341000.0,
        "Diluted Average Shares": 38495150.0,
        "Basic Average Shares": 38495150.0,
        "Diluted EPS": -0.15,
        "Basic EPS": -0.15,
        "Diluted NI Availto Com Stockholders": -5862000.0,
        "Net Income Common Stockholders": -5862000.0,
        "Net Income": -5862000.0,
        "Net Income Including Noncontrolling Interests": -5862000.0,
        "Net Income Continuous Operations": -5862000.0,
        "Tax Provision": 3000.0,
        "Pretax Income": -5859000.0,
        "Special Income Charges": NaN,
        "Net Non Operating Interest Income Expense": -518000.0,
        "Interest Expense Non Operating": 518000.0,
        "Operating Income": -5341000.0,
        "Operating Expense": 5341000.0,
        "Research And Development": 1833000.0,
        "Selling General And Administration": 3508000.0,
        "Selling And Marketing Expense": 1392000.0,
        "General And Administrative Expense": 2116000.0,
        "Other Gand A": 2116000.0,
        "Total Revenue": 0.0,
        "Operating Revenue": 0.0
    }
}