{
    "2023-03-31": {
        "Tax Effect Of Unusual Items": 0.0,
        "Tax Rate For Calcs": 0.0,
        "Normalized EBITDA": -1175764.0,
        "Total Unusual Items": -1378652.0,
        "Total Unusual Items Excluding Goodwill": -1378652.0,
        "Net Income From Continuing Operation Net Minority Interest": -2766365.0,
        "EBITDA": -2554416.0,
        "EBIT": -2554416.0,
        "Net Interest Income": 1166703.0,
        "Interest Income": 1166703.0,
        "Normalized Income": -1387713.0,
        "Net Income From Continuing And Discontinued Operation": -2766365.0,
        "Total Expenses": 2554416.0,
        "Total Operating Income As Reported": -2554416.0,
        "Diluted Average Shares": 29967872.0,
        "Basic Average Shares": 29967872.0,
        "Diluted EPS": -0.09,
        "Basic EPS": -0.09,
        "Diluted NI Availto Com Stockholders": -2766365.0,
        "Net Income Common Stockholders": -2766365.0,
        "Net Income": -2766365.0,
        "Net Income Including Noncontrolling Interests": -2766365.0,
        "Net Income Continuous Operations": -2766365.0,
        "Pretax Income": -2766365.0,
        "Other Income Expense": -1378652.0,
        "Gain On Sale Of Security": -1378652.0,
        "Net Non Operating Interest Income Expense": 1166703.0,
        "Interest Income Non Operating": 1166703.0,
        "Operating Income": -2554416.0,
        "Operating Expense": 2554416.0,
        "Other Operating Expenses": 2554416.0,
        "Selling General And Administration": NaN,
        "General And Administrative Expense": NaN,
        "Other Gand A": NaN,
        "Total Revenue": 0.0,
        "Operating Revenue": 0.0
    },
    "2022-12-31": {
        "Tax Effect Of Unusual Items": 0.0,
        "Tax Rate For Calcs": 0.4,
        "Normalized EBITDA": -459250.0,
        "Total Unusual Items": 0.0,
        "Total Unusual Items Excluding Goodwill": 0.0,
        "Net Income From Continuing Operation Net Minority Interest": 260866.0,
        "EBITDA": -459250.0,
        "EBIT": -459250.0,
        "Net Interest Income": 720116.0,
        "Interest Income": 720116.0,
        "Normalized Income": 260866.0,
        "Net Income From Continuing And Discontinued Operation": 260866.0,
        "Total Expenses": 459250.0,
        "Total Operating Income As Reported": -459250.0,
        "Diluted Average Shares": 29967872.0,
        "Basic Average Shares": 29967872.0,
        "Diluted EPS": 0.04,
        "Basic EPS": 0.04,
        "Diluted NI Availto Com Stockholders": 260866.0,
        "Net Income Common Stockholders": 260866.0,
        "Net Income": 260866.0,
        "Net Income Including Noncontrolling Interests": 260866.0,
        "Net Income Continuous Operations": 260866.0,
        "Pretax Income": 260866.0,
        "Other Income Expense": 0.0,
        "Gain On Sale Of Security": 0.0,
        "Net Non Operating Interest Income Expense": 720116.0,
        "Interest Income Non Operating": 720116.0,
        "Operating Income": -459250.0,
        "Operating Expense": 459250.0,
        "Other Operating Expenses": NaN,
        "Selling General And Administration": NaN,
        "General And Administrative Expense": NaN,
        "Other Gand A": NaN,
        "Total Revenue": 0.0,
        "Operating Revenue": 0.0
    },
    "2022-09-30": {
        "Tax Effect Of Unusual Items": 1313186.0,
        "Tax Rate For Calcs": 0.4,
        "Normalized EBITDA": -3706483.0,
        "Total Unusual Items": 3282965.0,
        "Total Unusual Items Excluding Goodwill": 3282965.0,
        "Net Income From Continuing Operation Net Minority Interest": 5707757.0,
        "EBITDA": -423518.0,
        "EBIT": -423518.0,
        "Net Interest Income": 2848310.0,
        "Interest Income": 2848310.0,
        "Normalized Income": 3737978.0,
        "Net Income From Continuing And Discontinued Operation": 5707757.0,
        "Total Expenses": 423518.0,
        "Total Operating Income As Reported": -423518.0,
        "Diluted Average Shares": 74374189.0,
        "Basic Average Shares": 74374189.0,
        "Diluted EPS": 0.08,
        "Basic EPS": 0.08,
        "Diluted NI Availto Com Stockholders": 5707757.0,
        "Net Income Common Stockholders": 5707757.0,
        "Net Income": 5707757.0,
        "Net Income Including Noncontrolling Interests": 5707757.0,
        "Net Income Continuous Operations": 5707757.0,
        "Pretax Income": 5707757.0,
        "Other Income Expense": 3282965.0,
        "Gain On Sale Of Security": 3282965.0,
        "Net Non Operating Interest Income Expense": 2848310.0,
        "Interest Income Non Operating": 2848310.0,
        "Operating Income": -423518.0,
        "Operating Expense": 423518.0,
        "Other Operating Expenses": NaN,
        "Selling General And Administration": 423518.0,
        "General And Administrative Expense": 423518.0,
        "Other Gand A": 423518.0,
        "Total Revenue": 0.0,
        "Operating Revenue": 0.0
    },
    "2022-06-30": {
        "Tax Effect Of Unusual Items": 3207499.2,
        "Tax Rate For Calcs": 0.4,
        "Normalized EBITDA": -8485794.0,
        "Total Unusual Items": 8018748.0,
        "Total Unusual Items Excluding Goodwill": 8018748.0,
        "Net Income From Continuing Operation Net Minority Interest": 8467120.0,
        "EBITDA": -467046.0,
        "EBIT": -467046.0,
        "Net Interest Income": 915418.0,
        "Interest Income": 915418.0,
        "Normalized Income": 3655871.2,
        "Net Income From Continuing And Discontinued Operation": 8467120.0,
        "Total Expenses": 467046.0,
        "Total Operating Income As Reported": -467046.0,
        "Diluted Average Shares": 74374189.0,
        "Basic Average Shares": 74374189.0,
        "Diluted EPS": 0.11,
        "Basic EPS": 0.11,
        "Diluted NI Availto Com Stockholders": 8467120.0,
        "Net Income Common Stockholders": 8467120.0,
        "Net Income": 8467120.0,
        "Net Income Including Noncontrolling Interests": 8467120.0,
        "Net Income Continuous Operations": 8467120.0,
        "Pretax Income": 8467120.0,
        "Other Income Expense": 8018748.0,
        "Gain On Sale Of Security": 8018748.0,
        "Net Non Operating Interest Income Expense": 915418.0,
        "Interest Income Non Operating": 915418.0,
        "Operating Income": -467046.0,
        "Operating Expense": 467046.0,
        "Other Operating Expenses": NaN,
        "Selling General And Administration": 467046.0,
        "General And Administrative Expense": 467046.0,
        "Other Gand A": 467046.0,
        "Total Revenue": 0.0,
        "Operating Revenue": 0.0
    },
    "2022-03-31": {
        "Diluted EPS": 0.12,
        "Total Revenue": NaN,
        "Gross Profit": NaN,
        "Operating Income": 0,
        "EBIT": 0,
        "Net Income": 2
    },
    "2021-12-31": {
        "Diluted EPS": 0.13,
        "Total Revenue": NaN,
        "Gross Profit": NaN,
        "Operating Income": 0,
        "EBIT": 0,
        "Net Income": -32
    },
    "2021-09-30": {
        "Diluted EPS": 0.27,
        "Total Revenue": NaN,
        "Gross Profit": NaN,
        "Operating Income": -1,
        "EBIT": -1,
        "Net Income": 4
    },
    "2021-06-30": {
        "Diluted EPS": 0.24,
        "Total Revenue": NaN,
        "Gross Profit": NaN,
        "Operating Income": -2,
        "EBIT": -2,
        "Net Income": 4
    },
    "2021-03-31": {
        "Diluted EPS": 0.56,
        "Total Revenue": NaN,
        "Gross Profit": NaN,
        "Operating Income": -1,
        "EBIT": -1,
        "Net Income": 42
    },
    "2020-12-31": {
        "Diluted EPS": 0.0,
        "Total Revenue": NaN,
        "Gross Profit": NaN,
        "Operating Income": NaN,
        "EBIT": NaN,
        "Net Income": NaN
    },
    "2020-09-30": {
        "Diluted EPS": 0.0,
        "Total Revenue": NaN,
        "Gross Profit": NaN,
        "Operating Income": 0,
        "EBIT": 0,
        "Net Income": 0
    },
    "2023-06-30": {
        "Tax Effect Of Unusual Items": 0.0,
        "Tax Rate For Calcs": 0.0,
        "Normalized EBITDA": -542798.0,
        "Total Unusual Items": -2231643.0,
        "Total Unusual Items Excluding Goodwill": -2231643.0,
        "Net Income From Continuing Operation Net Minority Interest": -3608493.0,
        "EBITDA": -2774441.0,
        "EBIT": -2774441.0,
        "Net Interest Income": 1397591.0,
        "Interest Income": 1397591.0,
        "Normalized Income": -1376850.0,
        "Net Income From Continuing And Discontinued Operation": -3608493.0,
        "Total Expenses": 2774441.0,
        "Total Operating Income As Reported": -2774441.0,
        "Diluted Average Shares": 29967872.0,
        "Basic Average Shares": 29967872.0,
        "Diluted EPS": -0.12,
        "Basic EPS": -0.12,
        "Diluted NI Availto Com Stockholders": -3608493.0,
        "Net Income Common Stockholders": -3608493.0,
        "Net Income": -3608493.0,
        "Net Income Including Noncontrolling Interests": -3608493.0,
        "Net Income Continuous Operations": -3608493.0,
        "Pretax Income": -3608493.0,
        "Other Income Expense": -2231643.0,
        "Gain On Sale Of Security": -2231643.0,
        "Net Non Operating Interest Income Expense": 1397591.0,
        "Interest Income Non Operating": 1397591.0,
        "Operating Income": -2774441.0,
        "Operating Expense": 2774441.0,
        "Other Operating Expenses": 2774441.0,
        "Selling General And Administration": NaN,
        "General And Administrative Expense": NaN,
        "Other Gand A": NaN,
        "Total Revenue": 0.0,
        "Operating Revenue": 0.0
    }
}