{
    "2023-03-31": {
        "Tax Effect Of Unusual Items": NaN,
        "Tax Rate For Calcs": NaN,
        "Net Income From Continuing Operation Net Minority Interest": NaN,
        "Net Interest Income": NaN,
        "Interest Expense": NaN,
        "Interest Income": NaN,
        "Normalized Income": NaN,
        "Net Income From Continuing And Discontinued Operation": NaN,
        "Diluted Average Shares": NaN,
        "Basic Average Shares": NaN,
        "Diluted EPS": NaN,
        "Basic EPS": NaN,
        "Diluted NI Availto Com Stockholders": NaN,
        "Net Income Common Stockholders": NaN,
        "Net Income": NaN,
        "Minority Interests": NaN,
        "Net Income Including Noncontrolling Interests": NaN,
        "Net Income Continuous Operations": NaN,
        "Tax Provision": NaN,
        "Pretax Income": NaN,
        "Gain On Sale Of Security": NaN,
        "Operating Expense": NaN,
        "Other Operating Expenses": 863000.0,
        "Selling General And Administration": NaN,
        "General And Administrative Expense": NaN,
        "Total Revenue": NaN,
        "Operating Revenue": NaN
    },
    "2022-06-30": {
        "Tax Effect Of Unusual Items": 0.0,
        "Tax Rate For Calcs": 0.4,
        "Net Income From Continuing Operation Net Minority Interest": -77781000.0,
        "Net Interest Income": -19169000.0,
        "Interest Expense": 19169000.0,
        "Interest Income": 0.0,
        "Normalized Income": -77781000.0,
        "Net Income From Continuing And Discontinued Operation": -77781000.0,
        "Diluted Average Shares": 218822365.0,
        "Basic Average Shares": 218822365.0,
        "Diluted EPS": -0.23,
        "Basic EPS": -0.23,
        "Diluted NI Availto Com Stockholders": -77781000.0,
        "Net Income Common Stockholders": -77781000.0,
        "Net Income": -77781000.0,
        "Minority Interests": -8243000.0,
        "Net Income Including Noncontrolling Interests": -69538000.0,
        "Net Income Continuous Operations": -69538000.0,
        "Tax Provision": 4301000.0,
        "Pretax Income": -65237000.0,
        "Operating Expense": 22195000.0,
        "Other Operating Expenses": 932000.0,
        "Selling General And Administration": 10005000.0,
        "General And Administrative Expense": 10005000.0,
        "Total Revenue": -43042000.0,
        "Operating Revenue": -43042000.0
    },
    "2022-12-31": {
        "Tax Effect Of Unusual Items": 0.0,
        "Tax Rate For Calcs": 0.007505,
        "Net Income From Continuing Operation Net Minority Interest": 81914000.0,
        "Net Interest Income": -20464000.0,
        "Interest Expense": 20464000.0,
        "Interest Income": 0.0,
        "Normalized Income": 81914000.0,
        "Net Income From Continuing And Discontinued Operation": 81914000.0,
        "Diluted Average Shares": NaN,
        "Basic Average Shares": NaN,
        "Diluted EPS": NaN,
        "Basic EPS": NaN,
        "Diluted NI Availto Com Stockholders": 81914000.0,
        "Net Income Common Stockholders": 81914000.0,
        "Net Income": 81914000.0,
        "Minority Interests": -17802000.0,
        "Net Income Including Noncontrolling Interests": 99716000.0,
        "Net Income Continuous Operations": 99716000.0,
        "Tax Provision": 754000.0,
        "Pretax Income": 100470000.0,
        "Operating Expense": -10743000.0,
        "Other Operating Expenses": NaN,
        "Selling General And Administration": 22327000.0,
        "General And Administrative Expense": 22327000.0,
        "Total Revenue": 89727000.0,
        "Operating Revenue": 89727000.0
    },
    "2022-03-31": {
        "Diluted EPS": 0.25,
        "Total Revenue": 123,
        "Gross Profit": 123,
        "Operating Income": 93,
        "EBIT": 93,
        "Net Income": 56
    },
    "2021-12-31": {
        "Diluted EPS": 0.0,
        "Total Revenue": NaN,
        "Gross Profit": NaN,
        "Operating Income": NaN,
        "EBIT": NaN,
        "Net Income": NaN
    },
    "2023-06-30": {
        "Tax Effect Of Unusual Items": NaN,
        "Tax Rate For Calcs": NaN,
        "Net Income From Continuing Operation Net Minority Interest": NaN,
        "Net Interest Income": NaN,
        "Interest Expense": NaN,
        "Interest Income": NaN,
        "Normalized Income": NaN,
        "Net Income From Continuing And Discontinued Operation": NaN,
        "Diluted Average Shares": NaN,
        "Basic Average Shares": NaN,
        "Diluted EPS": NaN,
        "Basic EPS": NaN,
        "Diluted NI Availto Com Stockholders": NaN,
        "Net Income Common Stockholders": NaN,
        "Net Income": NaN,
        "Minority Interests": NaN,
        "Net Income Including Noncontrolling Interests": NaN,
        "Net Income Continuous Operations": NaN,
        "Tax Provision": NaN,
        "Pretax Income": NaN,
        "Gain On Sale Of Security": 1542000.0,
        "Operating Expense": NaN,
        "Other Operating Expenses": 868000.0,
        "Selling General And Administration": NaN,
        "General And Administrative Expense": NaN,
        "Total Revenue": NaN,
        "Operating Revenue": NaN
    },
    "2023-09-30": {
        "Tax Effect Of Unusual Items": NaN,
        "Tax Rate For Calcs": NaN,
        "Net Income From Continuing Operation Net Minority Interest": NaN,
        "Net Interest Income": NaN,
        "Interest Expense": NaN,
        "Interest Income": NaN,
        "Normalized Income": NaN,
        "Net Income From Continuing And Discontinued Operation": NaN,
        "Diluted Average Shares": NaN,
        "Basic Average Shares": NaN,
        "Diluted EPS": NaN,
        "Basic EPS": NaN,
        "Diluted NI Availto Com Stockholders": NaN,
        "Net Income Common Stockholders": NaN,
        "Net Income": NaN,
        "Minority Interests": NaN,
        "Net Income Including Noncontrolling Interests": NaN,
        "Net Income Continuous Operations": NaN,
        "Tax Provision": NaN,
        "Pretax Income": NaN,
        "Gain On Sale Of Security": 37566000.0,
        "Operating Expense": NaN,
        "Other Operating Expenses": 1549000.0,
        "Selling General And Administration": NaN,
        "General And Administrative Expense": NaN,
        "Total Revenue": NaN,
        "Operating Revenue": NaN
    },
    "2022-09-30": {
        "Tax Effect Of Unusual Items": NaN,
        "Tax Rate For Calcs": NaN,
        "Net Income From Continuing Operation Net Minority Interest": NaN,
        "Net Interest Income": NaN,
        "Interest Expense": NaN,
        "Interest Income": NaN,
        "Normalized Income": NaN,
        "Net Income From Continuing And Discontinued Operation": NaN,
        "Diluted Average Shares": 218701464.0,
        "Basic Average Shares": 218701464.0,
        "Diluted EPS": -0.27,
        "Basic EPS": -0.27,
        "Diluted NI Availto Com Stockholders": NaN,
        "Net Income Common Stockholders": NaN,
        "Net Income": NaN,
        "Minority Interests": NaN,
        "Net Income Including Noncontrolling Interests": NaN,
        "Net Income Continuous Operations": NaN,
        "Tax Provision": NaN,
        "Pretax Income": NaN,
        "Operating Expense": NaN,
        "Other Operating Expenses": NaN,
        "Selling General And Administration": NaN,
        "General And Administrative Expense": NaN,
        "Total Revenue": NaN,
        "Operating Revenue": NaN
    },
    "2023-12-31": {
        "Tax Effect Of Unusual Items": 0.0,
        "Tax Rate For Calcs": 0.031378,
        "Net Income From Continuing Operation Net Minority Interest": 100095000.0,
        "Net Interest Income": -23915000.0,
        "Interest Expense": 23915000.0,
        "Interest Income": 0.0,
        "Normalized Income": 100095000.0,
        "Net Income From Continuing And Discontinued Operation": 100095000.0,
        "Diluted Average Shares": 218962441.0,
        "Basic Average Shares": 218962441.0,
        "Diluted EPS": 0.45,
        "Basic EPS": 0.46,
        "Diluted NI Availto Com Stockholders": 100095000.0,
        "Net Income Common Stockholders": 100095000.0,
        "Net Income": 100095000.0,
        "Minority Interests": -39865000.0,
        "Net Income Including Noncontrolling Interests": 139960000.0,
        "Net Income Continuous Operations": 139960000.0,
        "Tax Provision": 4534000.0,
        "Pretax Income": 144494000.0,
        "Gain On Sale Of Security": NaN,
        "Operating Expense": -14496000.0,
        "Other Operating Expenses": NaN,
        "Selling General And Administration": 24995000.0,
        "General And Administrative Expense": 24995000.0,
        "Total Revenue": 129998000.0,
        "Operating Revenue": 129998000.0
    },
    "2024-03-31": {
        "Tax Effect Of Unusual Items": 0.0,
        "Tax Rate For Calcs": 0.07,
        "Net Income From Continuing Operation Net Minority Interest": -29937000.0,
        "Net Interest Income": -32567000.0,
        "Interest Expense": 32567000.0,
        "Interest Income": 0.0,
        "Normalized Income": -29937000.0,
        "Net Income From Continuing And Discontinued Operation": -29937000.0,
        "Diluted Average Shares": 218933963.0,
        "Basic Average Shares": 218933963.0,
        "Diluted EPS": -0.14,
        "Basic EPS": -0.14,
        "Diluted NI Availto Com Stockholders": -29937000.0,
        "Net Income Common Stockholders": -29937000.0,
        "Net Income": -29937000.0,
        "Minority Interests": -12439000.0,
        "Net Income Including Noncontrolling Interests": -17498000.0,
        "Net Income Continuous Operations": -17498000.0,
        "Tax Provision": -1404000.0,
        "Pretax Income": -18902000.0,
        "Gain On Sale Of Security": NaN,
        "Operating Expense": 23664000.0,
        "Other Operating Expenses": NaN,
        "Selling General And Administration": 8137000.0,
        "General And Administrative Expense": 8137000.0,
        "Total Revenue": 4762000.0,
        "Operating Revenue": 4762000.0
    },
    "2024-06-30": {
        "Tax Effect Of Unusual Items": NaN,
        "Tax Rate For Calcs": NaN,
        "Net Income From Continuing Operation Net Minority Interest": NaN,
        "Net Interest Income": NaN,
        "Interest Expense": NaN,
        "Interest Income": NaN,
        "Normalized Income": NaN,
        "Net Income From Continuing And Discontinued Operation": NaN,
        "Diluted Average Shares": NaN,
        "Basic Average Shares": NaN,
        "Diluted EPS": NaN,
        "Basic EPS": NaN,
        "Diluted NI Availto Com Stockholders": NaN,
        "Net Income Common Stockholders": NaN,
        "Net Income": NaN,
        "Minority Interests": NaN,
        "Net Income Including Noncontrolling Interests": NaN,
        "Net Income Continuous Operations": NaN,
        "Tax Provision": NaN,
        "Pretax Income": NaN,
        "Gain On Sale Of Security": 6278000.0,
        "Operating Expense": NaN,
        "Other Operating Expenses": 1176000.0,
        "Selling General And Administration": NaN,
        "General And Administrative Expense": NaN,
        "Total Revenue": NaN,
        "Operating Revenue": NaN
    },
    "2024-09-30": {
        "Tax Effect Of Unusual Items": 0.0,
        "Tax Rate For Calcs": 0.067725,
        "Net Income From Continuing Operation Net Minority Interest": 135643000.0,
        "Net Interest Income": -33259000.0,
        "Interest Expense": 33259000.0,
        "Interest Income": 0.0,
        "Normalized Income": 135643000.0,
        "Net Income From Continuing And Discontinued Operation": 135643000.0,
        "Diluted Average Shares": 223563853.0,
        "Basic Average Shares": 219412841.0,
        "Diluted EPS": 0.61,
        "Basic EPS": 0.62,
        "Diluted NI Availto Com Stockholders": 135643000.0,
        "Net Income Common Stockholders": 135643000.0,
        "Net Income": 135643000.0,
        "Minority Interests": -22221000.0,
        "Net Income Including Noncontrolling Interests": 157864000.0,
        "Net Income Continuous Operations": 157864000.0,
        "Tax Provision": 11468000.0,
        "Pretax Income": 169332000.0,
        "Gain On Sale Of Security": 95097000.0,
        "Operating Expense": 21021000.0,
        "Other Operating Expenses": -2521000.0,
        "Selling General And Administration": 10265000.0,
        "General And Administrative Expense": 10265000.0,
        "Total Revenue": 190353000.0,
        "Operating Revenue": 190353000.0
    },
    "2024-12-31": {
        "Tax Effect Of Unusual Items": 0.0,
        "Tax Rate For Calcs": 0.138613,
        "Net Income From Continuing Operation Net Minority Interest": -12968000.0,
        "Net Interest Income": -33033000.0,
        "Interest Expense": 33033000.0,
        "Interest Income": 0.0,
        "Normalized Income": -12968000.0,
        "Net Income From Continuing And Discontinued Operation": -12968000.0,
        "Diluted Average Shares": 219421904.0,
        "Basic Average Shares": 219421904.0,
        "Diluted EPS": 0.063553,
        "Basic EPS": 0.063553,
        "Diluted NI Availto Com Stockholders": -12968000.0,
        "Net Income Common Stockholders": -12968000.0,
        "Net Income": -12968000.0,
        "Minority Interests": -26913000.0,
        "Net Income Including Noncontrolling Interests": 13945000.0,
        "Net Income Continuous Operations": 13945000.0,
        "Tax Provision": 2244000.0,
        "Pretax Income": 16189000.0,
        "Gain On Sale Of Security": 307956000.0,
        "Operating Expense": 16728000.0,
        "Other Operating Expenses": 1128000.0,
        "Selling General And Administration": 4270000.0,
        "General And Administrative Expense": 4270000.0,
        "Total Revenue": 32917000.0,
        "Operating Revenue": 32917000.0
    },
    "2025-03-31": {
        "Tax Effect Of Unusual Items": 0.0,
        "Tax Rate For Calcs": 0.17,
        "Net Income From Continuing Operation Net Minority Interest": 30929000.0,
        "Net Interest Income": -33880000.0,
        "Interest Expense": 33880000.0,
        "Interest Income": 0.0,
        "Normalized Income": 30929000.0,
        "Net Income From Continuing And Discontinued Operation": 30929000.0,
        "Diluted Average Shares": 223102344.0,
        "Basic Average Shares": 219299857.0,
        "Diluted EPS": 0.14,
        "Basic EPS": 0.14,
        "Diluted NI Availto Com Stockholders": 30929000.0,
        "Net Income Common Stockholders": 30929000.0,
        "Net Income": 30929000.0,
        "Minority Interests": -5981000.0,
        "Net Income Including Noncontrolling Interests": 36910000.0,
        "Net Income Continuous Operations": 36910000.0,
        "Tax Provision": 7568000.0,
        "Pretax Income": 44478000.0,
        "Gain On Sale Of Security": NaN,
        "Operating Expense": 29981000.0,
        "Other Operating Expenses": NaN,
        "Selling General And Administration": 14787000.0,
        "General And Administrative Expense": 14787000.0,
        "Total Revenue": 74459000.0,
        "Operating Revenue": 74459000.0
    },
    "2025-06-30": {
        "Tax Effect Of Unusual Items": 0.0,
        "Tax Rate For Calcs": 0.04,
        "Net Income From Continuing Operation Net Minority Interest": 88296000.0,
        "Net Interest Income": -33979000.0,
        "Interest Expense": 33979000.0,
        "Interest Income": 0.0,
        "Normalized Income": 88296000.0,
        "Net Income From Continuing And Discontinued Operation": 88296000.0,
        "Diluted Average Shares": 223983079.0,
        "Basic Average Shares": 218669697.0,
        "Diluted EPS": 0.39,
        "Basic EPS": 0.4,
        "Diluted NI Availto Com Stockholders": 88296000.0,
        "Net Income Common Stockholders": 88296000.0,
        "Net Income": 88296000.0,
        "Minority Interests": -16857000.0,
        "Net Income Including Noncontrolling Interests": 105153000.0,
        "Net Income Continuous Operations": 105153000.0,
        "Tax Provision": 4594000.0,
        "Pretax Income": 109747000.0,
        "Gain On Sale Of Security": NaN,
        "Operating Expense": 31126000.0,
        "Other Operating Expenses": NaN,
        "Selling General And Administration": 12112000.0,
        "General And Administrative Expense": 12112000.0,
        "Total Revenue": 140873000.0,
        "Operating Revenue": 140873000.0
    },
    "2025-09-30": {
        "Tax Effect Of Unusual Items": 0.0,
        "Tax Rate For Calcs": 0.21,
        "Net Income From Continuing Operation Net Minority Interest": -19156000.0,
        "Net Interest Income": -40217000.0,
        "Interest Expense": 40217000.0,
        "Interest Income": 0.0,
        "Normalized Income": -19156000.0,
        "Net Income From Continuing And Discontinued Operation": -19156000.0,
        "Diluted Average Shares": 219267032.0,
        "Basic Average Shares": 219267032.0,
        "Diluted EPS": -0.09,
        "Basic EPS": -0.09,
        "Diluted NI Availto Com Stockholders": -19156000.0,
        "Net Income Common Stockholders": -19156000.0,
        "Net Income": -19156000.0,
        "Minority Interests": 1114000.0,
        "Net Income Including Noncontrolling Interests": -20270000.0,
        "Net Income Continuous Operations": -20270000.0,
        "Tax Provision": 3775000.0,
        "Pretax Income": -16495000.0,
        "Gain On Sale Of Security": 77573000.0,
        "Operating Expense": 29601000.0,
        "Other Operating Expenses": -2856000.0,
        "Selling General And Administration": 14320000.0,
        "General And Administrative Expense": 14320000.0,
        "Total Revenue": 13106000.0,
        "Operating Revenue": 13106000.0
    }
}