{
    "2023-06-30": {
        "Tax Effect Of Unusual Items": NaN,
        "Tax Rate For Calcs": NaN,
        "Total Unusual Items": 0.0,
        "Total Unusual Items Excluding Goodwill": 0.0,
        "Net Income From Continuing Operation Net Minority Interest": NaN,
        "Reconciled Depreciation": NaN,
        "Net Interest Income": NaN,
        "Interest Expense": NaN,
        "Interest Income": NaN,
        "Normalized Income": NaN,
        "Net Income From Continuing And Discontinued Operation": NaN,
        "Diluted Average Shares": NaN,
        "Basic Average Shares": NaN,
        "Diluted EPS": NaN,
        "Basic EPS": NaN,
        "Diluted NI Availto Com Stockholders": NaN,
        "Net Income Common Stockholders": NaN,
        "Net Income": NaN,
        "Net Income Including Noncontrolling Interests": NaN,
        "Net Income Continuous Operations": NaN,
        "Tax Provision": NaN,
        "Pretax Income": NaN,
        "Gain On Sale Of Security": NaN,
        "Depreciation Amortization Depletion Income Statement": NaN,
        "Depreciation And Amortization In Income Statement": NaN,
        "Amortization": NaN,
        "Amortization Of Intangibles Income Statement": NaN,
        "Selling General And Administration": NaN,
        "General And Administrative Expense": NaN,
        "Insurance And Claims": NaN,
        "Salaries And Wages": NaN,
        "Total Revenue": NaN,
        "Operating Revenue": NaN,
        "Occupancy And Equipment": NaN,
        "Professional Expense And Contract Services Expense": NaN,
        "Other Non Interest Expense": NaN
    },
    "2023-03-31": {
        "Tax Effect Of Unusual Items": NaN,
        "Tax Rate For Calcs": NaN,
        "Total Unusual Items": 0.0,
        "Total Unusual Items Excluding Goodwill": 0.0,
        "Net Income From Continuing Operation Net Minority Interest": NaN,
        "Reconciled Depreciation": NaN,
        "Net Interest Income": NaN,
        "Interest Expense": NaN,
        "Interest Income": NaN,
        "Normalized Income": NaN,
        "Net Income From Continuing And Discontinued Operation": NaN,
        "Diluted Average Shares": NaN,
        "Basic Average Shares": NaN,
        "Diluted EPS": NaN,
        "Basic EPS": NaN,
        "Diluted NI Availto Com Stockholders": NaN,
        "Net Income Common Stockholders": NaN,
        "Net Income": NaN,
        "Net Income Including Noncontrolling Interests": NaN,
        "Net Income Continuous Operations": NaN,
        "Tax Provision": NaN,
        "Pretax Income": NaN,
        "Gain On Sale Of Security": NaN,
        "Depreciation Amortization Depletion Income Statement": NaN,
        "Depreciation And Amortization In Income Statement": NaN,
        "Amortization": NaN,
        "Amortization Of Intangibles Income Statement": NaN,
        "Selling General And Administration": NaN,
        "General And Administrative Expense": NaN,
        "Insurance And Claims": NaN,
        "Salaries And Wages": NaN,
        "Total Revenue": NaN,
        "Operating Revenue": NaN,
        "Occupancy And Equipment": NaN,
        "Professional Expense And Contract Services Expense": NaN,
        "Other Non Interest Expense": NaN
    },
    "2022-12-31": {
        "Tax Effect Of Unusual Items": 0.0,
        "Tax Rate For Calcs": 0.247417,
        "Net Income From Continuing Operation Net Minority Interest": 34387000.0,
        "Reconciled Depreciation": 6025000.0,
        "Net Interest Income": 91149000.0,
        "Interest Expense": 14735000.0,
        "Interest Income": 105884000.0,
        "Normalized Income": 34387000.0,
        "Net Income From Continuing And Discontinued Operation": 34387000.0,
        "Diluted Average Shares": 56177790.0,
        "Basic Average Shares": 55350423.0,
        "Diluted EPS": 0.61,
        "Basic EPS": 0.62,
        "Diluted NI Availto Com Stockholders": 34387000.0,
        "Net Income Common Stockholders": 34387000.0,
        "Net Income": 34387000.0,
        "Net Income Including Noncontrolling Interests": 34387000.0,
        "Net Income Continuous Operations": 34387000.0,
        "Tax Provision": 11305000.0,
        "Pretax Income": 45692000.0,
        "Gain On Sale Of Security": 191000.0,
        "Depreciation Amortization Depletion Income Statement": 2795000.0,
        "Depreciation And Amortization In Income Statement": 2795000.0,
        "Amortization": 2795000.0,
        "Amortization Of Intangibles Income Statement": 2795000.0,
        "Selling General And Administration": 41790000.0,
        "General And Administrative Expense": 41790000.0,
        "Insurance And Claims": NaN,
        "Salaries And Wages": 41790000.0,
        "Total Revenue": 120228000.0,
        "Operating Revenue": 120228000.0
    },
    "2022-09-30": {
        "Tax Effect Of Unusual Items": NaN,
        "Tax Rate For Calcs": NaN,
        "Net Income From Continuing Operation Net Minority Interest": NaN,
        "Reconciled Depreciation": NaN,
        "Net Interest Income": NaN,
        "Interest Expense": NaN,
        "Interest Income": NaN,
        "Normalized Income": NaN,
        "Net Income From Continuing And Discontinued Operation": NaN,
        "Diluted Average Shares": NaN,
        "Basic Average Shares": NaN,
        "Diluted EPS": NaN,
        "Basic EPS": NaN,
        "Diluted NI Availto Com Stockholders": NaN,
        "Net Income Common Stockholders": NaN,
        "Net Income": NaN,
        "Net Income Including Noncontrolling Interests": NaN,
        "Net Income Continuous Operations": NaN,
        "Tax Provision": NaN,
        "Pretax Income": NaN,
        "Gain On Sale Of Security": NaN,
        "Depreciation Amortization Depletion Income Statement": NaN,
        "Depreciation And Amortization In Income Statement": NaN,
        "Amortization": NaN,
        "Amortization Of Intangibles Income Statement": NaN,
        "Selling General And Administration": NaN,
        "General And Administrative Expense": NaN,
        "Other Gand A": 5447000.0,
        "Insurance And Claims": NaN,
        "Salaries And Wages": NaN,
        "Total Revenue": NaN,
        "Operating Revenue": NaN
    },
    "2022-06-30": {
        "Tax Effect Of Unusual Items": 0.0,
        "Tax Rate For Calcs": 0.176178,
        "Net Income From Continuing Operation Net Minority Interest": 29824000.0,
        "Reconciled Depreciation": 2951000.0,
        "Net Interest Income": 75928000.0,
        "Interest Expense": 6668000.0,
        "Interest Income": 82596000.0,
        "Normalized Income": 29824000.0,
        "Net Income From Continuing And Discontinued Operation": 29824000.0,
        "Diluted Average Shares": 56104017.0,
        "Basic Average Shares": 55421887.0,
        "Diluted EPS": 0.53,
        "Basic EPS": 0.54,
        "Diluted NI Availto Com Stockholders": 29824000.0,
        "Net Income Common Stockholders": 29824000.0,
        "Net Income": 29824000.0,
        "Net Income Including Noncontrolling Interests": 29824000.0,
        "Net Income Continuous Operations": 29824000.0,
        "Tax Provision": 6378000.0,
        "Pretax Income": 36202000.0,
        "Gain On Sale Of Security": -1714000.0,
        "Depreciation Amortization Depletion Income Statement": 2951000.0,
        "Depreciation And Amortization In Income Statement": 2951000.0,
        "Amortization": 2951000.0,
        "Amortization Of Intangibles Income Statement": 2951000.0,
        "Selling General And Administration": 43485000.0,
        "General And Administrative Expense": 43485000.0,
        "Other Gand A": 5375000.0,
        "Insurance And Claims": NaN,
        "Salaries And Wages": 38110000.0,
        "Total Revenue": 106947000.0,
        "Operating Revenue": 106947000.0
    },
    "2022-03-31": {
        "Diluted EPS": 0.51,
        "Total Revenue": 112,
        "Gross Profit": 106,
        "Operating Income": 36,
        "EBIT": NaN,
        "Net Income": 28
    },
    "2021-12-31": {
        "Diluted EPS": 0.52,
        "Total Revenue": 112,
        "Gross Profit": 106,
        "Operating Income": 39,
        "EBIT": NaN,
        "Net Income": 30
    },
    "2021-09-30": {
        "Diluted EPS": 0.46,
        "Total Revenue": 111,
        "Gross Profit": 104,
        "Operating Income": 32,
        "EBIT": NaN,
        "Net Income": 26
    },
    "2021-06-30": {
        "Diluted EPS": 0.53,
        "Total Revenue": 105,
        "Gross Profit": 98,
        "Operating Income": 37,
        "EBIT": NaN,
        "Net Income": 30
    },
    "2021-03-31": {
        "Diluted EPS": 0.69,
        "Total Revenue": 104,
        "Gross Profit": 96,
        "Operating Income": 49,
        "EBIT": NaN,
        "Net Income": 38
    },
    "2020-12-31": {
        "Diluted EPS": 0.52,
        "Total Revenue": 112,
        "Gross Profit": 103,
        "Operating Income": 36,
        "EBIT": NaN,
        "Net Income": 28
    },
    "2020-09-30": {
        "Diluted EPS": 0.56,
        "Total Revenue": 112,
        "Gross Profit": 102,
        "Operating Income": 40,
        "EBIT": NaN,
        "Net Income": 31
    },
    "2020-06-30": {
        "Diluted EPS": 0.47,
        "Total Revenue": 109,
        "Gross Profit": 99,
        "Operating Income": 33,
        "EBIT": NaN,
        "Net Income": 26
    },
    "2020-03-31": {
        "Diluted EPS": 0.28,
        "Total Revenue": 112,
        "Gross Profit": 97,
        "Operating Income": 19,
        "EBIT": NaN,
        "Net Income": 15
    },
    "2019-12-31": {
        "Diluted EPS": 0.51,
        "Total Revenue": 120,
        "Gross Profit": 104,
        "Operating Income": 36,
        "EBIT": NaN,
        "Net Income": 29
    },
    "2019-09-30": {
        "Diluted EPS": 0.45,
        "Total Revenue": 123,
        "Gross Profit": 104,
        "Operating Income": 33,
        "EBIT": NaN,
        "Net Income": 25
    },
    "2019-06-30": {
        "Diluted EPS": 0.43,
        "Total Revenue": 119,
        "Gross Profit": 101,
        "Operating Income": 31,
        "EBIT": NaN,
        "Net Income": 24
    },
    "2019-03-31": {
        "Diluted EPS": 0.48,
        "Total Revenue": 110,
        "Gross Profit": 94,
        "Operating Income": 35,
        "EBIT": NaN,
        "Net Income": 25
    },
    "2018-12-31": {
        "Diluted EPS": 0.5,
        "Total Revenue": 97,
        "Gross Profit": 83,
        "Operating Income": 34,
        "EBIT": NaN,
        "Net Income": 25
    },
    "2018-09-30": {
        "Diluted EPS": 0.55,
        "Total Revenue": 95,
        "Gross Profit": 83,
        "Operating Income": 36,
        "EBIT": NaN,
        "Net Income": 27
    },
    "2018-06-30": {
        "Diluted EPS": 0.51,
        "Total Revenue": 93,
        "Gross Profit": 83,
        "Operating Income": 34,
        "EBIT": NaN,
        "Net Income": 25
    },
    "2018-03-31": {
        "Diluted EPS": 0.45,
        "Total Revenue": 91,
        "Gross Profit": 82,
        "Operating Income": 30,
        "EBIT": NaN,
        "Net Income": 22
    },
    "2017-12-31": {
        "Diluted EPS": 0.22,
        "Total Revenue": 94,
        "Gross Profit": 87,
        "Operating Income": 31,
        "EBIT": NaN,
        "Net Income": 12
    },
    "2017-09-30": {
        "Diluted EPS": 0.41,
        "Total Revenue": 83,
        "Gross Profit": 77,
        "Operating Income": 28,
        "EBIT": NaN,
        "Net Income": 19
    },
    "2017-06-30": {
        "Diluted EPS": 0.43,
        "Total Revenue": 66,
        "Gross Profit": 62,
        "Operating Income": 25,
        "EBIT": NaN,
        "Net Income": 16
    },
    "2017-03-31": {
        "Diluted EPS": 0.39,
        "Total Revenue": 65,
        "Gross Profit": 62,
        "Operating Income": 24,
        "EBIT": NaN,
        "Net Income": 15
    },
    "2016-12-31": {
        "Diluted EPS": 0.29,
        "Total Revenue": 67,
        "Gross Profit": 64,
        "Operating Income": 18,
        "EBIT": NaN,
        "Net Income": 11
    },
    "2016-09-30": {
        "Diluted EPS": 0.4,
        "Total Revenue": 68,
        "Gross Profit": 65,
        "Operating Income": 24,
        "EBIT": NaN,
        "Net Income": 15
    },
    "2016-06-30": {
        "Diluted EPS": 0.35,
        "Total Revenue": 59,
        "Gross Profit": 57,
        "Operating Income": 19,
        "EBIT": NaN,
        "Net Income": 12
    },
    "2016-03-31": {
        "Diluted EPS": 0.36,
        "Total Revenue": 46,
        "Gross Profit": 45,
        "Operating Income": 16,
        "EBIT": NaN,
        "Net Income": 10
    },
    "2015-12-31": {
        "Diluted EPS": 0.37,
        "Total Revenue": 47,
        "Gross Profit": 46,
        "Operating Income": 17,
        "EBIT": NaN,
        "Net Income": 11
    },
    "2015-09-30": {
        "Diluted EPS": 0.36,
        "Total Revenue": 46,
        "Gross Profit": 44,
        "Operating Income": 16,
        "EBIT": NaN,
        "Net Income": 10
    },
    "2015-06-30": {
        "Diluted EPS": 0.33,
        "Total Revenue": 46,
        "Gross Profit": 44,
        "Operating Income": 16,
        "EBIT": NaN,
        "Net Income": 10
    },
    "2015-03-31": {
        "Diluted EPS": 0.26,
        "Total Revenue": 44,
        "Gross Profit": 43,
        "Operating Income": 12,
        "EBIT": NaN,
        "Net Income": 8
    },
    "2014-12-31": {
        "Diluted EPS": 0.25,
        "Total Revenue": 42,
        "Gross Profit": 41,
        "Operating Income": 12,
        "EBIT": NaN,
        "Net Income": 7
    },
    "2014-09-30": {
        "Diluted EPS": 0.31,
        "Total Revenue": 42,
        "Gross Profit": 40,
        "Operating Income": 14,
        "EBIT": NaN,
        "Net Income": 9
    },
    "2014-06-30": {
        "Diluted EPS": 0.27,
        "Total Revenue": 42,
        "Gross Profit": 40,
        "Operating Income": 12,
        "EBIT": NaN,
        "Net Income": 8
    },
    "2014-03-31": {
        "Diluted EPS": 0.27,
        "Total Revenue": 41,
        "Gross Profit": 40,
        "Operating Income": 12,
        "EBIT": NaN,
        "Net Income": 8
    },
    "2013-12-31": {
        "Diluted EPS": 0.2,
        "Total Revenue": 41,
        "Gross Profit": 40,
        "Operating Income": 10,
        "EBIT": NaN,
        "Net Income": 6
    },
    "2013-09-30": {
        "Diluted EPS": 0.24,
        "Total Revenue": 43,
        "Gross Profit": 41,
        "Operating Income": 12,
        "EBIT": NaN,
        "Net Income": 7
    },
    "2013-06-30": {
        "Diluted EPS": 0.24,
        "Total Revenue": 43,
        "Gross Profit": 41,
        "Operating Income": 11,
        "EBIT": NaN,
        "Net Income": 7
    },
    "2013-03-31": {
        "Diluted EPS": 0.18,
        "Total Revenue": 44,
        "Gross Profit": 41,
        "Operating Income": 10,
        "EBIT": NaN,
        "Net Income": 6
    },
    "2012-12-31": {
        "Diluted EPS": 0.12,
        "Total Revenue": 46,
        "Gross Profit": 43,
        "Operating Income": 7,
        "EBIT": NaN,
        "Net Income": 4
    },
    "2012-09-30": {
        "Diluted EPS": 0.15,
        "Total Revenue": 45,
        "Gross Profit": 41,
        "Operating Income": 7,
        "EBIT": NaN,
        "Net Income": 4
    },
    "2012-06-30": {
        "Diluted EPS": 0.15,
        "Total Revenue": 45,
        "Gross Profit": 41,
        "Operating Income": 7,
        "EBIT": NaN,
        "Net Income": 4
    },
    "2012-03-31": {
        "Diluted EPS": 0.24,
        "Total Revenue": 48,
        "Gross Profit": 44,
        "Operating Income": 11,
        "EBIT": NaN,
        "Net Income": 7
    },
    "2011-12-31": {
        "Diluted EPS": 0.15,
        "Total Revenue": 46,
        "Gross Profit": 41,
        "Operating Income": 8,
        "EBIT": NaN,
        "Net Income": 5
    },
    "2011-09-30": {
        "Diluted EPS": 0.24,
        "Total Revenue": 48,
        "Gross Profit": 42,
        "Operating Income": 12,
        "EBIT": NaN,
        "Net Income": 7
    },
    "2011-06-30": {
        "Diluted EPS": 0.21,
        "Total Revenue": 48,
        "Gross Profit": 42,
        "Operating Income": 11,
        "EBIT": NaN,
        "Net Income": 6
    },
    "2011-03-31": {
        "Diluted EPS": 0.27,
        "Total Revenue": 50,
        "Gross Profit": 44,
        "Operating Income": 13,
        "EBIT": NaN,
        "Net Income": 7
    },
    "2010-12-31": {
        "Diluted EPS": 0.27,
        "Total Revenue": 54,
        "Gross Profit": 47,
        "Operating Income": 11,
        "EBIT": NaN,
        "Net Income": 6
    },
    "2010-09-30": {
        "Diluted EPS": 0.21,
        "Total Revenue": 53,
        "Gross Profit": 44,
        "Operating Income": 8,
        "EBIT": NaN,
        "Net Income": 5
    },
    "2010-06-30": {
        "Diluted EPS": 0.21,
        "Total Revenue": 54,
        "Gross Profit": 44,
        "Operating Income": 8,
        "EBIT": NaN,
        "Net Income": 4
    },
    "2010-03-31": {
        "Diluted EPS": 0.12,
        "Total Revenue": 57,
        "Gross Profit": 45,
        "Operating Income": 5,
        "EBIT": NaN,
        "Net Income": 3
    },
    "2009-12-31": {
        "Diluted EPS": 1.47,
        "Total Revenue": 60,
        "Gross Profit": 46,
        "Operating Income": -43,
        "EBIT": NaN,
        "Net Income": -29
    },
    "2009-09-30": {
        "Diluted EPS": -23.76,
        "Total Revenue": 61,
        "Gross Profit": 45,
        "Operating Income": -333,
        "EBIT": NaN,
        "Net Income": -284
    },
    "2009-06-30": {
        "Diluted EPS": -1.71,
        "Total Revenue": 65,
        "Gross Profit": 46,
        "Operating Income": -32,
        "EBIT": NaN,
        "Net Income": -20
    },
    "2009-03-31": {
        "Diluted EPS": 0.45,
        "Total Revenue": 64,
        "Gross Profit": 44,
        "Operating Income": 8,
        "EBIT": NaN,
        "Net Income": 6
    },
    "2023-09-30": {
        "Tax Effect Of Unusual Items": NaN,
        "Tax Rate For Calcs": NaN,
        "Total Unusual Items": 0.0,
        "Total Unusual Items Excluding Goodwill": 0.0,
        "Net Income From Continuing Operation Net Minority Interest": NaN,
        "Reconciled Depreciation": NaN,
        "Net Interest Income": NaN,
        "Interest Expense": NaN,
        "Interest Income": NaN,
        "Normalized Income": NaN,
        "Net Income From Continuing And Discontinued Operation": NaN,
        "Diluted Average Shares": 56315492.0,
        "Basic Average Shares": 55486700.0,
        "Diluted EPS": 0.54,
        "Basic EPS": 0.55,
        "Diluted NI Availto Com Stockholders": NaN,
        "Net Income Common Stockholders": NaN,
        "Net Income": NaN,
        "Net Income Including Noncontrolling Interests": NaN,
        "Net Income Continuous Operations": NaN,
        "Tax Provision": NaN,
        "Pretax Income": NaN,
        "Gain On Sale Of Security": NaN,
        "Depreciation Amortization Depletion Income Statement": NaN,
        "Depreciation And Amortization In Income Statement": NaN,
        "Amortization": NaN,
        "Amortization Of Intangibles Income Statement": NaN,
        "Selling General And Administration": NaN,
        "General And Administrative Expense": NaN,
        "Insurance And Claims": NaN,
        "Salaries And Wages": NaN,
        "Total Revenue": NaN,
        "Operating Revenue": NaN,
        "Occupancy And Equipment": NaN,
        "Professional Expense And Contract Services Expense": NaN,
        "Other Non Interest Expense": NaN
    },
    "2023-12-31": {
        "Tax Effect Of Unusual Items": 0.0,
        "Tax Rate For Calcs": 0.224778,
        "Total Unusual Items": NaN,
        "Total Unusual Items Excluding Goodwill": NaN,
        "Net Income From Continuing Operation Net Minority Interest": 25749000.0,
        "Reconciled Depreciation": 5545000.0,
        "Net Interest Income": 77133000.0,
        "Interest Expense": 51567000.0,
        "Interest Income": 128700000.0,
        "Normalized Income": 25749000.0,
        "Net Income From Continuing And Discontinued Operation": 25749000.0,
        "Diluted Average Shares": 56333033.0,
        "Basic Average Shares": 55403662.0,
        "Diluted EPS": 0.46,
        "Basic EPS": 0.46,
        "Diluted NI Availto Com Stockholders": 25749000.0,
        "Net Income Common Stockholders": 25749000.0,
        "Net Income": 25749000.0,
        "Net Income Including Noncontrolling Interests": 25749000.0,
        "Net Income Continuous Operations": 25749000.0,
        "Tax Provision": 7466000.0,
        "Pretax Income": 33215000.0,
        "Gain On Sale Of Security": 761000.0,
        "Depreciation Amortization Depletion Income Statement": 2479000.0,
        "Depreciation And Amortization In Income Statement": 2479000.0,
        "Amortization": 2479000.0,
        "Amortization Of Intangibles Income Statement": 2479000.0,
        "Selling General And Administration": 43897000.0,
        "General And Administrative Expense": 43897000.0,
        "Insurance And Claims": 1167000.0,
        "Salaries And Wages": 42730000.0,
        "Total Revenue": 108649000.0,
        "Operating Revenue": 108649000.0,
        "Occupancy And Equipment": 6012000.0,
        "Professional Expense And Contract Services Expense": 2574000.0,
        "Other Non Interest Expense": 20017000.0
    },
    "2024-03-31": {
        "Tax Effect Of Unusual Items": 1866250.0,
        "Tax Rate For Calcs": 0.25,
        "Total Unusual Items": 7465000.0,
        "Total Unusual Items Excluding Goodwill": 7465000.0,
        "Net Income From Continuing Operation Net Minority Interest": 26225000.0,
        "Reconciled Depreciation": 5255000.0,
        "Net Interest Income": 75767000.0,
        "Interest Expense": 49966000.0,
        "Interest Income": 125733000.0,
        "Normalized Income": 20626250.0,
        "Net Income From Continuing And Discontinued Operation": 26225000.0,
        "Diluted Average Shares": 56406500.0,
        "Basic Average Shares": 55416589.0,
        "Diluted EPS": 0.46,
        "Basic EPS": 0.47,
        "Diluted NI Availto Com Stockholders": 26225000.0,
        "Net Income Common Stockholders": 26225000.0,
        "Net Income": 26225000.0,
        "Net Income Including Noncontrolling Interests": 26225000.0,
        "Net Income Continuous Operations": 26225000.0,
        "Tax Provision": 8735000.0,
        "Pretax Income": 34960000.0,
        "Gain On Sale Of Security": -6375000.0,
        "Depreciation Amortization Depletion Income Statement": 2409000.0,
        "Depreciation And Amortization In Income Statement": 2409000.0,
        "Amortization": 2409000.0,
        "Amortization Of Intangibles Income Statement": 2409000.0,
        "Selling General And Administration": 43490000.0,
        "General And Administrative Expense": 43490000.0,
        "Insurance And Claims": 1400000.0,
        "Salaries And Wages": 42090000.0,
        "Total Revenue": 110767000.0,
        "Operating Revenue": 110767000.0,
        "Occupancy And Equipment": 6533000.0,
        "Professional Expense And Contract Services Expense": 2253000.0,
        "Other Non Interest Expense": 16084000.0
    },
    "2024-06-30": {
        "Tax Effect Of Unusual Items": 79776.0,
        "Tax Rate For Calcs": 0.288,
        "Total Unusual Items": 277000.0,
        "Total Unusual Items Excluding Goodwill": 277000.0,
        "Net Income From Continuing Operation Net Minority Interest": 27357000.0,
        "Reconciled Depreciation": 5283000.0,
        "Net Interest Income": 82434000.0,
        "Interest Expense": 49407000.0,
        "Interest Income": 131841000.0,
        "Normalized Income": 27159776.0,
        "Net Income From Continuing And Discontinued Operation": 27357000.0,
        "Diluted Average Shares": 57853231.0,
        "Basic Average Shares": 56919025.0,
        "Diluted EPS": 0.47,
        "Basic EPS": 0.48,
        "Diluted NI Availto Com Stockholders": 27357000.0,
        "Net Income Common Stockholders": 27357000.0,
        "Net Income": 27357000.0,
        "Net Income Including Noncontrolling Interests": 27357000.0,
        "Net Income Continuous Operations": 27357000.0,
        "Tax Provision": 11064000.0,
        "Pretax Income": 38421000.0,
        "Gain On Sale Of Security": -353000.0,
        "Depreciation Amortization Depletion Income Statement": 2629000.0,
        "Depreciation And Amortization In Income Statement": 2629000.0,
        "Amortization": 2629000.0,
        "Amortization Of Intangibles Income Statement": 2629000.0,
        "Selling General And Administration": 44938000.0,
        "General And Administrative Expense": 44938000.0,
        "Insurance And Claims": 1460000.0,
        "Salaries And Wages": 43478000.0,
        "Total Revenue": 116235000.0,
        "Operating Revenue": 116235000.0,
        "Occupancy And Equipment": 6285000.0,
        "Professional Expense And Contract Services Expense": 2495000.0,
        "Other Non Interest Expense": 19190000.0
    },
    "2024-09-30": {
        "Tax Effect Of Unusual Items": -4464.0,
        "Tax Rate For Calcs": 0.248,
        "Total Unusual Items": -18000.0,
        "Total Unusual Items Excluding Goodwill": -18000.0,
        "Net Income From Continuing Operation Net Minority Interest": 32004000.0,
        "Reconciled Depreciation": 5060000.0,
        "Net Interest Income": 82541000.0,
        "Interest Expense": 51959000.0,
        "Interest Income": 134500000.0,
        "Normalized Income": 32017536.0,
        "Net Income From Continuing And Discontinued Operation": 32004000.0,
        "Diluted Average Shares": 57967848.0,
        "Basic Average Shares": 57033359.0,
        "Diluted EPS": 0.55,
        "Basic EPS": 0.56,
        "Diluted NI Availto Com Stockholders": 32004000.0,
        "Net Income Common Stockholders": 32004000.0,
        "Net Income": 32004000.0,
        "Net Income Including Noncontrolling Interests": 32004000.0,
        "Net Income Continuous Operations": 32004000.0,
        "Tax Provision": 10560000.0,
        "Pretax Income": 42564000.0,
        "Gain On Sale Of Security": 822000.0,
        "Depreciation Amortization Depletion Income Statement": 2548000.0,
        "Depreciation And Amortization In Income Statement": 2548000.0,
        "Amortization": 2548000.0,
        "Amortization Of Intangibles Income Statement": 2548000.0,
        "Selling General And Administration": 46006000.0,
        "General And Administrative Expense": 46006000.0,
        "Insurance And Claims": 1413000.0,
        "Salaries And Wages": 44593000.0,
        "Total Revenue": 118492000.0,
        "Operating Revenue": 118492000.0,
        "Occupancy And Equipment": 6280000.0,
        "Professional Expense And Contract Services Expense": 3118000.0,
        "Other Non Interest Expense": 17974000.0
    },
    "2024-12-31": {
        "Tax Effect Of Unusual Items": 0.0,
        "Tax Rate For Calcs": 0.247705,
        "Total Unusual Items": 0.0,
        "Total Unusual Items Excluding Goodwill": 0.0,
        "Net Income From Continuing Operation Net Minority Interest": 28105000.0,
        "Reconciled Depreciation": 4959000.0,
        "Net Interest Income": 81021000.0,
        "Interest Expense": 49738000.0,
        "Interest Income": 130759000.0,
        "Normalized Income": 28105000.0,
        "Net Income From Continuing And Discontinued Operation": 28105000.0,
        "Diluted Average Shares": NaN,
        "Basic Average Shares": NaN,
        "Diluted EPS": NaN,
        "Basic EPS": NaN,
        "Diluted NI Availto Com Stockholders": 28105000.0,
        "Net Income Common Stockholders": 28105000.0,
        "Net Income": 28105000.0,
        "Net Income Including Noncontrolling Interests": 28105000.0,
        "Net Income Continuous Operations": 28105000.0,
        "Tax Provision": 9254000.0,
        "Pretax Income": 37359000.0,
        "Gain On Sale Of Security": -196000.0,
        "Depreciation Amortization Depletion Income Statement": 2471000.0,
        "Depreciation And Amortization In Income Statement": 2471000.0,
        "Amortization": 2471000.0,
        "Amortization Of Intangibles Income Statement": 2471000.0,
        "Selling General And Administration": 46788000.0,
        "General And Administrative Expense": 46788000.0,
        "Insurance And Claims": 1330000.0,
        "Salaries And Wages": 45458000.0,
        "Total Revenue": 115951000.0,
        "Operating Revenue": 115951000.0,
        "Occupancy And Equipment": 6444000.0,
        "Professional Expense And Contract Services Expense": 4938000.0,
        "Other Non Interest Expense": 17526000.0
    }
}