{
    "2023-03-31": {
        "Tax Effect Of Unusual Items": 0.0,
        "Tax Rate For Calcs": 0.28,
        "Normalized EBITDA": 41429000.0,
        "Net Income From Continuing Operation Net Minority Interest": 11499000.0,
        "Reconciled Depreciation": 5076000.0,
        "Reconciled Cost Of Revenue": 51282000.0,
        "EBITDA": 41429000.0,
        "EBIT": 36353000.0,
        "Net Interest Income": 12365000.0,
        "Interest Expense": 16469000.0,
        "Interest Income": 28834000.0,
        "Normalized Income": 11499000.0,
        "Net Income From Continuing And Discontinued Operation": 11499000.0,
        "Total Expenses": 182720000.0,
        "Diluted Average Shares": 16246000.0,
        "Basic Average Shares": 15860000.0,
        "Diluted EPS": 0.71,
        "Basic EPS": 0.73,
        "Diluted NI Availto Com Stockholders": 11499000.0,
        "Net Income Common Stockholders": 11499000.0,
        "Net Income": 11499000.0,
        "Minority Interests": -3906000.0,
        "Net Income Including Noncontrolling Interests": 15405000.0,
        "Net Income Continuous Operations": 15405000.0,
        "Tax Provision": 4479000.0,
        "Pretax Income": 19884000.0,
        "Other Income Expense": 265000.0,
        "Other Non Operating Income Expenses": 265000.0,
        "Net Non Operating Interest Income Expense": 12365000.0,
        "Interest Expense Non Operating": 16469000.0,
        "Interest Income Non Operating": 28834000.0,
        "Operating Income": 7254000.0,
        "Operating Expense": 131438000.0,
        "Other Operating Expenses": NaN,
        "Selling General And Administration": 131438000.0,
        "Gross Profit": 138692000.0,
        "Cost Of Revenue": 51282000.0,
        "Total Revenue": 189974000.0,
        "Operating Revenue": 168605000.0
    },
    "2022-12-31": {
        "Tax Effect Of Unusual Items": 0.0,
        "Tax Rate For Calcs": 0.294326,
        "Normalized EBITDA": 37173000.0,
        "Net Income From Continuing Operation Net Minority Interest": 7649000.0,
        "Reconciled Depreciation": 5355000.0,
        "Reconciled Cost Of Revenue": 52955000.0,
        "EBITDA": 37173000.0,
        "EBIT": 31818000.0,
        "Net Interest Income": 14215000.0,
        "Interest Expense": 14018000.0,
        "Interest Income": 28233000.0,
        "Normalized Income": 7649000.0,
        "Net Income From Continuing And Discontinued Operation": 7649000.0,
        "Total Expenses": 206148000.0,
        "Diluted Average Shares": 18656098.0,
        "Basic Average Shares": 18656098.0,
        "Diluted EPS": 0.41,
        "Basic EPS": 0.41,
        "Diluted NI Availto Com Stockholders": 7649000.0,
        "Net Income Common Stockholders": 7649000.0,
        "Net Income": 7649000.0,
        "Minority Interests": -4912000.0,
        "Net Income Including Noncontrolling Interests": 12561000.0,
        "Net Income Continuous Operations": 12561000.0,
        "Tax Provision": 5239000.0,
        "Pretax Income": 17800000.0,
        "Other Income Expense": 1240000.0,
        "Other Non Operating Income Expenses": 1240000.0,
        "Net Non Operating Interest Income Expense": 14215000.0,
        "Interest Expense Non Operating": 14018000.0,
        "Interest Income Non Operating": 28233000.0,
        "Operating Income": 2345000.0,
        "Operating Expense": 153193000.0,
        "Other Operating Expenses": -1240000.0,
        "Selling General And Administration": 153193000.0,
        "Gross Profit": 155538000.0,
        "Cost Of Revenue": 52955000.0,
        "Total Revenue": 208493000.0,
        "Operating Revenue": 186049000.0
    },
    "2022-09-30": {
        "Tax Effect Of Unusual Items": 0.0,
        "Tax Rate For Calcs": 0.236973,
        "Normalized EBITDA": 51989000.0,
        "Net Income From Continuing Operation Net Minority Interest": 22964000.0,
        "Reconciled Depreciation": 4935000.0,
        "Reconciled Cost Of Revenue": 50901000.0,
        "EBITDA": 51989000.0,
        "EBIT": 47054000.0,
        "Net Interest Income": 14981000.0,
        "Interest Expense": 10822000.0,
        "Interest Income": 25803000.0,
        "Normalized Income": 22964000.0,
        "Net Income From Continuing And Discontinued Operation": 22964000.0,
        "Total Expenses": 203782000.0,
        "Diluted Average Shares": 19232000.0,
        "Basic Average Shares": 19101000.0,
        "Diluted EPS": 1.19,
        "Basic EPS": 1.2,
        "Diluted NI Availto Com Stockholders": 22964000.0,
        "Net Income Common Stockholders": 22964000.0,
        "Net Income": 22964000.0,
        "Minority Interests": -4682000.0,
        "Net Income Including Noncontrolling Interests": 27646000.0,
        "Net Income Discontinuous Operations": NaN,
        "Net Income Continuous Operations": 27646000.0,
        "Tax Provision": 8586000.0,
        "Pretax Income": 36232000.0,
        "Other Income Expense": 296000.0,
        "Other Non Operating Income Expenses": 296000.0,
        "Net Non Operating Interest Income Expense": 14981000.0,
        "Interest Expense Non Operating": 10822000.0,
        "Interest Income Non Operating": 25803000.0,
        "Operating Income": 20955000.0,
        "Operating Expense": 152881000.0,
        "Other Operating Expenses": -296000.0,
        "Selling General And Administration": 152881000.0,
        "Gross Profit": 173836000.0,
        "Cost Of Revenue": 50901000.0,
        "Total Revenue": 224737000.0,
        "Operating Revenue": 204018000.0
    },
    "2022-06-30": {
        "Tax Effect Of Unusual Items": 0.0,
        "Tax Rate For Calcs": 0.220338,
        "Normalized EBITDA": 44194000.0,
        "Net Income From Continuing Operation Net Minority Interest": 17784000.0,
        "Reconciled Depreciation": 5831000.0,
        "Reconciled Cost Of Revenue": 47981000.0,
        "EBITDA": 44194000.0,
        "EBIT": 38363000.0,
        "Net Interest Income": 13150000.0,
        "Interest Expense": 10356000.0,
        "Interest Income": 23506000.0,
        "Normalized Income": 17784000.0,
        "Net Income From Continuing And Discontinued Operation": 17784000.0,
        "Total Expenses": 197139000.0,
        "Diluted Average Shares": 20389000.0,
        "Basic Average Shares": 20226000.0,
        "Diluted EPS": 0.87,
        "Basic EPS": 0.88,
        "Diluted NI Availto Com Stockholders": 17784000.0,
        "Net Income Common Stockholders": 17784000.0,
        "Net Income": 17784000.0,
        "Minority Interests": -4052000.0,
        "Net Income Including Noncontrolling Interests": 21836000.0,
        "Net Income Discontinuous Operations": NaN,
        "Net Income Continuous Operations": 21836000.0,
        "Tax Provision": 6171000.0,
        "Pretax Income": 28007000.0,
        "Other Income Expense": -68000.0,
        "Other Non Operating Income Expenses": -68000.0,
        "Net Non Operating Interest Income Expense": 13150000.0,
        "Interest Expense Non Operating": 10356000.0,
        "Interest Income Non Operating": 23506000.0,
        "Operating Income": 14925000.0,
        "Operating Expense": 149158000.0,
        "Other Operating Expenses": NaN,
        "Selling General And Administration": 149158000.0,
        "Gross Profit": 164083000.0,
        "Cost Of Revenue": 47981000.0,
        "Total Revenue": 212064000.0,
        "Operating Revenue": 195896000.0
    },
    "2023-06-30": {
        "Tax Effect Of Unusual Items": 0.0,
        "Tax Rate For Calcs": 0.27,
        "Normalized EBITDA": 57148000.0,
        "Net Income From Continuing Operation Net Minority Interest": 21913000.0,
        "Reconciled Depreciation": 4937000.0,
        "Reconciled Cost Of Revenue": 60354000.0,
        "EBITDA": 57148000.0,
        "EBIT": 52211000.0,
        "Net Interest Income": 13212000.0,
        "Interest Expense": 17741000.0,
        "Interest Income": 30953000.0,
        "Normalized Income": 21913000.0,
        "Net Income From Continuing And Discontinued Operation": 21913000.0,
        "Total Expenses": 208407000.0,
        "Diluted Average Shares": 16310000.0,
        "Basic Average Shares": 15868000.0,
        "Diluted EPS": 1.34,
        "Basic EPS": 1.38,
        "Diluted NI Availto Com Stockholders": 21913000.0,
        "Net Income Common Stockholders": 21913000.0,
        "Net Income": 21913000.0,
        "Minority Interests": -4538000.0,
        "Net Income Including Noncontrolling Interests": 26451000.0,
        "Net Income Continuous Operations": 26451000.0,
        "Tax Provision": 8019000.0,
        "Pretax Income": 34470000.0,
        "Other Income Expense": 3078000.0,
        "Other Non Operating Income Expenses": 3078000.0,
        "Net Non Operating Interest Income Expense": 13212000.0,
        "Interest Expense Non Operating": 17741000.0,
        "Interest Income Non Operating": 30953000.0,
        "Operating Income": 18180000.0,
        "Operating Expense": 148053000.0,
        "Other Operating Expenses": NaN,
        "Selling General And Administration": 148053000.0,
        "Gross Profit": 166233000.0,
        "Cost Of Revenue": 60354000.0,
        "Total Revenue": 226587000.0,
        "Operating Revenue": 200287000.0
    },
    "2022-03-31": {
        "Diluted EPS": 0.76,
        "Total Revenue": 195,
        "Gross Profit": 187,
        "Operating Income": 25,
        "EBIT": NaN,
        "Net Income": 16
    },
    "2021-12-31": {
        "Diluted EPS": 0.69,
        "Total Revenue": 203,
        "Gross Profit": 195,
        "Operating Income": 25,
        "EBIT": NaN,
        "Net Income": 13
    },
    "2021-09-30": {
        "Diluted EPS": 1.06,
        "Total Revenue": 215,
        "Gross Profit": 206,
        "Operating Income": 35,
        "EBIT": NaN,
        "Net Income": 23
    },
    "2021-06-30": {
        "Diluted EPS": 0.93,
        "Total Revenue": 193,
        "Gross Profit": 185,
        "Operating Income": 32,
        "EBIT": NaN,
        "Net Income": 20
    },
    "2021-03-31": {
        "Diluted EPS": 0.15,
        "Total Revenue": 146,
        "Gross Profit": 137,
        "Operating Income": 7,
        "EBIT": NaN,
        "Net Income": 3
    },
    "2020-12-31": {
        "Diluted EPS": 0.53,
        "Total Revenue": 151,
        "Gross Profit": 142,
        "Operating Income": 10,
        "EBIT": NaN,
        "Net Income": 9
    },
    "2020-09-30": {
        "Diluted EPS": -1.35,
        "Total Revenue": 144,
        "Gross Profit": 136,
        "Operating Income": -25,
        "EBIT": NaN,
        "Net Income": -25
    },
    "2020-06-30": {
        "Diluted EPS": -1.95,
        "Total Revenue": 68,
        "Gross Profit": 59,
        "Operating Income": -23,
        "EBIT": NaN,
        "Net Income": -36
    },
    "2020-03-31": {
        "Diluted EPS": -1.55,
        "Total Revenue": 156,
        "Gross Profit": 146,
        "Operating Income": -9,
        "EBIT": NaN,
        "Net Income": -28
    },
    "2019-12-31": {
        "Diluted EPS": 0.29,
        "Total Revenue": 61,
        "Gross Profit": 50,
        "Operating Income": -6,
        "EBIT": NaN,
        "Net Income": 5
    },
    "2019-09-30": {
        "Diluted EPS": 1.19,
        "Total Revenue": 202,
        "Gross Profit": 190,
        "Operating Income": 17,
        "EBIT": NaN,
        "Net Income": 22
    },
    "2019-06-30": {
        "Diluted EPS": -0.62,
        "Total Revenue": 257,
        "Gross Profit": 245,
        "Operating Income": -7,
        "EBIT": NaN,
        "Net Income": -12
    },
    "2019-03-31": {
        "Diluted EPS": 0.1,
        "Total Revenue": 218,
        "Gross Profit": 207,
        "Operating Income": 7,
        "EBIT": NaN,
        "Net Income": 1
    },
    "2018-12-31": {
        "Diluted EPS": 0.59,
        "Total Revenue": 17,
        "Gross Profit": 7,
        "Operating Income": 18,
        "EBIT": NaN,
        "Net Income": 11
    },
    "2018-09-30": {
        "Diluted EPS": 0.3,
        "Total Revenue": 255,
        "Gross Profit": 244,
        "Operating Income": 19,
        "EBIT": NaN,
        "Net Income": 6
    },
    "2018-06-30": {
        "Diluted EPS": 0.35,
        "Total Revenue": 243,
        "Gross Profit": 232,
        "Operating Income": 21,
        "EBIT": NaN,
        "Net Income": 6
    },
    "2018-03-31": {
        "Diluted EPS": 0.55,
        "Total Revenue": 219,
        "Gross Profit": 210,
        "Operating Income": 23,
        "EBIT": NaN,
        "Net Income": 11
    },
    "2017-12-31": {
        "Diluted EPS": 2.25,
        "Total Revenue": 230,
        "Gross Profit": 222,
        "Operating Income": 21,
        "EBIT": NaN,
        "Net Income": 46
    },
    "2017-09-30": {
        "Diluted EPS": 0.4,
        "Total Revenue": 243,
        "Gross Profit": 234,
        "Operating Income": 21,
        "EBIT": NaN,
        "Net Income": 8
    },
    "2017-06-30": {
        "Diluted EPS": 0.6,
        "Total Revenue": 221,
        "Gross Profit": 211,
        "Operating Income": 25,
        "EBIT": NaN,
        "Net Income": 13
    },
    "2017-03-31": {
        "Diluted EPS": 0.8,
        "Total Revenue": 189,
        "Gross Profit": 180,
        "Operating Income": 33,
        "EBIT": NaN,
        "Net Income": 17
    },
    "2016-12-31": {
        "Diluted EPS": 0.35,
        "Total Revenue": 260,
        "Gross Profit": 252,
        "Operating Income": 25,
        "EBIT": NaN,
        "Net Income": 6
    },
    "2016-09-30": {
        "Diluted EPS": 1.05,
        "Total Revenue": 214,
        "Gross Profit": 205,
        "Operating Income": 42,
        "EBIT": NaN,
        "Net Income": 18
    },
    "2016-06-30": {
        "Diluted EPS": 0.0,
        "Total Revenue": 195,
        "Gross Profit": 185,
        "Operating Income": 4,
        "EBIT": NaN,
        "Net Income": 0
    },
    "2016-03-31": {
        "Diluted EPS": 0.3,
        "Total Revenue": 166,
        "Gross Profit": 156,
        "Operating Income": 12,
        "EBIT": NaN,
        "Net Income": 5
    },
    "2015-12-31": {
        "Diluted EPS": 1.1,
        "Total Revenue": 200,
        "Gross Profit": 189,
        "Operating Income": 28,
        "EBIT": NaN,
        "Net Income": 20
    },
    "2015-09-30": {
        "Diluted EPS": 0.95,
        "Total Revenue": 200,
        "Gross Profit": 191,
        "Operating Income": 25,
        "EBIT": NaN,
        "Net Income": 16
    },
    "2015-06-30": {
        "Diluted EPS": 4.85,
        "Total Revenue": 192,
        "Gross Profit": 182,
        "Operating Income": -1,
        "EBIT": NaN,
        "Net Income": 84
    },
    "2015-03-31": {
        "Diluted EPS": 0.1,
        "Total Revenue": 151,
        "Gross Profit": 140,
        "Operating Income": 13,
        "EBIT": NaN,
        "Net Income": 2
    },
    "2014-12-31": {
        "Diluted EPS": -0.2,
        "Total Revenue": 166,
        "Gross Profit": 154,
        "Operating Income": 5,
        "EBIT": NaN,
        "Net Income": -2
    },
    "2014-09-30": {
        "Diluted EPS": 0.25,
        "Total Revenue": 185,
        "Gross Profit": 175,
        "Operating Income": 24,
        "EBIT": NaN,
        "Net Income": 4
    },
    "2014-06-30": {
        "Diluted EPS": 0.55,
        "Total Revenue": 174,
        "Gross Profit": 162,
        "Operating Income": 26,
        "EBIT": NaN,
        "Net Income": 9
    },
    "2014-03-31": {
        "Diluted EPS": 0.2,
        "Total Revenue": 151,
        "Gross Profit": 138,
        "Operating Income": 17,
        "EBIT": NaN,
        "Net Income": 3
    },
    "2013-12-31": {
        "Diluted EPS": 1.45,
        "Total Revenue": 154,
        "Gross Profit": 141,
        "Operating Income": 51,
        "EBIT": NaN,
        "Net Income": 24
    },
    "2013-09-30": {
        "Diluted EPS": 0.55,
        "Total Revenue": 154,
        "Gross Profit": 142,
        "Operating Income": 29,
        "EBIT": NaN,
        "Net Income": 10
    },
    "2013-06-30": {
        "Diluted EPS": -0.1,
        "Total Revenue": 133,
        "Gross Profit": 119,
        "Operating Income": 9,
        "EBIT": NaN,
        "Net Income": -2
    },
    "2013-03-31": {
        "Diluted EPS": -0.15,
        "Total Revenue": 123,
        "Gross Profit": 111,
        "Operating Income": 13,
        "EBIT": NaN,
        "Net Income": -3
    },
    "2012-12-31": {
        "Diluted EPS": -1.1,
        "Total Revenue": 130,
        "Gross Profit": 118,
        "Operating Income": 2,
        "EBIT": NaN,
        "Net Income": -15
    },
    "2012-09-30": {
        "Diluted EPS": 10.15,
        "Total Revenue": 141,
        "Gross Profit": 126,
        "Operating Income": 20,
        "EBIT": NaN,
        "Net Income": 158
    },
    "2012-06-30": {
        "Diluted EPS": 1.6,
        "Total Revenue": 156,
        "Gross Profit": 139,
        "Operating Income": 46,
        "EBIT": NaN,
        "Net Income": 26
    },
    "2012-03-31": {
        "Diluted EPS": -0.2,
        "Total Revenue": 107,
        "Gross Profit": 90,
        "Operating Income": 2,
        "EBIT": NaN,
        "Net Income": -3
    },
    "2011-12-31": {
        "Diluted EPS": 0.05,
        "Total Revenue": 124,
        "Gross Profit": 107,
        "Operating Income": -5,
        "EBIT": NaN,
        "Net Income": 0
    },
    "2011-09-30": {
        "Diluted EPS": -0.15,
        "Total Revenue": 124,
        "Gross Profit": 105,
        "Operating Income": 1,
        "EBIT": NaN,
        "Net Income": -2
    },
    "2011-06-30": {
        "Diluted EPS": -0.5,
        "Total Revenue": 114,
        "Gross Profit": 94,
        "Operating Income": 2,
        "EBIT": NaN,
        "Net Income": -7
    },
    "2011-03-31": {
        "Diluted EPS": -0.2,
        "Total Revenue": 113,
        "Gross Profit": 91,
        "Operating Income": 2,
        "EBIT": NaN,
        "Net Income": -3
    },
    "2010-12-31": {
        "Diluted EPS": -2.95,
        "Total Revenue": -73,
        "Gross Profit": -75,
        "Operating Income": -86,
        "EBIT": NaN,
        "Net Income": -44
    },
    "2010-09-30": {
        "Diluted EPS": -1.65,
        "Total Revenue": 177,
        "Gross Profit": 148,
        "Operating Income": -21,
        "EBIT": NaN,
        "Net Income": -25
    },
    "2010-06-30": {
        "Diluted EPS": -1.05,
        "Total Revenue": 185,
        "Gross Profit": 155,
        "Operating Income": -34,
        "EBIT": NaN,
        "Net Income": -16
    },
    "2010-03-31": {
        "Diluted EPS": -1.3,
        "Total Revenue": 156,
        "Gross Profit": 123,
        "Operating Income": -37,
        "EBIT": NaN,
        "Net Income": -20
    },
    "2009-12-31": {
        "Diluted EPS": 10.4,
        "Total Revenue": 307,
        "Gross Profit": 285,
        "Operating Income": 23,
        "EBIT": NaN,
        "Net Income": 104
    },
    "2009-09-30": {
        "Diluted EPS": -5.45,
        "Total Revenue": 104,
        "Gross Profit": 85,
        "Operating Income": -84,
        "EBIT": NaN,
        "Net Income": -54
    },
    "2009-06-30": {
        "Diluted EPS": -1.45,
        "Total Revenue": 103,
        "Gross Profit": 79,
        "Operating Income": -38,
        "EBIT": NaN,
        "Net Income": -13
    },
    "2009-03-31": {
        "Diluted EPS": -1.15,
        "Total Revenue": 146,
        "Gross Profit": 119,
        "Operating Income": 1,
        "EBIT": NaN,
        "Net Income": -11
    },
    "2023-09-30": {
        "Tax Effect Of Unusual Items": 0.0,
        "Tax Rate For Calcs": 0.28,
        "Normalized EBITDA": 57934000.0,
        "Net Income From Continuing Operation Net Minority Interest": 20657000.0,
        "Reconciled Depreciation": 5139000.0,
        "Reconciled Cost Of Revenue": 58498000.0,
        "EBITDA": 57934000.0,
        "EBIT": 52795000.0,
        "Net Interest Income": 13518000.0,
        "Interest Expense": 19458000.0,
        "Interest Income": 32976000.0,
        "Normalized Income": 20657000.0,
        "Net Income From Continuing And Discontinued Operation": 20657000.0,
        "Total Expenses": 215079000.0,
        "Diluted Average Shares": 16479000.0,
        "Basic Average Shares": 15869000.0,
        "Diluted EPS": 1.25,
        "Basic EPS": 1.3,
        "Diluted NI Availto Com Stockholders": 20657000.0,
        "Net Income Common Stockholders": 20657000.0,
        "Net Income": 20657000.0,
        "Minority Interests": -4840000.0,
        "Net Income Including Noncontrolling Interests": 25497000.0,
        "Net Income Continuous Operations": 25497000.0,
        "Tax Provision": 7840000.0,
        "Pretax Income": 33337000.0,
        "Other Income Expense": -63000.0,
        "Other Non Operating Income Expenses": -63000.0,
        "Net Non Operating Interest Income Expense": 13518000.0,
        "Interest Expense Non Operating": 19458000.0,
        "Interest Income Non Operating": 32976000.0,
        "Operating Income": 19882000.0,
        "Operating Expense": 156581000.0,
        "Other Operating Expenses": NaN,
        "Selling General And Administration": 156581000.0,
        "Gross Profit": 176463000.0,
        "Cost Of Revenue": 58498000.0,
        "Total Revenue": 234961000.0,
        "Operating Revenue": 211669000.0
    }
}