{
    "2023-03-31": {
        "Tax Effect Of Unusual Items": NaN,
        "Tax Rate For Calcs": NaN,
        "Normalized EBITDA": NaN,
        "Total Unusual Items": NaN,
        "Total Unusual Items Excluding Goodwill": NaN,
        "Net Income From Continuing Operation Net Minority Interest": NaN,
        "Reconciled Depreciation": NaN,
        "Reconciled Cost Of Revenue": NaN,
        "EBITDA": NaN,
        "EBIT": NaN,
        "Net Interest Income": NaN,
        "Interest Expense": NaN,
        "Normalized Income": NaN,
        "Net Income From Continuing And Discontinued Operation": NaN,
        "Total Expenses": NaN,
        "Total Operating Income As Reported": NaN,
        "Diluted Average Shares": NaN,
        "Basic Average Shares": NaN,
        "Diluted EPS": NaN,
        "Basic EPS": NaN,
        "Diluted NI Availto Com Stockholders": NaN,
        "Net Income Common Stockholders": NaN,
        "Net Income": NaN,
        "Minority Interests": NaN,
        "Net Income Including Noncontrolling Interests": NaN,
        "Net Income Discontinuous Operations": NaN,
        "Net Income Continuous Operations": NaN,
        "Tax Provision": NaN,
        "Pretax Income": NaN,
        "Other Income Expense": NaN,
        "Other Non Operating Income Expenses": NaN,
        "Special Income Charges": NaN,
        "Gain On Sale Of Business": NaN,
        "Write Off": 78615000.0,
        "Impairment Of Capital Assets": 78615000.0,
        "Restructuring And Mergern Acquisition": NaN,
        "Net Non Operating Interest Income Expense": NaN,
        "Total Other Finance Cost": 9694000.0,
        "Interest Expense Non Operating": NaN,
        "Operating Income": NaN,
        "Operating Expense": NaN,
        "Depreciation Amortization Depletion Income Statement": NaN,
        "Depreciation And Amortization In Income Statement": NaN,
        "Research And Development": NaN,
        "Selling General And Administration": NaN,
        "Gross Profit": NaN,
        "Cost Of Revenue": NaN,
        "Total Revenue": NaN,
        "Operating Revenue": NaN
    },
    "2022-12-31": {
        "Tax Effect Of Unusual Items": NaN,
        "Tax Rate For Calcs": NaN,
        "Normalized EBITDA": NaN,
        "Total Unusual Items": NaN,
        "Total Unusual Items Excluding Goodwill": NaN,
        "Net Income From Continuing Operation Net Minority Interest": NaN,
        "Reconciled Depreciation": NaN,
        "Reconciled Cost Of Revenue": NaN,
        "EBITDA": NaN,
        "EBIT": NaN,
        "Net Interest Income": NaN,
        "Interest Expense": NaN,
        "Normalized Income": NaN,
        "Net Income From Continuing And Discontinued Operation": NaN,
        "Total Expenses": NaN,
        "Total Operating Income As Reported": NaN,
        "Diluted Average Shares": NaN,
        "Basic Average Shares": NaN,
        "Diluted EPS": NaN,
        "Basic EPS": NaN,
        "Diluted NI Availto Com Stockholders": NaN,
        "Net Income Common Stockholders": NaN,
        "Net Income": NaN,
        "Minority Interests": NaN,
        "Net Income Including Noncontrolling Interests": NaN,
        "Net Income Discontinuous Operations": NaN,
        "Net Income Continuous Operations": NaN,
        "Tax Provision": NaN,
        "Pretax Income": NaN,
        "Other Income Expense": NaN,
        "Other Non Operating Income Expenses": NaN,
        "Special Income Charges": NaN,
        "Gain On Sale Of Business": NaN,
        "Write Off": 0.0,
        "Impairment Of Capital Assets": 0.0,
        "Restructuring And Mergern Acquisition": NaN,
        "Net Non Operating Interest Income Expense": NaN,
        "Total Other Finance Cost": NaN,
        "Interest Expense Non Operating": NaN,
        "Operating Income": NaN,
        "Operating Expense": NaN,
        "Depreciation Amortization Depletion Income Statement": NaN,
        "Depreciation And Amortization In Income Statement": NaN,
        "Research And Development": NaN,
        "Selling General And Administration": NaN,
        "Gross Profit": NaN,
        "Cost Of Revenue": NaN,
        "Total Revenue": NaN,
        "Operating Revenue": NaN
    },
    "2022-09-30": {
        "Tax Effect Of Unusual Items": NaN,
        "Tax Rate For Calcs": NaN,
        "Normalized EBITDA": NaN,
        "Total Unusual Items": NaN,
        "Total Unusual Items Excluding Goodwill": NaN,
        "Net Income From Continuing Operation Net Minority Interest": NaN,
        "Reconciled Depreciation": NaN,
        "Reconciled Cost Of Revenue": NaN,
        "EBITDA": NaN,
        "EBIT": NaN,
        "Net Interest Income": NaN,
        "Interest Expense": NaN,
        "Normalized Income": NaN,
        "Net Income From Continuing And Discontinued Operation": NaN,
        "Total Expenses": NaN,
        "Total Operating Income As Reported": NaN,
        "Diluted Average Shares": NaN,
        "Basic Average Shares": NaN,
        "Diluted EPS": NaN,
        "Basic EPS": NaN,
        "Diluted NI Availto Com Stockholders": NaN,
        "Net Income Common Stockholders": NaN,
        "Net Income": NaN,
        "Minority Interests": NaN,
        "Net Income Including Noncontrolling Interests": NaN,
        "Net Income Discontinuous Operations": NaN,
        "Net Income Continuous Operations": NaN,
        "Tax Provision": NaN,
        "Pretax Income": NaN,
        "Other Income Expense": NaN,
        "Other Non Operating Income Expenses": NaN,
        "Special Income Charges": NaN,
        "Gain On Sale Of Business": 0.0,
        "Write Off": NaN,
        "Impairment Of Capital Assets": 189197000.0,
        "Restructuring And Mergern Acquisition": NaN,
        "Net Non Operating Interest Income Expense": NaN,
        "Total Other Finance Cost": NaN,
        "Interest Expense Non Operating": NaN,
        "Operating Income": NaN,
        "Operating Expense": NaN,
        "Depreciation Amortization Depletion Income Statement": NaN,
        "Depreciation And Amortization In Income Statement": NaN,
        "Research And Development": NaN,
        "Selling General And Administration": NaN,
        "Gross Profit": NaN,
        "Cost Of Revenue": NaN,
        "Total Revenue": NaN,
        "Operating Revenue": NaN
    },
    "2022-06-30": {
        "Tax Effect Of Unusual Items": -512000.0,
        "Tax Rate For Calcs": 0.4,
        "Normalized EBITDA": 11636000.0,
        "Total Unusual Items": -1280000.0,
        "Total Unusual Items Excluding Goodwill": -1280000.0,
        "Net Income From Continuing Operation Net Minority Interest": -7252000.0,
        "Reconciled Depreciation": 12384000.0,
        "Reconciled Cost Of Revenue": 33989000.0,
        "EBITDA": 10356000.0,
        "EBIT": -2028000.0,
        "Net Interest Income": -2578000.0,
        "Interest Expense": NaN,
        "Normalized Income": -6484000.0,
        "Net Income From Continuing And Discontinued Operation": -7252000.0,
        "Total Expenses": 142359000.0,
        "Total Operating Income As Reported": -3308000.0,
        "Diluted Average Shares": 61475350.0,
        "Basic Average Shares": 61475350.0,
        "Diluted EPS": -0.11,
        "Basic EPS": -0.11,
        "Diluted NI Availto Com Stockholders": -7252000.0,
        "Net Income Common Stockholders": -7252000.0,
        "Net Income": -7252000.0,
        "Minority Interests": 762000.0,
        "Net Income Including Noncontrolling Interests": -8014000.0,
        "Net Income Discontinuous Operations": NaN,
        "Net Income Continuous Operations": -8014000.0,
        "Tax Provision": 1244000.0,
        "Pretax Income": -6770000.0,
        "Other Income Expense": -2164000.0,
        "Other Non Operating Income Expenses": -884000.0,
        "Special Income Charges": -1280000.0,
        "Gain On Sale Of Business": NaN,
        "Write Off": 0.0,
        "Impairment Of Capital Assets": NaN,
        "Restructuring And Mergern Acquisition": 1280000.0,
        "Net Non Operating Interest Income Expense": -2578000.0,
        "Total Other Finance Cost": 2578000.0,
        "Interest Expense Non Operating": NaN,
        "Operating Income": -2028000.0,
        "Operating Expense": 98682000.0,
        "Depreciation Amortization Depletion Income Statement": 2696000.0,
        "Depreciation And Amortization In Income Statement": 2696000.0,
        "Research And Development": 6366000.0,
        "Selling General And Administration": 89620000.0,
        "Gross Profit": 96654000.0,
        "Cost Of Revenue": 43677000.0,
        "Total Revenue": 140331000.0,
        "Operating Revenue": 140331000.0
    },
    "2022-03-31": {
        "Diluted EPS": -0.19,
        "Total Revenue": 117,
        "Gross Profit": 76,
        "Operating Income": -21,
        "EBIT": -9,
        "Net Income": -11
    },
    "2021-12-31": {
        "Diluted EPS": 0.0,
        "Total Revenue": 130,
        "Gross Profit": 88,
        "Operating Income": -3,
        "EBIT": 9,
        "Net Income": 0
    },
    "2021-09-30": {
        "Diluted EPS": -0.03,
        "Total Revenue": 109,
        "Gross Profit": 79,
        "Operating Income": -1,
        "EBIT": 7,
        "Net Income": -1
    },
    "2021-06-30": {
        "Diluted EPS": -0.1,
        "Total Revenue": 110,
        "Gross Profit": 76,
        "Operating Income": -6,
        "EBIT": 2,
        "Net Income": -4
    },
    "2021-03-31": {
        "Diluted EPS": -0.02,
        "Total Revenue": 82,
        "Gross Profit": 60,
        "Operating Income": 22,
        "EBIT": 29,
        "Net Income": 25
    },
    "2020-12-31": {
        "Diluted EPS": 0.1,
        "Total Revenue": 99,
        "Gross Profit": 73,
        "Operating Income": 6,
        "EBIT": 13,
        "Net Income": 3
    },
    "2020-09-30": {
        "Diluted EPS": 0.0,
        "Total Revenue": 86,
        "Gross Profit": 62,
        "Operating Income": 7,
        "EBIT": 14,
        "Net Income": 8
    },
    "2020-06-30": {
        "Diluted EPS": 0.0,
        "Total Revenue": 58,
        "Gross Profit": 40,
        "Operating Income": -5,
        "EBIT": 3,
        "Net Income": -6
    },
    "2020-03-31": {
        "Diluted EPS": 0.0,
        "Total Revenue": 79,
        "Gross Profit": 57,
        "Operating Income": 13,
        "EBIT": 20,
        "Net Income": 11
    },
    "2019-12-31": {
        "Diluted EPS": 0.0,
        "Total Revenue": NaN,
        "Gross Profit": NaN,
        "Operating Income": NaN,
        "EBIT": NaN,
        "Net Income": NaN
    },
    "2018-12-31": {
        "Diluted EPS": 0.0,
        "Total Revenue": NaN,
        "Gross Profit": NaN,
        "Operating Income": NaN,
        "EBIT": NaN,
        "Net Income": NaN
    },
    "2017-12-31": {
        "Diluted EPS": 0.0,
        "Total Revenue": NaN,
        "Gross Profit": NaN,
        "Operating Income": NaN,
        "EBIT": NaN,
        "Net Income": NaN
    },
    "2023-06-30": {
        "Tax Effect Of Unusual Items": NaN,
        "Tax Rate For Calcs": NaN,
        "Normalized EBITDA": NaN,
        "Total Unusual Items": NaN,
        "Total Unusual Items Excluding Goodwill": NaN,
        "Net Income From Continuing Operation Net Minority Interest": NaN,
        "Reconciled Depreciation": NaN,
        "Reconciled Cost Of Revenue": NaN,
        "EBITDA": NaN,
        "EBIT": NaN,
        "Net Interest Income": NaN,
        "Interest Expense": NaN,
        "Normalized Income": NaN,
        "Net Income From Continuing And Discontinued Operation": NaN,
        "Total Expenses": NaN,
        "Total Operating Income As Reported": NaN,
        "Diluted Average Shares": 62551285.0,
        "Basic Average Shares": 62551285.0,
        "Diluted EPS": -0.06,
        "Basic EPS": -0.06,
        "Diluted NI Availto Com Stockholders": NaN,
        "Net Income Common Stockholders": NaN,
        "Net Income": NaN,
        "Minority Interests": NaN,
        "Net Income Including Noncontrolling Interests": NaN,
        "Net Income Discontinuous Operations": NaN,
        "Net Income Continuous Operations": NaN,
        "Tax Provision": NaN,
        "Pretax Income": NaN,
        "Other Income Expense": NaN,
        "Other Non Operating Income Expenses": NaN,
        "Special Income Charges": NaN,
        "Gain On Sale Of Business": -977000.0,
        "Write Off": 0.0,
        "Impairment Of Capital Assets": 0.0,
        "Restructuring And Mergern Acquisition": NaN,
        "Net Non Operating Interest Income Expense": NaN,
        "Interest Expense Non Operating": NaN,
        "Operating Income": NaN,
        "Operating Expense": NaN,
        "Depreciation Amortization Depletion Income Statement": NaN,
        "Depreciation And Amortization In Income Statement": NaN,
        "Research And Development": NaN,
        "Selling General And Administration": NaN,
        "Gross Profit": NaN,
        "Cost Of Revenue": NaN,
        "Total Revenue": NaN,
        "Operating Revenue": NaN
    },
    "2023-09-30": {
        "Tax Effect Of Unusual Items": NaN,
        "Tax Rate For Calcs": NaN,
        "Normalized EBITDA": NaN,
        "Total Unusual Items": NaN,
        "Total Unusual Items Excluding Goodwill": NaN,
        "Net Income From Continuing Operation Net Minority Interest": NaN,
        "Reconciled Depreciation": NaN,
        "Reconciled Cost Of Revenue": NaN,
        "EBITDA": NaN,
        "EBIT": NaN,
        "Net Interest Income": NaN,
        "Interest Expense": NaN,
        "Normalized Income": NaN,
        "Net Income From Continuing And Discontinued Operation": NaN,
        "Total Expenses": NaN,
        "Total Operating Income As Reported": NaN,
        "Diluted Average Shares": NaN,
        "Basic Average Shares": NaN,
        "Diluted EPS": NaN,
        "Basic EPS": NaN,
        "Diluted NI Availto Com Stockholders": NaN,
        "Net Income Common Stockholders": NaN,
        "Net Income": NaN,
        "Minority Interests": NaN,
        "Net Income Including Noncontrolling Interests": NaN,
        "Net Income Discontinuous Operations": NaN,
        "Net Income Continuous Operations": NaN,
        "Tax Provision": NaN,
        "Pretax Income": NaN,
        "Other Income Expense": NaN,
        "Other Non Operating Income Expenses": NaN,
        "Special Income Charges": NaN,
        "Gain On Sale Of Ppe": NaN,
        "Gain On Sale Of Business": -1404000.0,
        "Write Off": 0.0,
        "Impairment Of Capital Assets": NaN,
        "Restructuring And Mergern Acquisition": NaN,
        "Net Non Operating Interest Income Expense": NaN,
        "Interest Expense Non Operating": NaN,
        "Operating Income": NaN,
        "Operating Expense": NaN,
        "Depreciation Amortization Depletion Income Statement": NaN,
        "Depreciation And Amortization In Income Statement": NaN,
        "Research And Development": NaN,
        "Selling General And Administration": NaN,
        "Gross Profit": NaN,
        "Cost Of Revenue": NaN,
        "Total Revenue": NaN,
        "Operating Revenue": NaN
    },
    "2023-12-31": {
        "Tax Effect Of Unusual Items": NaN,
        "Tax Rate For Calcs": NaN,
        "Normalized EBITDA": NaN,
        "Total Unusual Items": NaN,
        "Total Unusual Items Excluding Goodwill": NaN,
        "Net Income From Continuing Operation Net Minority Interest": NaN,
        "Reconciled Depreciation": NaN,
        "Reconciled Cost Of Revenue": NaN,
        "EBITDA": NaN,
        "EBIT": NaN,
        "Net Interest Income": NaN,
        "Interest Expense": NaN,
        "Normalized Income": NaN,
        "Net Income From Continuing And Discontinued Operation": NaN,
        "Total Expenses": NaN,
        "Total Operating Income As Reported": NaN,
        "Diluted Average Shares": NaN,
        "Basic Average Shares": NaN,
        "Diluted EPS": NaN,
        "Basic EPS": NaN,
        "Diluted NI Availto Com Stockholders": NaN,
        "Net Income Common Stockholders": NaN,
        "Net Income": NaN,
        "Minority Interests": NaN,
        "Net Income Including Noncontrolling Interests": NaN,
        "Net Income Discontinuous Operations": 0.0,
        "Net Income Continuous Operations": NaN,
        "Tax Provision": NaN,
        "Pretax Income": NaN,
        "Other Income Expense": NaN,
        "Other Non Operating Income Expenses": NaN,
        "Special Income Charges": NaN,
        "Gain On Sale Of Ppe": NaN,
        "Gain On Sale Of Business": NaN,
        "Write Off": -78615000.0,
        "Impairment Of Capital Assets": NaN,
        "Restructuring And Mergern Acquisition": NaN,
        "Net Non Operating Interest Income Expense": NaN,
        "Interest Expense Non Operating": NaN,
        "Operating Income": NaN,
        "Operating Expense": NaN,
        "Depreciation Amortization Depletion Income Statement": NaN,
        "Depreciation And Amortization In Income Statement": NaN,
        "Research And Development": NaN,
        "Selling General And Administration": NaN,
        "Gross Profit": NaN,
        "Cost Of Revenue": NaN,
        "Total Revenue": NaN,
        "Operating Revenue": NaN
    },
    "2024-03-31": {
        "Tax Effect Of Unusual Items": NaN,
        "Tax Rate For Calcs": NaN,
        "Normalized EBITDA": NaN,
        "Total Unusual Items": NaN,
        "Total Unusual Items Excluding Goodwill": NaN,
        "Net Income From Continuing Operation Net Minority Interest": NaN,
        "Reconciled Depreciation": NaN,
        "Reconciled Cost Of Revenue": NaN,
        "EBITDA": NaN,
        "EBIT": NaN,
        "Net Interest Income": NaN,
        "Interest Expense": NaN,
        "Normalized Income": NaN,
        "Net Income From Continuing And Discontinued Operation": NaN,
        "Total Expenses": NaN,
        "Total Operating Income As Reported": NaN,
        "Diluted Average Shares": NaN,
        "Basic Average Shares": NaN,
        "Diluted EPS": NaN,
        "Basic EPS": NaN,
        "Diluted NI Availto Com Stockholders": NaN,
        "Net Income Common Stockholders": NaN,
        "Net Income": NaN,
        "Minority Interests": NaN,
        "Net Income Including Noncontrolling Interests": NaN,
        "Net Income Discontinuous Operations": 0.0,
        "Net Income Continuous Operations": NaN,
        "Tax Provision": NaN,
        "Pretax Income": NaN,
        "Other Income Expense": NaN,
        "Other Non Operating Income Expenses": NaN,
        "Special Income Charges": NaN,
        "Gain On Sale Of Ppe": 0.0,
        "Gain On Sale Of Business": NaN,
        "Write Off": NaN,
        "Impairment Of Capital Assets": 0.0,
        "Restructuring And Mergern Acquisition": NaN,
        "Net Non Operating Interest Income Expense": NaN,
        "Interest Expense Non Operating": NaN,
        "Operating Income": NaN,
        "Operating Expense": NaN,
        "Depreciation Amortization Depletion Income Statement": NaN,
        "Depreciation And Amortization In Income Statement": NaN,
        "Research And Development": NaN,
        "Selling General And Administration": NaN,
        "Gross Profit": NaN,
        "Cost Of Revenue": NaN,
        "Total Revenue": NaN,
        "Operating Revenue": NaN
    },
    "2024-06-30": {
        "Tax Effect Of Unusual Items": -5681384.878237,
        "Tax Rate For Calcs": 0.176605,
        "Normalized EBITDA": 13628000.0,
        "Total Unusual Items": -32170000.0,
        "Total Unusual Items Excluding Goodwill": -32170000.0,
        "Net Income From Continuing Operation Net Minority Interest": -25682000.0,
        "Reconciled Depreciation": 13090000.0,
        "Reconciled Cost Of Revenue": 36552000.0,
        "EBITDA": -18542000.0,
        "EBIT": -31632000.0,
        "Net Interest Income": -9924000.0,
        "Interest Expense": 9924000.0,
        "Normalized Income": 806615.121763,
        "Net Income From Continuing And Discontinued Operation": -25682000.0,
        "Total Expenses": 150520000.0,
        "Total Operating Income As Reported": -31473000.0,
        "Diluted Average Shares": 64056759.0,
        "Basic Average Shares": 64056759.0,
        "Diluted EPS": -0.37,
        "Basic EPS": -0.37,
        "Diluted NI Availto Com Stockholders": -25682000.0,
        "Net Income Common Stockholders": -25682000.0,
        "Net Income": -25682000.0,
        "Minority Interests": 8535000.0,
        "Net Income Including Noncontrolling Interests": -34217000.0,
        "Net Income Discontinuous Operations": 0.0,
        "Net Income Continuous Operations": -34217000.0,
        "Tax Provision": -7339000.0,
        "Pretax Income": -41556000.0,
        "Other Income Expense": -32329000.0,
        "Other Non Operating Income Expenses": -159000.0,
        "Special Income Charges": -32170000.0,
        "Gain On Sale Of Ppe": 0.0,
        "Gain On Sale Of Business": 0.0,
        "Write Off": NaN,
        "Impairment Of Capital Assets": 31870000.0,
        "Restructuring And Mergern Acquisition": 300000.0,
        "Net Non Operating Interest Income Expense": -9924000.0,
        "Interest Expense Non Operating": 9924000.0,
        "Operating Income": 697000.0,
        "Operating Expense": 102942000.0,
        "Depreciation Amortization Depletion Income Statement": 2064000.0,
        "Depreciation And Amortization In Income Statement": 2064000.0,
        "Research And Development": 4210000.0,
        "Selling General And Administration": 96668000.0,
        "Gross Profit": 103639000.0,
        "Cost Of Revenue": 47578000.0,
        "Total Revenue": 151217000.0,
        "Operating Revenue": 151217000.0
    },
    "2024-09-30": {
        "Tax Effect Of Unusual Items": -527940.0,
        "Tax Rate For Calcs": 0.21,
        "Normalized EBITDA": 19489000.0,
        "Total Unusual Items": -2514000.0,
        "Total Unusual Items Excluding Goodwill": -2514000.0,
        "Net Income From Continuing Operation Net Minority Interest": -4824000.0,
        "Reconciled Depreciation": 12275000.0,
        "Reconciled Cost Of Revenue": 35203000.0,
        "EBITDA": 16975000.0,
        "EBIT": 4700000.0,
        "Net Interest Income": -9532000.0,
        "Interest Expense": 9532000.0,
        "Normalized Income": -2837940.0,
        "Net Income From Continuing And Discontinued Operation": -4824000.0,
        "Total Expenses": 132376000.0,
        "Total Operating Income As Reported": 4074000.0,
        "Diluted Average Shares": 65258427.0,
        "Basic Average Shares": 65258427.0,
        "Diluted EPS": -0.07,
        "Basic EPS": -0.07,
        "Diluted NI Availto Com Stockholders": -4824000.0,
        "Net Income Common Stockholders": -4824000.0,
        "Net Income": -4824000.0,
        "Minority Interests": 597000.0,
        "Net Income Including Noncontrolling Interests": -5421000.0,
        "Net Income Discontinuous Operations": 0.0,
        "Net Income Continuous Operations": -5421000.0,
        "Tax Provision": 589000.0,
        "Pretax Income": -4832000.0,
        "Other Income Expense": -1888000.0,
        "Other Non Operating Income Expenses": 626000.0,
        "Special Income Charges": -2514000.0,
        "Gain On Sale Of Ppe": NaN,
        "Gain On Sale Of Business": 0.0,
        "Write Off": 2031000.0,
        "Impairment Of Capital Assets": NaN,
        "Restructuring And Mergern Acquisition": 483000.0,
        "Net Non Operating Interest Income Expense": -9532000.0,
        "Interest Expense Non Operating": 9532000.0,
        "Operating Income": 6588000.0,
        "Operating Expense": 86963000.0,
        "Depreciation Amortization Depletion Income Statement": 2065000.0,
        "Depreciation And Amortization In Income Statement": 2065000.0,
        "Research And Development": 3808000.0,
        "Selling General And Administration": 81090000.0,
        "Gross Profit": 93551000.0,
        "Cost Of Revenue": 45413000.0,
        "Total Revenue": 138964000.0,
        "Operating Revenue": 138964000.0
    },
    "2024-12-31": {
        "Tax Effect Of Unusual Items": -638610.0,
        "Tax Rate For Calcs": 0.21,
        "Normalized EBITDA": 24675000.0,
        "Total Unusual Items": -3041000.0,
        "Total Unusual Items Excluding Goodwill": -3041000.0,
        "Net Income From Continuing Operation Net Minority Interest": -156000.0,
        "Reconciled Depreciation": 12405000.0,
        "Reconciled Cost Of Revenue": 40349000.0,
        "EBITDA": 21634000.0,
        "EBIT": 9229000.0,
        "Net Interest Income": -8997000.0,
        "Interest Expense": 8997000.0,
        "Normalized Income": 2246390.0,
        "Net Income From Continuing And Discontinued Operation": -156000.0,
        "Total Expenses": 142613000.0,
        "Total Operating Income As Reported": 7988000.0,
        "Diluted Average Shares": 65451881.0,
        "Basic Average Shares": 65451881.0,
        "Diluted EPS": 0.0,
        "Basic EPS": 0.0,
        "Diluted NI Availto Com Stockholders": -156000.0,
        "Net Income Common Stockholders": -156000.0,
        "Net Income": -156000.0,
        "Minority Interests": 162000.0,
        "Net Income Including Noncontrolling Interests": -318000.0,
        "Net Income Discontinuous Operations": 0.0,
        "Net Income Continuous Operations": -318000.0,
        "Tax Provision": 550000.0,
        "Pretax Income": 232000.0,
        "Other Income Expense": -1800000.0,
        "Other Non Operating Income Expenses": 1241000.0,
        "Special Income Charges": -3041000.0,
        "Gain On Sale Of Ppe": NaN,
        "Gain On Sale Of Business": NaN,
        "Write Off": NaN,
        "Impairment Of Capital Assets": NaN,
        "Restructuring And Mergern Acquisition": 293000.0,
        "Net Non Operating Interest Income Expense": -8997000.0,
        "Interest Expense Non Operating": 8997000.0,
        "Operating Income": 11029000.0,
        "Operating Expense": 91627000.0,
        "Depreciation Amortization Depletion Income Statement": 1768000.0,
        "Depreciation And Amortization In Income Statement": 1768000.0,
        "Research And Development": 3246000.0,
        "Selling General And Administration": 86613000.0,
        "Gross Profit": 102656000.0,
        "Cost Of Revenue": 50986000.0,
        "Total Revenue": 153642000.0,
        "Operating Revenue": 153642000.0
    },
    "2025-03-31": {
        "Tax Effect Of Unusual Items": -2268.0,
        "Tax Rate For Calcs": 0.028,
        "Normalized EBITDA": 16038000.0,
        "Total Unusual Items": -81000.0,
        "Total Unusual Items Excluding Goodwill": -81000.0,
        "Net Income From Continuing Operation Net Minority Interest": -2637000.0,
        "Reconciled Depreciation": 11865000.0,
        "Reconciled Cost Of Revenue": 30548000.0,
        "EBITDA": 15957000.0,
        "EBIT": 4092000.0,
        "Net Interest Income": -7509000.0,
        "Interest Expense": 7509000.0,
        "Normalized Income": -2558268.0,
        "Net Income From Continuing And Discontinued Operation": -2637000.0,
        "Total Expenses": 118926000.0,
        "Total Operating Income As Reported": 4869000.0,
        "Diluted Average Shares": 66008683.0,
        "Basic Average Shares": 66008683.0,
        "Diluted EPS": -0.04,
        "Basic EPS": -0.04,
        "Diluted NI Availto Com Stockholders": -2637000.0,
        "Net Income Common Stockholders": -2637000.0,
        "Net Income": -2637000.0,
        "Minority Interests": 685000.0,
        "Net Income Including Noncontrolling Interests": -3322000.0,
        "Net Income Discontinuous Operations": NaN,
        "Net Income Continuous Operations": -3322000.0,
        "Tax Provision": -95000.0,
        "Pretax Income": -3417000.0,
        "Other Income Expense": -858000.0,
        "Other Non Operating Income Expenses": -777000.0,
        "Special Income Charges": -81000.0,
        "Gain On Sale Of Ppe": -81000.0,
        "Gain On Sale Of Business": NaN,
        "Write Off": NaN,
        "Impairment Of Capital Assets": NaN,
        "Restructuring And Mergern Acquisition": 0.0,
        "Net Non Operating Interest Income Expense": -7509000.0,
        "Interest Expense Non Operating": 7509000.0,
        "Operating Income": 4950000.0,
        "Operating Expense": 78106000.0,
        "Depreciation Amortization Depletion Income Statement": 1593000.0,
        "Depreciation And Amortization In Income Statement": 1593000.0,
        "Research And Development": 3011000.0,
        "Selling General And Administration": 73502000.0,
        "Gross Profit": 83056000.0,
        "Cost Of Revenue": 40820000.0,
        "Total Revenue": 123876000.0,
        "Operating Revenue": 123876000.0
    },
    "2025-06-30": {
        "Tax Effect Of Unusual Items": -100.94056,
        "Tax Rate For Calcs": 0.100941,
        "Normalized EBITDA": 29857000.0,
        "Total Unusual Items": -1000.0,
        "Total Unusual Items Excluding Goodwill": -1000.0,
        "Net Income From Continuing Operation Net Minority Interest": 7459000.0,
        "Reconciled Depreciation": 12049000.0,
        "Reconciled Cost Of Revenue": 34960000.0,
        "EBITDA": 29856000.0,
        "EBIT": 17807000.0,
        "Net Interest Income": -7494000.0,
        "Interest Expense": 7494000.0,
        "Normalized Income": 7459899.05944,
        "Net Income From Continuing And Discontinued Operation": 7459000.0,
        "Total Expenses": 129291000.0,
        "Total Operating Income As Reported": 18368000.0,
        "Diluted Average Shares": 68536759.0,
        "Basic Average Shares": 66500433.0,
        "Diluted EPS": 0.11,
        "Basic EPS": 0.11,
        "Diluted NI Availto Com Stockholders": 7459000.0,
        "Net Income Common Stockholders": 7459000.0,
        "Net Income": 7459000.0,
        "Minority Interests": -1813000.0,
        "Net Income Including Noncontrolling Interests": 9272000.0,
        "Net Income Discontinuous Operations": NaN,
        "Net Income Continuous Operations": 9272000.0,
        "Tax Provision": 1041000.0,
        "Pretax Income": 10313000.0,
        "Other Income Expense": -562000.0,
        "Other Non Operating Income Expenses": -561000.0,
        "Special Income Charges": -1000.0,
        "Gain On Sale Of Ppe": -1000.0,
        "Gain On Sale Of Business": NaN,
        "Write Off": NaN,
        "Impairment Of Capital Assets": 0.0,
        "Restructuring And Mergern Acquisition": 0.0,
        "Net Non Operating Interest Income Expense": -7494000.0,
        "Interest Expense Non Operating": 7494000.0,
        "Operating Income": 18369000.0,
        "Operating Expense": 83721000.0,
        "Depreciation Amortization Depletion Income Statement": 1439000.0,
        "Depreciation And Amortization In Income Statement": 1439000.0,
        "Research And Development": 3172000.0,
        "Selling General And Administration": 79110000.0,
        "Gross Profit": 102090000.0,
        "Cost Of Revenue": 45570000.0,
        "Total Revenue": 147660000.0,
        "Operating Revenue": 147660000.0
    }
}