{
    "2023-06-30": {
        "Tax Effect Of Unusual Items": NaN,
        "Tax Rate For Calcs": NaN,
        "Net Income From Continuing Operation Net Minority Interest": NaN,
        "Reconciled Depreciation": NaN,
        "Net Interest Income": NaN,
        "Interest Expense": NaN,
        "Interest Income": NaN,
        "Normalized Income": NaN,
        "Net Income From Continuing And Discontinued Operation": NaN,
        "Diluted Average Shares": NaN,
        "Basic Average Shares": NaN,
        "Diluted EPS": NaN,
        "Basic EPS": NaN,
        "Diluted NI Availto Com Stockholders": NaN,
        "Net Income Common Stockholders": NaN,
        "Preferred Stock Dividends": NaN,
        "Net Income": NaN,
        "Net Income Including Noncontrolling Interests": NaN,
        "Net Income Continuous Operations": NaN,
        "Tax Provision": NaN,
        "Pretax Income": NaN,
        "Gain On Sale Of Security": NaN,
        "Depreciation Amortization Depletion Income Statement": 34000.0,
        "Depreciation And Amortization In Income Statement": 34000.0,
        "Amortization": 34000.0,
        "Amortization Of Intangibles Income Statement": 34000.0,
        "Selling General And Administration": NaN,
        "Selling And Marketing Expense": 321000.0,
        "General And Administrative Expense": NaN,
        "Insurance And Claims": 900000.0,
        "Salaries And Wages": NaN,
        "Total Revenue": NaN,
        "Operating Revenue": NaN,
        "Occupancy And Equipment": NaN,
        "Professional Expense And Contract Services Expense": 829000.0,
        "Other Non Interest Expense": NaN
    },
    "2023-03-31": {
        "Tax Effect Of Unusual Items": NaN,
        "Tax Rate For Calcs": NaN,
        "Net Income From Continuing Operation Net Minority Interest": NaN,
        "Reconciled Depreciation": NaN,
        "Net Interest Income": NaN,
        "Interest Expense": NaN,
        "Interest Income": NaN,
        "Normalized Income": NaN,
        "Net Income From Continuing And Discontinued Operation": NaN,
        "Diluted Average Shares": NaN,
        "Basic Average Shares": NaN,
        "Diluted EPS": NaN,
        "Basic EPS": NaN,
        "Diluted NI Availto Com Stockholders": NaN,
        "Net Income Common Stockholders": NaN,
        "Preferred Stock Dividends": NaN,
        "Net Income": NaN,
        "Net Income Including Noncontrolling Interests": NaN,
        "Net Income Continuous Operations": NaN,
        "Tax Provision": NaN,
        "Pretax Income": NaN,
        "Gain On Sale Of Security": NaN,
        "Depreciation Amortization Depletion Income Statement": 48000.0,
        "Depreciation And Amortization In Income Statement": 48000.0,
        "Amortization": 48000.0,
        "Amortization Of Intangibles Income Statement": 48000.0,
        "Selling General And Administration": NaN,
        "Selling And Marketing Expense": 262000.0,
        "General And Administrative Expense": NaN,
        "Insurance And Claims": 665000.0,
        "Salaries And Wages": NaN,
        "Total Revenue": NaN,
        "Operating Revenue": NaN,
        "Occupancy And Equipment": NaN,
        "Professional Expense And Contract Services Expense": 755000.0,
        "Other Non Interest Expense": NaN
    },
    "2022-12-31": {
        "Tax Effect Of Unusual Items": 0.0,
        "Tax Rate For Calcs": 0.23388,
        "Net Income From Continuing Operation Net Minority Interest": 13735000.0,
        "Reconciled Depreciation": 1199000.0,
        "Net Interest Income": 32893000.0,
        "Interest Expense": 15967000.0,
        "Interest Income": 48860000.0,
        "Normalized Income": 13735000.0,
        "Net Income From Continuing And Discontinued Operation": 13735000.0,
        "Diluted Average Shares": 28527306.0,
        "Basic Average Shares": 27558983.0,
        "Diluted EPS": 0.45,
        "Basic EPS": 0.46,
        "Diluted NI Availto Com Stockholders": 12721000.0,
        "Net Income Common Stockholders": 12721000.0,
        "Preferred Stock Dividends": 1014000.0,
        "Net Income": 13735000.0,
        "Net Income Including Noncontrolling Interests": 13735000.0,
        "Net Income Continuous Operations": 13735000.0,
        "Tax Provision": 4193000.0,
        "Pretax Income": 17928000.0,
        "Gain On Sale Of Security": 30000.0,
        "Depreciation Amortization Depletion Income Statement": NaN,
        "Depreciation And Amortization In Income Statement": NaN,
        "Amortization": NaN,
        "Amortization Of Intangibles Income Statement": NaN,
        "Selling General And Administration": 13218000.0,
        "Selling And Marketing Expense": NaN,
        "General And Administrative Expense": 11186000.0,
        "Insurance And Claims": NaN,
        "Salaries And Wages": 9821000.0,
        "Total Revenue": 34631000.0,
        "Operating Revenue": 34631000.0
    },
    "2022-09-30": {
        "Tax Effect Of Unusual Items": 0.0,
        "Tax Rate For Calcs": 0.268,
        "Net Income From Continuing Operation Net Minority Interest": 14513000.0,
        "Reconciled Depreciation": 48000.0,
        "Net Interest Income": 34095000.0,
        "Interest Expense": 8264000.0,
        "Interest Income": 42359000.0,
        "Normalized Income": 14513000.0,
        "Net Income From Continuing And Discontinued Operation": 14513000.0,
        "Diluted Average Shares": 28592854.0,
        "Basic Average Shares": 27520117.0,
        "Diluted EPS": 0.47,
        "Basic EPS": 0.49,
        "Diluted NI Availto Com Stockholders": 13500000.0,
        "Net Income Common Stockholders": 13500000.0,
        "Preferred Stock Dividends": 1013000.0,
        "Net Income": 14513000.0,
        "Net Income Including Noncontrolling Interests": 14513000.0,
        "Net Income Continuous Operations": 14513000.0,
        "Tax Provision": 5312000.0,
        "Pretax Income": 19825000.0,
        "Gain On Sale Of Security": 0.0,
        "Depreciation Amortization Depletion Income Statement": 48000.0,
        "Depreciation And Amortization In Income Statement": 48000.0,
        "Amortization": 48000.0,
        "Amortization Of Intangibles Income Statement": 48000.0,
        "Selling General And Administration": 11265000.0,
        "Selling And Marketing Expense": 479000.0,
        "General And Administrative Expense": 10786000.0,
        "Other Gand A": 1022000.0,
        "Insurance And Claims": 315000.0,
        "Salaries And Wages": 9449000.0,
        "Total Revenue": 35482000.0,
        "Operating Revenue": 35482000.0
    },
    "2022-06-30": {
        "Tax Effect Of Unusual Items": 0.0,
        "Tax Rate For Calcs": 0.26,
        "Net Income From Continuing Operation Net Minority Interest": 12882000.0,
        "Reconciled Depreciation": 47000.0,
        "Net Interest Income": 32530000.0,
        "Interest Expense": 5252000.0,
        "Interest Income": 37782000.0,
        "Normalized Income": 12882000.0,
        "Net Income From Continuing And Discontinued Operation": 12882000.0,
        "Diluted Average Shares": 28803842.0,
        "Basic Average Shares": 27839260.0,
        "Diluted EPS": 0.41,
        "Basic EPS": 0.43,
        "Diluted NI Availto Com Stockholders": 11868000.0,
        "Net Income Common Stockholders": 11868000.0,
        "Preferred Stock Dividends": 1014000.0,
        "Net Income": 12882000.0,
        "Net Income Including Noncontrolling Interests": 12882000.0,
        "Net Income Continuous Operations": 12882000.0,
        "Tax Provision": 4521000.0,
        "Pretax Income": 17403000.0,
        "Gain On Sale Of Security": 52000.0,
        "Depreciation Amortization Depletion Income Statement": 47000.0,
        "Depreciation And Amortization In Income Statement": 47000.0,
        "Amortization": 47000.0,
        "Amortization Of Intangibles Income Statement": 47000.0,
        "Selling General And Administration": 10781000.0,
        "Selling And Marketing Expense": 524000.0,
        "General And Administrative Expense": 10257000.0,
        "Other Gand A": 950000.0,
        "Insurance And Claims": 330000.0,
        "Salaries And Wages": 8977000.0,
        "Total Revenue": 34180000.0,
        "Operating Revenue": 34180000.0
    },
    "2022-03-31": {
        "Diluted EPS": 0.39,
        "Total Revenue": 36,
        "Gross Profit": 32,
        "Operating Income": 17,
        "EBIT": NaN,
        "Net Income": 11
    },
    "2021-12-31": {
        "Diluted EPS": 0.39,
        "Total Revenue": 35,
        "Gross Profit": 30,
        "Operating Income": 17,
        "EBIT": NaN,
        "Net Income": 11
    },
    "2021-09-30": {
        "Diluted EPS": 0.4,
        "Total Revenue": 35,
        "Gross Profit": 30,
        "Operating Income": 16,
        "EBIT": NaN,
        "Net Income": 12
    },
    "2021-06-30": {
        "Diluted EPS": 0.38,
        "Total Revenue": 33,
        "Gross Profit": 28,
        "Operating Income": 15,
        "EBIT": NaN,
        "Net Income": 11
    },
    "2021-03-31": {
        "Diluted EPS": 0.37,
        "Total Revenue": 31,
        "Gross Profit": 26,
        "Operating Income": 14,
        "EBIT": NaN,
        "Net Income": 11
    },
    "2020-12-31": {
        "Diluted EPS": 0.17,
        "Total Revenue": 32,
        "Gross Profit": 26,
        "Operating Income": 7,
        "EBIT": NaN,
        "Net Income": 5
    },
    "2020-09-30": {
        "Diluted EPS": 0.25,
        "Total Revenue": 30,
        "Gross Profit": 23,
        "Operating Income": 9,
        "EBIT": NaN,
        "Net Income": 7
    },
    "2020-06-30": {
        "Diluted EPS": 0.26,
        "Total Revenue": 30,
        "Gross Profit": 23,
        "Operating Income": 10,
        "EBIT": NaN,
        "Net Income": 8
    },
    "2020-03-31": {
        "Diluted EPS": 0.25,
        "Total Revenue": 29,
        "Gross Profit": 22,
        "Operating Income": 10,
        "EBIT": NaN,
        "Net Income": 7
    },
    "2019-12-31": {
        "Diluted EPS": 0.29,
        "Total Revenue": 29,
        "Gross Profit": 21,
        "Operating Income": 10,
        "EBIT": NaN,
        "Net Income": 9
    },
    "2019-09-30": {
        "Diluted EPS": 0.27,
        "Total Revenue": 28,
        "Gross Profit": 20,
        "Operating Income": 10,
        "EBIT": NaN,
        "Net Income": 8
    },
    "2019-06-30": {
        "Diluted EPS": 0.26,
        "Total Revenue": 27,
        "Gross Profit": 19,
        "Operating Income": 9,
        "EBIT": NaN,
        "Net Income": 8
    },
    "2019-03-31": {
        "Diluted EPS": 0.23,
        "Total Revenue": 25,
        "Gross Profit": 18,
        "Operating Income": 9,
        "EBIT": NaN,
        "Net Income": 7
    },
    "2018-12-31": {
        "Diluted EPS": 0.25,
        "Total Revenue": 25,
        "Gross Profit": 18,
        "Operating Income": 6,
        "EBIT": NaN,
        "Net Income": 8
    },
    "2018-09-30": {
        "Diluted EPS": 0.21,
        "Total Revenue": 23,
        "Gross Profit": 17,
        "Operating Income": 9,
        "EBIT": NaN,
        "Net Income": 6
    },
    "2018-06-30": {
        "Diluted EPS": 0.22,
        "Total Revenue": 21,
        "Gross Profit": 16,
        "Operating Income": 9,
        "EBIT": NaN,
        "Net Income": 7
    },
    "2018-03-31": {
        "Diluted EPS": 0.23,
        "Total Revenue": 19,
        "Gross Profit": 15,
        "Operating Income": 8,
        "EBIT": NaN,
        "Net Income": 6
    },
    "2017-12-31": {
        "Diluted EPS": 0.14,
        "Total Revenue": 19,
        "Gross Profit": 15,
        "Operating Income": 4,
        "EBIT": NaN,
        "Net Income": 3
    },
    "2017-09-30": {
        "Diluted EPS": 0.19,
        "Total Revenue": 18,
        "Gross Profit": 15,
        "Operating Income": 8,
        "EBIT": NaN,
        "Net Income": 5
    },
    "2017-06-30": {
        "Diluted EPS": 0.19,
        "Total Revenue": 16,
        "Gross Profit": 14,
        "Operating Income": 7,
        "EBIT": NaN,
        "Net Income": 5
    },
    "2017-03-31": {
        "Diluted EPS": 0.16,
        "Total Revenue": 15,
        "Gross Profit": 13,
        "Operating Income": 6,
        "EBIT": NaN,
        "Net Income": 4
    },
    "2016-12-31": {
        "Diluted EPS": 0.0,
        "Total Revenue": NaN,
        "Gross Profit": NaN,
        "Operating Income": NaN,
        "EBIT": NaN,
        "Net Income": NaN
    },
    "2023-09-30": {
        "Tax Effect Of Unusual Items": NaN,
        "Tax Rate For Calcs": NaN,
        "Net Income From Continuing Operation Net Minority Interest": NaN,
        "Reconciled Depreciation": NaN,
        "Net Interest Income": NaN,
        "Interest Expense": NaN,
        "Interest Income": NaN,
        "Normalized Income": NaN,
        "Net Income From Continuing And Discontinued Operation": NaN,
        "Diluted Average Shares": 28311778.0,
        "Basic Average Shares": 27943409.0,
        "Diluted EPS": 0.3,
        "Basic EPS": 0.31,
        "Diluted NI Availto Com Stockholders": NaN,
        "Net Income Common Stockholders": NaN,
        "Preferred Stock Dividends": NaN,
        "Net Income": NaN,
        "Net Income Including Noncontrolling Interests": NaN,
        "Net Income Continuous Operations": NaN,
        "Tax Provision": NaN,
        "Pretax Income": NaN,
        "Gain On Sale Of Security": NaN,
        "Depreciation Amortization Depletion Income Statement": 9000.0,
        "Depreciation And Amortization In Income Statement": 9000.0,
        "Amortization": 9000.0,
        "Amortization Of Intangibles Income Statement": 9000.0,
        "Selling General And Administration": NaN,
        "Selling And Marketing Expense": 222000.0,
        "General And Administrative Expense": NaN,
        "Insurance And Claims": 1075000.0,
        "Salaries And Wages": NaN,
        "Total Revenue": NaN,
        "Operating Revenue": NaN,
        "Occupancy And Equipment": NaN,
        "Professional Expense And Contract Services Expense": 715000.0,
        "Other Non Interest Expense": NaN
    },
    "2023-12-31": {
        "Tax Effect Of Unusual Items": 0.0,
        "Tax Rate For Calcs": 0.233368,
        "Net Income From Continuing Operation Net Minority Interest": 8873000.0,
        "Reconciled Depreciation": 755000.0,
        "Net Interest Income": 25314000.0,
        "Interest Expense": 33239000.0,
        "Interest Income": 58553000.0,
        "Normalized Income": 8873000.0,
        "Net Income From Continuing And Discontinued Operation": 8873000.0,
        "Diluted Average Shares": 28238056.0,
        "Basic Average Shares": 27870430.0,
        "Diluted EPS": 0.28,
        "Basic EPS": 0.28,
        "Diluted NI Availto Com Stockholders": 7859000.0,
        "Net Income Common Stockholders": 7859000.0,
        "Preferred Stock Dividends": 1014000.0,
        "Net Income": 8873000.0,
        "Net Income Including Noncontrolling Interests": 8873000.0,
        "Net Income Continuous Operations": 8873000.0,
        "Tax Provision": 2701000.0,
        "Pretax Income": 11574000.0,
        "Gain On Sale Of Security": -27000.0,
        "Depreciation Amortization Depletion Income Statement": NaN,
        "Depreciation And Amortization In Income Statement": NaN,
        "Amortization": NaN,
        "Amortization Of Intangibles Income Statement": NaN,
        "Selling General And Administration": 14434000.0,
        "Selling And Marketing Expense": NaN,
        "General And Administrative Expense": 13305000.0,
        "Insurance And Claims": NaN,
        "Salaries And Wages": 9615000.0,
        "Total Revenue": 24823000.0,
        "Operating Revenue": 24823000.0,
        "Occupancy And Equipment": 1062000.0,
        "Professional Expense And Contract Services Expense": NaN,
        "Other Non Interest Expense": -5178000.0
    },
    "2024-03-31": {
        "Tax Effect Of Unusual Items": 0.0,
        "Tax Rate For Calcs": 0.235,
        "Net Income From Continuing Operation Net Minority Interest": 7831000.0,
        "Reconciled Depreciation": 741000.0,
        "Net Interest Income": 24631000.0,
        "Interest Expense": 34038000.0,
        "Interest Income": 58669000.0,
        "Normalized Income": 7831000.0,
        "Net Income From Continuing And Discontinued Operation": 7831000.0,
        "Diluted Average Shares": 28089805.0,
        "Basic Average Shares": 27691401.0,
        "Diluted EPS": 0.24,
        "Basic EPS": 0.25,
        "Diluted NI Availto Com Stockholders": 6818000.0,
        "Net Income Common Stockholders": 6818000.0,
        "Preferred Stock Dividends": 1013000.0,
        "Net Income": 7831000.0,
        "Net Income Including Noncontrolling Interests": 7831000.0,
        "Net Income Continuous Operations": 7831000.0,
        "Tax Provision": 2411000.0,
        "Pretax Income": 10242000.0,
        "Gain On Sale Of Security": 93000.0,
        "Depreciation Amortization Depletion Income Statement": 9000.0,
        "Depreciation And Amortization In Income Statement": 9000.0,
        "Amortization": 9000.0,
        "Amortization Of Intangibles Income Statement": 9000.0,
        "Selling General And Administration": 10630000.0,
        "Selling And Marketing Expense": 322000.0,
        "General And Administrative Expense": 10308000.0,
        "Insurance And Claims": 875000.0,
        "Salaries And Wages": 9433000.0,
        "Total Revenue": 25695000.0,
        "Operating Revenue": 25695000.0,
        "Occupancy And Equipment": 1057000.0,
        "Professional Expense And Contract Services Expense": 889000.0,
        "Other Non Interest Expense": 2118000.0
    },
    "2024-06-30": {
        "Tax Effect Of Unusual Items": 0.0,
        "Tax Rate For Calcs": 0.235876,
        "Net Income From Continuing Operation Net Minority Interest": 8115000.0,
        "Reconciled Depreciation": 571000.0,
        "Net Interest Income": 24996000.0,
        "Interest Expense": 35882000.0,
        "Interest Income": 60878000.0,
        "Normalized Income": 8115000.0,
        "Net Income From Continuing And Discontinued Operation": 8115000.0,
        "Diluted Average Shares": 27748184.0,
        "Basic Average Shares": 27386713.0,
        "Diluted EPS": 0.26,
        "Basic EPS": 0.26,
        "Diluted NI Availto Com Stockholders": 7101000.0,
        "Net Income Common Stockholders": 7101000.0,
        "Preferred Stock Dividends": 1014000.0,
        "Net Income": 8115000.0,
        "Net Income Including Noncontrolling Interests": 8115000.0,
        "Net Income Continuous Operations": 8115000.0,
        "Tax Provision": 2505000.0,
        "Pretax Income": 10620000.0,
        "Gain On Sale Of Security": 320000.0,
        "Depreciation Amortization Depletion Income Statement": 8000.0,
        "Depreciation And Amortization In Income Statement": 8000.0,
        "Amortization": 8000.0,
        "Amortization Of Intangibles Income Statement": 8000.0,
        "Selling General And Administration": 10717000.0,
        "Selling And Marketing Expense": 317000.0,
        "General And Administrative Expense": 10400000.0,
        "Insurance And Claims": 725000.0,
        "Salaries And Wages": 9675000.0,
        "Total Revenue": 26231000.0,
        "Operating Revenue": 26231000.0,
        "Occupancy And Equipment": 1092000.0,
        "Professional Expense And Contract Services Expense": 852000.0,
        "Other Non Interest Expense": 2342000.0
    },
    "2024-09-30": {
        "Tax Effect Of Unusual Items": 0.0,
        "Tax Rate For Calcs": 0.236,
        "Net Income From Continuing Operation Net Minority Interest": 8675000.0,
        "Reconciled Depreciation": 598000.0,
        "Net Interest Income": 25599000.0,
        "Interest Expense": 37428000.0,
        "Interest Income": 63027000.0,
        "Normalized Income": 8675000.0,
        "Net Income From Continuing And Discontinued Operation": 8675000.0,
        "Diluted Average Shares": 27904910.0,
        "Basic Average Shares": 27382798.0,
        "Diluted EPS": 0.27,
        "Basic EPS": 0.28,
        "Diluted NI Availto Com Stockholders": 7662000.0,
        "Net Income Common Stockholders": 7662000.0,
        "Preferred Stock Dividends": 1013000.0,
        "Net Income": 8675000.0,
        "Net Income Including Noncontrolling Interests": 8675000.0,
        "Net Income Continuous Operations": 8675000.0,
        "Tax Provision": 2686000.0,
        "Pretax Income": 11361000.0,
        "Gain On Sale Of Security": -28000.0,
        "Depreciation Amortization Depletion Income Statement": 9000.0,
        "Depreciation And Amortization In Income Statement": 9000.0,
        "Amortization": 9000.0,
        "Amortization Of Intangibles Income Statement": 9000.0,
        "Selling General And Administration": 10968000.0,
        "Selling And Marketing Expense": 367000.0,
        "General And Administrative Expense": 10601000.0,
        "Insurance And Claims": 750000.0,
        "Salaries And Wages": 9851000.0,
        "Total Revenue": 26740000.0,
        "Operating Revenue": 26740000.0,
        "Occupancy And Equipment": 1069000.0,
        "Professional Expense And Contract Services Expense": 1149000.0,
        "Other Non Interest Expense": 2184000.0
    },
    "2024-12-31": {
        "Tax Effect Of Unusual Items": 0.0,
        "Tax Rate For Calcs": 0.219633,
        "Net Income From Continuing Operation Net Minority Interest": 8204000.0,
        "Reconciled Depreciation": 1095000.0,
        "Net Interest Income": 26967000.0,
        "Interest Expense": 36357000.0,
        "Interest Income": 63324000.0,
        "Normalized Income": 8204000.0,
        "Net Income From Continuing And Discontinued Operation": 8204000.0,
        "Diluted Average Shares": 28055532.0,
        "Basic Average Shares": 27459433.0,
        "Diluted EPS": 0.26,
        "Basic EPS": 0.26,
        "Diluted NI Availto Com Stockholders": 7190000.0,
        "Net Income Common Stockholders": 7190000.0,
        "Preferred Stock Dividends": 1014000.0,
        "Net Income": 8204000.0,
        "Net Income Including Noncontrolling Interests": 8204000.0,
        "Net Income Continuous Operations": 8204000.0,
        "Tax Provision": 2309000.0,
        "Pretax Income": 10513000.0,
        "Gain On Sale Of Security": 0.0,
        "Depreciation Amortization Depletion Income Statement": 52000.0,
        "Depreciation And Amortization In Income Statement": 52000.0,
        "Amortization": 52000.0,
        "Amortization Of Intangibles Income Statement": 52000.0,
        "Selling General And Administration": 11693000.0,
        "Selling And Marketing Expense": 479000.0,
        "General And Administrative Expense": 11214000.0,
        "Insurance And Claims": 609000.0,
        "Salaries And Wages": 10605000.0,
        "Total Revenue": 29074000.0,
        "Operating Revenue": 29074000.0,
        "Occupancy And Equipment": 1181000.0,
        "Professional Expense And Contract Services Expense": 989000.0,
        "Other Non Interest Expense": 2471000.0
    },
    "2025-03-31": {
        "Tax Effect Of Unusual Items": 0.0,
        "Tax Rate For Calcs": 0.239,
        "Net Income From Continuing Operation Net Minority Interest": 9633000.0,
        "Reconciled Depreciation": 1425000.0,
        "Net Interest Income": 30208000.0,
        "Interest Expense": 35500000.0,
        "Interest Income": 65708000.0,
        "Normalized Income": 9633000.0,
        "Net Income From Continuing And Discontinued Operation": 9633000.0,
        "Diluted Average Shares": 28036506.0,
        "Basic Average Shares": 27568772.0,
        "Diluted EPS": 0.31,
        "Basic EPS": 0.31,
        "Diluted NI Availto Com Stockholders": 8620000.0,
        "Net Income Common Stockholders": 8620000.0,
        "Preferred Stock Dividends": 1013000.0,
        "Net Income": 9633000.0,
        "Net Income Including Noncontrolling Interests": 9633000.0,
        "Net Income Continuous Operations": 9633000.0,
        "Tax Provision": 3018000.0,
        "Pretax Income": 12651000.0,
        "Gain On Sale Of Security": 1000.0,
        "Depreciation Amortization Depletion Income Statement": 230000.0,
        "Depreciation And Amortization In Income Statement": 230000.0,
        "Amortization": 230000.0,
        "Amortization Of Intangibles Income Statement": 230000.0,
        "Selling General And Administration": 12148000.0,
        "Selling And Marketing Expense": 327000.0,
        "General And Administrative Expense": 11821000.0,
        "Insurance And Claims": 450000.0,
        "Salaries And Wages": 11371000.0,
        "Total Revenue": 31836000.0,
        "Operating Revenue": 31836000.0,
        "Occupancy And Equipment": 1234000.0,
        "Professional Expense And Contract Services Expense": 994000.0,
        "Other Non Interest Expense": 3079000.0
    },
    "2025-06-30": {
        "Tax Effect Of Unusual Items": 0.0,
        "Tax Rate For Calcs": 0.239001,
        "Net Income From Continuing Operation Net Minority Interest": 11520000.0,
        "Reconciled Depreciation": 571000.0,
        "Net Interest Income": 32452000.0,
        "Interest Expense": 36746000.0,
        "Interest Income": 69198000.0,
        "Normalized Income": 11520000.0,
        "Net Income From Continuing And Discontinued Operation": 11520000.0,
        "Diluted Average Shares": 27998008.0,
        "Basic Average Shares": 27460982.0,
        "Diluted EPS": 0.38,
        "Basic EPS": 0.38,
        "Diluted NI Availto Com Stockholders": 10506000.0,
        "Net Income Common Stockholders": 10506000.0,
        "Preferred Stock Dividends": 1014000.0,
        "Net Income": 11520000.0,
        "Net Income Including Noncontrolling Interests": 11520000.0,
        "Net Income Continuous Operations": 11520000.0,
        "Tax Provision": 3618000.0,
        "Pretax Income": 15138000.0,
        "Gain On Sale Of Security": 474000.0,
        "Depreciation Amortization Depletion Income Statement": 230000.0,
        "Depreciation And Amortization In Income Statement": 230000.0,
        "Amortization": 230000.0,
        "Amortization Of Intangibles Income Statement": 230000.0,
        "Selling General And Administration": 12548000.0,
        "Selling And Marketing Expense": 435000.0,
        "General And Administrative Expense": 12113000.0,
        "Insurance And Claims": 750000.0,
        "Salaries And Wages": 11363000.0,
        "Total Revenue": 35707000.0,
        "Operating Revenue": 35707000.0,
        "Occupancy And Equipment": 1274000.0,
        "Professional Expense And Contract Services Expense": 1110000.0,
        "Other Non Interest Expense": 3407000.0
    }
}