{
    "2023-06-30": {
        "Tax Effect Of Unusual Items": 0.0,
        "Tax Rate For Calcs": 0.215,
        "Net Income From Continuing Operation Net Minority Interest": 7983000.0,
        "Reconciled Depreciation": 896000.0,
        "Net Interest Income": 23991000.0,
        "Interest Expense": 22515000.0,
        "Interest Income": 46506000.0,
        "Normalized Income": 7983000.0,
        "Net Income From Continuing And Discontinued Operation": 7983000.0,
        "Diluted Average Shares": 7601562.0,
        "Basic Average Shares": 7593417.0,
        "Diluted EPS": 1.02,
        "Basic EPS": 1.02,
        "Diluted NI Availto Com Stockholders": 7770000.0,
        "Net Income Common Stockholders": 7770000.0,
        "Otherunder Preferred Stock Dividend": 213000.0,
        "Net Income": 7983000.0,
        "Net Income Including Noncontrolling Interests": 7983000.0,
        "Net Income Continuous Operations": 7983000.0,
        "Tax Provision": 2189000.0,
        "Pretax Income": 10172000.0,
        "Selling General And Administration": 8070000.0,
        "Selling And Marketing Expense": 177000.0,
        "General And Administrative Expense": 7893000.0,
        "Insurance And Claims": 1050000.0,
        "Salaries And Wages": 6843000.0,
        "Total Revenue": 25392000.0,
        "Operating Revenue": 25392000.0,
        "Occupancy And Equipment": 2204000.0,
        "Professional Expense And Contract Services Expense": 692000.0,
        "Other Non Interest Expense": 1675000.0
    },
    "2023-03-31": {
        "Tax Effect Of Unusual Items": 0.0,
        "Tax Rate For Calcs": 0.234,
        "Net Income From Continuing Operation Net Minority Interest": 10379000.0,
        "Reconciled Depreciation": 884000.0,
        "Net Interest Income": 25541000.0,
        "Interest Expense": 18750000.0,
        "Interest Income": 44291000.0,
        "Normalized Income": 10379000.0,
        "Net Income From Continuing And Discontinued Operation": 10379000.0,
        "Diluted Average Shares": 7616671.0,
        "Basic Average Shares": 7554689.0,
        "Diluted EPS": 1.33,
        "Basic EPS": 1.34,
        "Diluted NI Availto Com Stockholders": 10107000.0,
        "Net Income Common Stockholders": 10107000.0,
        "Otherunder Preferred Stock Dividend": 272000.0,
        "Net Income": 10379000.0,
        "Net Income Including Noncontrolling Interests": 10379000.0,
        "Net Income Continuous Operations": 10379000.0,
        "Tax Provision": 3171000.0,
        "Pretax Income": 13550000.0,
        "Selling General And Administration": 7686000.0,
        "Selling And Marketing Expense": 151000.0,
        "General And Administrative Expense": 7535000.0,
        "Insurance And Claims": 1062000.0,
        "Salaries And Wages": 6473000.0,
        "Total Revenue": 27067000.0,
        "Operating Revenue": 27067000.0,
        "Occupancy And Equipment": 2084000.0,
        "Professional Expense And Contract Services Expense": 1322000.0,
        "Other Non Interest Expense": 1599000.0
    },
    "2022-12-31": {
        "Tax Effect Of Unusual Items": 0.0,
        "Tax Rate For Calcs": 0.242873,
        "Net Income From Continuing Operation Net Minority Interest": 8021000.0,
        "Reconciled Depreciation": 890000.0,
        "Net Interest Income": 26809000.0,
        "Interest Expense": 12784000.0,
        "Interest Income": 39593000.0,
        "Normalized Income": 8021000.0,
        "Net Income From Continuing And Discontinued Operation": 8021000.0,
        "Diluted Average Shares": 7563116.0,
        "Basic Average Shares": 7507540.0,
        "Diluted EPS": 1.04,
        "Basic EPS": 1.04,
        "Diluted NI Availto Com Stockholders": 7838000.0,
        "Net Income Common Stockholders": 7838000.0,
        "Otherunder Preferred Stock Dividend": 183000.0,
        "Net Income": 8021000.0,
        "Net Income Including Noncontrolling Interests": 8021000.0,
        "Net Income Continuous Operations": 8021000.0,
        "Tax Provision": 2573000.0,
        "Pretax Income": 10594000.0,
        "Selling General And Administration": 5407000.0,
        "Selling And Marketing Expense": 112000.0,
        "General And Administrative Expense": 5295000.0,
        "Insurance And Claims": 898000.0,
        "Salaries And Wages": 6366000.0,
        "Total Revenue": 27337000.0,
        "Operating Revenue": 27337000.0
    },
    "2022-09-30": {
        "Tax Effect Of Unusual Items": NaN,
        "Tax Rate For Calcs": NaN,
        "Net Income From Continuing Operation Net Minority Interest": NaN,
        "Reconciled Depreciation": NaN,
        "Net Interest Income": NaN,
        "Interest Expense": NaN,
        "Interest Income": NaN,
        "Normalized Income": NaN,
        "Net Income From Continuing And Discontinued Operation": NaN,
        "Diluted Average Shares": NaN,
        "Basic Average Shares": NaN,
        "Diluted EPS": NaN,
        "Basic EPS": NaN,
        "Diluted NI Availto Com Stockholders": NaN,
        "Net Income Common Stockholders": NaN,
        "Otherunder Preferred Stock Dividend": NaN,
        "Net Income": NaN,
        "Net Income Including Noncontrolling Interests": NaN,
        "Net Income Continuous Operations": NaN,
        "Tax Provision": NaN,
        "Pretax Income": NaN,
        "Selling General And Administration": NaN,
        "Selling And Marketing Expense": NaN,
        "General And Administrative Expense": NaN,
        "Other Gand A": 626000.0,
        "Insurance And Claims": NaN,
        "Salaries And Wages": NaN,
        "Total Revenue": NaN,
        "Operating Revenue": NaN
    },
    "2022-06-30": {
        "Tax Effect Of Unusual Items": 0.0,
        "Tax Rate For Calcs": 0.223586,
        "Net Income From Continuing Operation Net Minority Interest": 12022000.0,
        "Reconciled Depreciation": 838000.0,
        "Net Interest Income": 23823000.0,
        "Interest Expense": 2541000.0,
        "Interest Income": 26364000.0,
        "Normalized Income": 12022000.0,
        "Net Income From Continuing And Discontinued Operation": 12022000.0,
        "Diluted Average Shares": 7614243.0,
        "Basic Average Shares": 7556645.0,
        "Diluted EPS": 1.55,
        "Basic EPS": 1.56,
        "Diluted NI Availto Com Stockholders": 12022000.0,
        "Net Income Common Stockholders": 12022000.0,
        "Otherunder Preferred Stock Dividend": 257000.0,
        "Net Income": 12022000.0,
        "Net Income Including Noncontrolling Interests": 12022000.0,
        "Net Income Continuous Operations": 12022000.0,
        "Tax Provision": 3462000.0,
        "Pretax Income": 15484000.0,
        "Selling General And Administration": 6830000.0,
        "Selling And Marketing Expense": 107000.0,
        "General And Administrative Expense": 6723000.0,
        "Other Gand A": 689000.0,
        "Insurance And Claims": 262000.0,
        "Salaries And Wages": 5772000.0,
        "Total Revenue": 24975000.0,
        "Operating Revenue": 24975000.0
    },
    "2022-03-31": {
        "Diluted EPS": 1.04,
        "Total Revenue": 23,
        "Gross Profit": 20,
        "Operating Income": 10,
        "EBIT": NaN,
        "Net Income": 8
    },
    "2021-12-31": {
        "Diluted EPS": 0.99,
        "Total Revenue": 23,
        "Gross Profit": 20,
        "Operating Income": 10,
        "EBIT": NaN,
        "Net Income": 8
    },
    "2021-09-30": {
        "Diluted EPS": 0.87,
        "Total Revenue": 22,
        "Gross Profit": 19,
        "Operating Income": 9,
        "EBIT": NaN,
        "Net Income": 7
    },
    "2021-06-30": {
        "Diluted EPS": 0.79,
        "Total Revenue": 22,
        "Gross Profit": 18,
        "Operating Income": 8,
        "EBIT": NaN,
        "Net Income": 6
    },
    "2021-03-31": {
        "Diluted EPS": 0.71,
        "Total Revenue": 21,
        "Gross Profit": 17,
        "Operating Income": 7,
        "EBIT": NaN,
        "Net Income": 6
    },
    "2020-12-31": {
        "Diluted EPS": 0.04,
        "Total Revenue": 20,
        "Gross Profit": 15,
        "Operating Income": 1,
        "EBIT": NaN,
        "Net Income": 0
    },
    "2020-09-30": {
        "Diluted EPS": 0.38,
        "Total Revenue": 20,
        "Gross Profit": 14,
        "Operating Income": 4,
        "EBIT": NaN,
        "Net Income": 3
    },
    "2020-06-30": {
        "Diluted EPS": 0.16,
        "Total Revenue": 20,
        "Gross Profit": 14,
        "Operating Income": 1,
        "EBIT": NaN,
        "Net Income": 1
    },
    "2020-03-31": {
        "Diluted EPS": 0.17,
        "Total Revenue": 21,
        "Gross Profit": 14,
        "Operating Income": 2,
        "EBIT": NaN,
        "Net Income": 1
    },
    "2019-12-31": {
        "Diluted EPS": 0.43,
        "Total Revenue": 21,
        "Gross Profit": 14,
        "Operating Income": 4,
        "EBIT": NaN,
        "Net Income": 3
    },
    "2019-09-30": {
        "Diluted EPS": 0.52,
        "Total Revenue": 22,
        "Gross Profit": 15,
        "Operating Income": 5,
        "EBIT": NaN,
        "Net Income": 4
    },
    "2019-06-30": {
        "Diluted EPS": 0.71,
        "Total Revenue": 22,
        "Gross Profit": 15,
        "Operating Income": 7,
        "EBIT": NaN,
        "Net Income": 6
    },
    "2019-03-31": {
        "Diluted EPS": 0.65,
        "Total Revenue": 23,
        "Gross Profit": 16,
        "Operating Income": 6,
        "EBIT": NaN,
        "Net Income": 5
    },
    "2018-12-31": {
        "Diluted EPS": 0.4,
        "Total Revenue": 22,
        "Gross Profit": 15,
        "Operating Income": 3,
        "EBIT": NaN,
        "Net Income": 3
    },
    "2018-09-30": {
        "Diluted EPS": 0.62,
        "Total Revenue": 21,
        "Gross Profit": 15,
        "Operating Income": 6,
        "EBIT": NaN,
        "Net Income": 5
    },
    "2018-06-30": {
        "Diluted EPS": 0.6,
        "Total Revenue": 21,
        "Gross Profit": 15,
        "Operating Income": 6,
        "EBIT": NaN,
        "Net Income": 5
    },
    "2018-03-31": {
        "Diluted EPS": 0.59,
        "Total Revenue": 20,
        "Gross Profit": 15,
        "Operating Income": 6,
        "EBIT": NaN,
        "Net Income": 5
    },
    "2017-12-31": {
        "Diluted EPS": 0.26,
        "Total Revenue": 20,
        "Gross Profit": 15,
        "Operating Income": 7,
        "EBIT": NaN,
        "Net Income": 2
    },
    "2017-09-30": {
        "Diluted EPS": 0.55,
        "Total Revenue": 19,
        "Gross Profit": 15,
        "Operating Income": 6,
        "EBIT": NaN,
        "Net Income": 4
    },
    "2017-06-30": {
        "Diluted EPS": 0.49,
        "Total Revenue": 19,
        "Gross Profit": 15,
        "Operating Income": 6,
        "EBIT": NaN,
        "Net Income": 4
    },
    "2017-03-31": {
        "Diluted EPS": 0.48,
        "Total Revenue": 18,
        "Gross Profit": 14,
        "Operating Income": 5,
        "EBIT": NaN,
        "Net Income": 4
    },
    "2016-12-31": {
        "Diluted EPS": 0.43,
        "Total Revenue": 17,
        "Gross Profit": 14,
        "Operating Income": 5,
        "EBIT": NaN,
        "Net Income": 3
    },
    "2016-09-30": {
        "Diluted EPS": 0.41,
        "Total Revenue": 16,
        "Gross Profit": 13,
        "Operating Income": 5,
        "EBIT": NaN,
        "Net Income": 3
    },
    "2016-06-30": {
        "Diluted EPS": 0.38,
        "Total Revenue": 16,
        "Gross Profit": 13,
        "Operating Income": 4,
        "EBIT": NaN,
        "Net Income": 3
    },
    "2016-03-31": {
        "Diluted EPS": 0.4,
        "Total Revenue": 15,
        "Gross Profit": 12,
        "Operating Income": 4,
        "EBIT": NaN,
        "Net Income": 3
    },
    "2015-12-31": {
        "Diluted EPS": 0.33,
        "Total Revenue": 15,
        "Gross Profit": 12,
        "Operating Income": 4,
        "EBIT": NaN,
        "Net Income": 3
    },
    "2015-09-30": {
        "Diluted EPS": 0.31,
        "Total Revenue": 14,
        "Gross Profit": 12,
        "Operating Income": 3,
        "EBIT": NaN,
        "Net Income": 2
    },
    "2015-06-30": {
        "Diluted EPS": 0.31,
        "Total Revenue": 13,
        "Gross Profit": 12,
        "Operating Income": 4,
        "EBIT": NaN,
        "Net Income": 2
    },
    "2015-03-31": {
        "Diluted EPS": 0.26,
        "Total Revenue": 12,
        "Gross Profit": 10,
        "Operating Income": 3,
        "EBIT": NaN,
        "Net Income": 2
    },
    "2014-12-31": {
        "Diluted EPS": 0.05,
        "Total Revenue": 12,
        "Gross Profit": 11,
        "Operating Income": 2,
        "EBIT": NaN,
        "Net Income": 1
    },
    "2014-09-30": {
        "Diluted EPS": 0.22,
        "Total Revenue": 9,
        "Gross Profit": 8,
        "Operating Income": 2,
        "EBIT": NaN,
        "Net Income": 1
    },
    "2014-06-30": {
        "Diluted EPS": 0.23,
        "Total Revenue": 9,
        "Gross Profit": 8,
        "Operating Income": 2,
        "EBIT": NaN,
        "Net Income": 1
    },
    "2014-03-31": {
        "Diluted EPS": 0.28,
        "Total Revenue": 9,
        "Gross Profit": 8,
        "Operating Income": 2,
        "EBIT": NaN,
        "Net Income": 1
    },
    "2013-12-31": {
        "Diluted EPS": 0.34,
        "Total Revenue": 10,
        "Gross Profit": 9,
        "Operating Income": 2,
        "EBIT": NaN,
        "Net Income": 1
    },
    "2013-09-30": {
        "Diluted EPS": 0.37,
        "Total Revenue": 8,
        "Gross Profit": 7,
        "Operating Income": 2,
        "EBIT": NaN,
        "Net Income": 1
    },
    "2013-06-30": {
        "Diluted EPS": 0.42,
        "Total Revenue": 8,
        "Gross Profit": 8,
        "Operating Income": 2,
        "EBIT": NaN,
        "Net Income": 1
    },
    "2013-03-31": {
        "Diluted EPS": 0.3,
        "Total Revenue": 7,
        "Gross Profit": 6,
        "Operating Income": 2,
        "EBIT": NaN,
        "Net Income": 1
    },
    "2012-12-31": {
        "Diluted EPS": 0.0,
        "Total Revenue": NaN,
        "Gross Profit": NaN,
        "Operating Income": NaN,
        "EBIT": NaN,
        "Net Income": NaN
    },
    "2023-09-30": {
        "Tax Effect Of Unusual Items": NaN,
        "Tax Rate For Calcs": NaN,
        "Net Income From Continuing Operation Net Minority Interest": NaN,
        "Reconciled Depreciation": NaN,
        "Net Interest Income": NaN,
        "Interest Expense": NaN,
        "Interest Income": NaN,
        "Normalized Income": NaN,
        "Net Income From Continuing And Discontinued Operation": NaN,
        "Diluted Average Shares": 7633934.0,
        "Basic Average Shares": 7598230.0,
        "Diluted EPS": 1.25,
        "Basic EPS": 1.25,
        "Diluted NI Availto Com Stockholders": NaN,
        "Net Income Common Stockholders": NaN,
        "Otherunder Preferred Stock Dividend": NaN,
        "Net Income": NaN,
        "Net Income Including Noncontrolling Interests": NaN,
        "Net Income Continuous Operations": NaN,
        "Tax Provision": NaN,
        "Pretax Income": NaN,
        "Selling General And Administration": NaN,
        "Selling And Marketing Expense": NaN,
        "General And Administrative Expense": NaN,
        "Insurance And Claims": NaN,
        "Salaries And Wages": NaN,
        "Total Revenue": NaN,
        "Operating Revenue": NaN,
        "Occupancy And Equipment": NaN,
        "Professional Expense And Contract Services Expense": NaN,
        "Other Non Interest Expense": NaN
    },
    "2023-12-31": {
        "Tax Effect Of Unusual Items": 0.0,
        "Tax Rate For Calcs": 0.256844,
        "Net Income From Continuing Operation Net Minority Interest": 8524000.0,
        "Reconciled Depreciation": 940000.0,
        "Net Interest Income": 22245000.0,
        "Interest Expense": 27149000.0,
        "Interest Income": 49394000.0,
        "Normalized Income": 8524000.0,
        "Net Income From Continuing And Discontinued Operation": 8524000.0,
        "Diluted Average Shares": 7650451.0,
        "Basic Average Shares": 7603938.0,
        "Diluted EPS": 1.09,
        "Basic EPS": 1.09,
        "Diluted NI Availto Com Stockholders": 8304000.0,
        "Net Income Common Stockholders": 8304000.0,
        "Otherunder Preferred Stock Dividend": 220000.0,
        "Net Income": 8524000.0,
        "Net Income Including Noncontrolling Interests": 8524000.0,
        "Net Income Continuous Operations": 8524000.0,
        "Tax Provision": 2946000.0,
        "Pretax Income": 11470000.0,
        "Selling General And Administration": 7858000.0,
        "Selling And Marketing Expense": 139000.0,
        "General And Administrative Expense": 7719000.0,
        "Insurance And Claims": 1026000.0,
        "Salaries And Wages": 6693000.0,
        "Total Revenue": 23374000.0,
        "Operating Revenue": 23374000.0,
        "Occupancy And Equipment": 2231000.0,
        "Professional Expense And Contract Services Expense": 1033000.0,
        "Other Non Interest Expense": 1742000.0
    },
    "2024-03-31": {
        "Tax Effect Of Unusual Items": 0.0,
        "Tax Rate For Calcs": 0.26,
        "Net Income From Continuing Operation Net Minority Interest": 3763000.0,
        "Reconciled Depreciation": 940000.0,
        "Net Interest Income": 21147000.0,
        "Interest Expense": 27134000.0,
        "Interest Income": 48281000.0,
        "Normalized Income": 3763000.0,
        "Net Income From Continuing And Discontinued Operation": 3763000.0,
        "Diluted Average Shares": 7687679.0,
        "Basic Average Shares": 7663521.0,
        "Diluted EPS": 0.48,
        "Basic EPS": 0.48,
        "Diluted NI Availto Com Stockholders": 3657000.0,
        "Net Income Common Stockholders": 3657000.0,
        "Otherunder Preferred Stock Dividend": 106000.0,
        "Net Income": 3763000.0,
        "Net Income Including Noncontrolling Interests": 3763000.0,
        "Net Income Continuous Operations": 3763000.0,
        "Tax Provision": 1319000.0,
        "Pretax Income": 5082000.0,
        "Selling General And Administration": 8235000.0,
        "Selling And Marketing Expense": 114000.0,
        "General And Administrative Expense": 8121000.0,
        "Insurance And Claims": 930000.0,
        "Salaries And Wages": 7191000.0,
        "Total Revenue": 22062000.0,
        "Operating Revenue": 22062000.0,
        "Occupancy And Equipment": 2322000.0,
        "Professional Expense And Contract Services Expense": 1065000.0,
        "Other Non Interest Expense": 1675000.0
    },
    "2024-06-30": {
        "Tax Effect Of Unusual Items": 0.0,
        "Tax Rate For Calcs": 0.242,
        "Net Income From Continuing Operation Net Minority Interest": 1118000.0,
        "Reconciled Depreciation": 931000.0,
        "Net Interest Income": 21219000.0,
        "Interest Expense": 26460000.0,
        "Interest Income": 47679000.0,
        "Normalized Income": 1118000.0,
        "Net Income From Continuing And Discontinued Operation": 1118000.0,
        "Diluted Average Shares": 7747675.0,
        "Basic Average Shares": 7747675.0,
        "Diluted EPS": 0.14,
        "Basic EPS": 0.14,
        "Diluted NI Availto Com Stockholders": 1092000.0,
        "Net Income Common Stockholders": 1092000.0,
        "Otherunder Preferred Stock Dividend": 26000.0,
        "Net Income": 1118000.0,
        "Net Income Including Noncontrolling Interests": 1118000.0,
        "Net Income Continuous Operations": 1118000.0,
        "Tax Provision": 356000.0,
        "Pretax Income": 1474000.0,
        "Selling General And Administration": 7277000.0,
        "Selling And Marketing Expense": 90000.0,
        "General And Administrative Expense": 7187000.0,
        "Insurance And Claims": 705000.0,
        "Salaries And Wages": 6482000.0,
        "Total Revenue": 21902000.0,
        "Operating Revenue": 21902000.0,
        "Occupancy And Equipment": 2238000.0,
        "Professional Expense And Contract Services Expense": 989000.0,
        "Other Non Interest Expense": 1741000.0
    },
    "2024-09-30": {
        "Tax Effect Of Unusual Items": 0.0,
        "Tax Rate For Calcs": 0.29,
        "Net Income From Continuing Operation Net Minority Interest": 1926000.0,
        "Reconciled Depreciation": 934000.0,
        "Net Interest Income": 20717000.0,
        "Interest Expense": 27474000.0,
        "Interest Income": 48191000.0,
        "Normalized Income": 1926000.0,
        "Net Income From Continuing And Discontinued Operation": 1926000.0,
        "Diluted Average Shares": 7720895.0,
        "Basic Average Shares": 7715040.0,
        "Diluted EPS": 0.24,
        "Basic EPS": 0.24,
        "Diluted NI Availto Com Stockholders": 1879000.0,
        "Net Income Common Stockholders": 1879000.0,
        "Otherunder Preferred Stock Dividend": 47000.0,
        "Net Income": 1926000.0,
        "Net Income Including Noncontrolling Interests": 1926000.0,
        "Net Income Continuous Operations": 1926000.0,
        "Tax Provision": 786000.0,
        "Pretax Income": 2712000.0,
        "Selling General And Administration": 7441000.0,
        "Selling And Marketing Expense": 73000.0,
        "General And Administrative Expense": 7368000.0,
        "Insurance And Claims": 853000.0,
        "Salaries And Wages": 6515000.0,
        "Total Revenue": 21873000.0,
        "Operating Revenue": 21873000.0,
        "Occupancy And Equipment": 2334000.0,
        "Professional Expense And Contract Services Expense": 1142000.0,
        "Other Non Interest Expense": 1948000.0
    },
    "2024-12-31": {
        "Tax Effect Of Unusual Items": 0.0,
        "Tax Rate For Calcs": 0.270377,
        "Net Income From Continuing Operation Net Minority Interest": 2963000.0,
        "Reconciled Depreciation": 970000.0,
        "Net Interest Income": 20199000.0,
        "Interest Expense": 27644000.0,
        "Interest Income": 47843000.0,
        "Normalized Income": 2963000.0,
        "Net Income From Continuing And Discontinued Operation": 2963000.0,
        "Diluted Average Shares": NaN,
        "Basic Average Shares": NaN,
        "Diluted EPS": NaN,
        "Basic EPS": NaN,
        "Diluted NI Availto Com Stockholders": 2890000.0,
        "Net Income Common Stockholders": 2890000.0,
        "Otherunder Preferred Stock Dividend": 73000.0,
        "Net Income": 2963000.0,
        "Net Income Including Noncontrolling Interests": 2963000.0,
        "Net Income Continuous Operations": 2963000.0,
        "Tax Provision": 1098000.0,
        "Pretax Income": 4061000.0,
        "Selling General And Administration": 6435000.0,
        "Selling And Marketing Expense": 175000.0,
        "General And Administrative Expense": 6260000.0,
        "Insurance And Claims": 862000.0,
        "Salaries And Wages": 5398000.0,
        "Total Revenue": 21163000.0,
        "Operating Revenue": 21163000.0,
        "Occupancy And Equipment": 2600000.0,
        "Professional Expense And Contract Services Expense": 1286000.0,
        "Other Non Interest Expense": 2323000.0
    }
}