{
    "2023-03-31": {
        "Tax Effect Of Unusual Items": NaN,
        "Tax Rate For Calcs": NaN,
        "Normalized EBITDA": NaN,
        "Total Unusual Items": NaN,
        "Total Unusual Items Excluding Goodwill": NaN,
        "Net Income From Continuing Operation Net Minority Interest": NaN,
        "Reconciled Depreciation": NaN,
        "Reconciled Cost Of Revenue": NaN,
        "EBITDA": NaN,
        "EBIT": NaN,
        "Normalized Income": NaN,
        "Net Income From Continuing And Discontinued Operation": NaN,
        "Total Expenses": NaN,
        "Total Operating Income As Reported": NaN,
        "Diluted Average Shares": 12669581.0,
        "Basic Average Shares": 11800308.0,
        "Diluted EPS": 0.04,
        "Basic EPS": 0.04,
        "Diluted NI Availto Com Stockholders": NaN,
        "Net Income Common Stockholders": NaN,
        "Otherunder Preferred Stock Dividend": NaN,
        "Net Income": NaN,
        "Net Income Including Noncontrolling Interests": NaN,
        "Net Income Continuous Operations": NaN,
        "Tax Provision": NaN,
        "Pretax Income": NaN,
        "Other Income Expense": NaN,
        "Other Non Operating Income Expenses": NaN,
        "Special Income Charges": NaN,
        "Gain On Sale Of Ppe": NaN,
        "Operating Income": NaN,
        "Operating Expense": NaN,
        "Depreciation Amortization Depletion Income Statement": NaN,
        "Depreciation And Amortization In Income Statement": NaN,
        "Selling General And Administration": NaN,
        "Gross Profit": NaN,
        "Cost Of Revenue": NaN,
        "Total Revenue": NaN,
        "Operating Revenue": NaN
    },
    "2022-12-31": {
        "Tax Effect Of Unusual Items": NaN,
        "Tax Rate For Calcs": NaN,
        "Normalized EBITDA": NaN,
        "Total Unusual Items": NaN,
        "Total Unusual Items Excluding Goodwill": NaN,
        "Net Income From Continuing Operation Net Minority Interest": NaN,
        "Reconciled Depreciation": NaN,
        "Reconciled Cost Of Revenue": NaN,
        "EBITDA": NaN,
        "EBIT": NaN,
        "Normalized Income": NaN,
        "Net Income From Continuing And Discontinued Operation": NaN,
        "Total Expenses": NaN,
        "Total Operating Income As Reported": NaN,
        "Diluted Average Shares": 12234109.0,
        "Basic Average Shares": 11538128.0,
        "Diluted EPS": 0.03,
        "Basic EPS": 0.03,
        "Diluted NI Availto Com Stockholders": NaN,
        "Net Income Common Stockholders": NaN,
        "Otherunder Preferred Stock Dividend": NaN,
        "Net Income": NaN,
        "Net Income Including Noncontrolling Interests": NaN,
        "Net Income Continuous Operations": NaN,
        "Tax Provision": NaN,
        "Pretax Income": NaN,
        "Other Income Expense": NaN,
        "Other Non Operating Income Expenses": NaN,
        "Special Income Charges": NaN,
        "Gain On Sale Of Ppe": NaN,
        "Operating Income": NaN,
        "Operating Expense": NaN,
        "Depreciation Amortization Depletion Income Statement": NaN,
        "Depreciation And Amortization In Income Statement": NaN,
        "Selling General And Administration": NaN,
        "Gross Profit": NaN,
        "Cost Of Revenue": NaN,
        "Total Revenue": NaN,
        "Operating Revenue": NaN
    },
    "2022-09-30": {
        "Tax Effect Of Unusual Items": 4400.0,
        "Tax Rate For Calcs": 0.4,
        "Normalized EBITDA": 5335000.0,
        "Total Unusual Items": 11000.0,
        "Total Unusual Items Excluding Goodwill": 11000.0,
        "Net Income From Continuing Operation Net Minority Interest": 3397000.0,
        "Reconciled Depreciation": 3138000.0,
        "Reconciled Cost Of Revenue": 33984000.0,
        "EBITDA": 5346000.0,
        "EBIT": 2208000.0,
        "Normalized Income": 3390400.0,
        "Net Income From Continuing And Discontinued Operation": 3397000.0,
        "Total Expenses": 69038000.0,
        "Total Operating Income As Reported": 2219000.0,
        "Diluted Average Shares": 11768411.0,
        "Basic Average Shares": 11304946.0,
        "Diluted EPS": 0.25,
        "Basic EPS": 0.26,
        "Diluted NI Availto Com Stockholders": 2893000.0,
        "Net Income Common Stockholders": 2893000.0,
        "Otherunder Preferred Stock Dividend": 504000.0,
        "Net Income": 3397000.0,
        "Net Income Including Noncontrolling Interests": 3397000.0,
        "Net Income Continuous Operations": 3397000.0,
        "Tax Provision": -1773000.0,
        "Pretax Income": 1624000.0,
        "Other Income Expense": -584000.0,
        "Other Non Operating Income Expenses": -595000.0,
        "Special Income Charges": 11000.0,
        "Gain On Sale Of Ppe": 11000.0,
        "Operating Income": 2208000.0,
        "Operating Expense": 35054000.0,
        "Depreciation Amortization Depletion Income Statement": 3138000.0,
        "Depreciation And Amortization In Income Statement": 3138000.0,
        "Selling General And Administration": 31916000.0,
        "Gross Profit": 37262000.0,
        "Cost Of Revenue": 33984000.0,
        "Total Revenue": 71246000.0,
        "Operating Revenue": 71246000.0
    },
    "2022-06-30": {
        "Tax Effect Of Unusual Items": 10017.0,
        "Tax Rate For Calcs": 0.371,
        "Normalized EBITDA": 3253000.0,
        "Total Unusual Items": 27000.0,
        "Total Unusual Items Excluding Goodwill": 27000.0,
        "Net Income From Continuing Operation Net Minority Interest": -320000.0,
        "Reconciled Depreciation": 2822000.0,
        "Reconciled Cost Of Revenue": 31055000.0,
        "EBITDA": 3280000.0,
        "EBIT": 457000.0,
        "Normalized Income": -336983.0,
        "Net Income From Continuing And Discontinued Operation": -320000.0,
        "Total Expenses": 61942000.0,
        "Total Operating Income As Reported": 484000.0,
        "Diluted Average Shares": 10761172.0,
        "Basic Average Shares": 10761172.0,
        "Diluted EPS": -0.03,
        "Basic EPS": -0.03,
        "Diluted NI Availto Com Stockholders": -320000.0,
        "Net Income Common Stockholders": -320000.0,
        "Otherunder Preferred Stock Dividend": 0.0,
        "Net Income": -320000.0,
        "Net Income Including Noncontrolling Interests": -320000.0,
        "Net Income Continuous Operations": -320000.0,
        "Tax Provision": -190000.0,
        "Pretax Income": -510000.0,
        "Other Income Expense": -967000.0,
        "Other Non Operating Income Expenses": -994000.0,
        "Special Income Charges": 27000.0,
        "Gain On Sale Of Ppe": 27000.0,
        "Operating Income": 457000.0,
        "Operating Expense": 30888000.0,
        "Depreciation Amortization Depletion Income Statement": 2823000.0,
        "Depreciation And Amortization In Income Statement": 2823000.0,
        "Selling General And Administration": 28065000.0,
        "Gross Profit": 31345000.0,
        "Cost Of Revenue": 31054000.0,
        "Total Revenue": 62399000.0,
        "Operating Revenue": 62399000.0
    },
    "2022-03-31": {
        "Diluted EPS": 0.12,
        "Total Revenue": 52,
        "Gross Profit": 27,
        "Operating Income": 2,
        "EBIT": 4,
        "Net Income": 1
    },
    "2021-12-31": {
        "Diluted EPS": -0.11,
        "Total Revenue": 42,
        "Gross Profit": 21,
        "Operating Income": -1,
        "EBIT": 1,
        "Net Income": 0
    },
    "2021-09-30": {
        "Diluted EPS": 0.03,
        "Total Revenue": 40,
        "Gross Profit": 20,
        "Operating Income": 0,
        "EBIT": 2,
        "Net Income": 0
    },
    "2021-06-30": {
        "Diluted EPS": -0.06,
        "Total Revenue": 37,
        "Gross Profit": 18,
        "Operating Income": 0,
        "EBIT": 1,
        "Net Income": 0
    },
    "2021-03-31": {
        "Diluted EPS": 0.17,
        "Total Revenue": 32,
        "Gross Profit": 16,
        "Operating Income": 1,
        "EBIT": 3,
        "Net Income": 1
    },
    "2020-12-31": {
        "Diluted EPS": 0.05,
        "Total Revenue": 30,
        "Gross Profit": 15,
        "Operating Income": 1,
        "EBIT": 2,
        "Net Income": 0
    },
    "2020-09-30": {
        "Diluted EPS": -0.22,
        "Total Revenue": 32,
        "Gross Profit": 12,
        "Operating Income": -2,
        "EBIT": -2,
        "Net Income": -1
    },
    "2020-06-30": {
        "Diluted EPS": 0.27,
        "Total Revenue": 32,
        "Gross Profit": 15,
        "Operating Income": 3,
        "EBIT": 3,
        "Net Income": 2
    },
    "2020-03-31": {
        "Diluted EPS": 0.07,
        "Total Revenue": 29,
        "Gross Profit": 13,
        "Operating Income": 1,
        "EBIT": 1,
        "Net Income": 0
    },
    "2023-06-30": {
        "Tax Effect Of Unusual Items": NaN,
        "Tax Rate For Calcs": NaN,
        "Normalized EBITDA": NaN,
        "Total Unusual Items": NaN,
        "Total Unusual Items Excluding Goodwill": NaN,
        "Net Income From Continuing Operation Net Minority Interest": NaN,
        "Reconciled Depreciation": NaN,
        "Reconciled Cost Of Revenue": NaN,
        "EBITDA": NaN,
        "EBIT": NaN,
        "Normalized Income": NaN,
        "Net Income From Continuing And Discontinued Operation": NaN,
        "Total Expenses": NaN,
        "Total Operating Income As Reported": NaN,
        "Diluted Average Shares": 12276173.0,
        "Basic Average Shares": 12276173.0,
        "Diluted EPS": -0.05,
        "Basic EPS": -0.05,
        "Diluted NI Availto Com Stockholders": NaN,
        "Net Income Common Stockholders": NaN,
        "Otherunder Preferred Stock Dividend": NaN,
        "Net Income": NaN,
        "Net Income Including Noncontrolling Interests": NaN,
        "Net Income Continuous Operations": NaN,
        "Tax Provision": NaN,
        "Pretax Income": NaN,
        "Other Income Expense": NaN,
        "Other Non Operating Income Expenses": NaN,
        "Special Income Charges": NaN,
        "Gain On Sale Of Ppe": NaN,
        "Operating Income": NaN,
        "Operating Expense": NaN,
        "Depreciation Amortization Depletion Income Statement": NaN,
        "Depreciation And Amortization In Income Statement": NaN,
        "Selling General And Administration": NaN,
        "Gross Profit": NaN,
        "Cost Of Revenue": NaN,
        "Total Revenue": NaN,
        "Operating Revenue": NaN
    },
    "2023-09-30": {
        "Tax Effect Of Unusual Items": NaN,
        "Tax Rate For Calcs": NaN,
        "Normalized EBITDA": NaN,
        "Total Unusual Items": NaN,
        "Total Unusual Items Excluding Goodwill": NaN,
        "Net Income From Continuing Operation Net Minority Interest": NaN,
        "Reconciled Depreciation": NaN,
        "Reconciled Cost Of Revenue": NaN,
        "EBITDA": NaN,
        "EBIT": NaN,
        "Normalized Income": NaN,
        "Net Income From Continuing And Discontinued Operation": NaN,
        "Total Expenses": NaN,
        "Total Operating Income As Reported": NaN,
        "Diluted Average Shares": 13793120.0,
        "Basic Average Shares": 12814971.0,
        "Diluted EPS": 0.08,
        "Basic EPS": 0.08,
        "Diluted NI Availto Com Stockholders": NaN,
        "Net Income Common Stockholders": NaN,
        "Otherunder Preferred Stock Dividend": NaN,
        "Net Income": NaN,
        "Net Income Including Noncontrolling Interests": NaN,
        "Net Income Continuous Operations": NaN,
        "Tax Provision": NaN,
        "Pretax Income": NaN,
        "Other Income Expense": NaN,
        "Other Non Operating Income Expenses": NaN,
        "Special Income Charges": NaN,
        "Gain On Sale Of Ppe": NaN,
        "Operating Income": NaN,
        "Operating Expense": NaN,
        "Depreciation Amortization Depletion Income Statement": NaN,
        "Depreciation And Amortization In Income Statement": NaN,
        "Selling General And Administration": NaN,
        "Gross Profit": NaN,
        "Cost Of Revenue": NaN,
        "Total Revenue": NaN,
        "Operating Revenue": NaN
    },
    "2023-12-31": {
        "Tax Effect Of Unusual Items": 13440.0,
        "Tax Rate For Calcs": 0.21,
        "Normalized EBITDA": 2117000.0,
        "Total Unusual Items": 64000.0,
        "Total Unusual Items Excluding Goodwill": 64000.0,
        "Net Income From Continuing Operation Net Minority Interest": -7710000.0,
        "Reconciled Depreciation": 5938000.0,
        "Reconciled Cost Of Revenue": 46125000.0,
        "EBITDA": 2181000.0,
        "EBIT": -3757000.0,
        "Normalized Income": -7760560.0,
        "Net Income From Continuing And Discontinued Operation": -7710000.0,
        "Total Expenses": 96723000.0,
        "Total Operating Income As Reported": -3693000.0,
        "Diluted Average Shares": NaN,
        "Basic Average Shares": NaN,
        "Diluted EPS": NaN,
        "Basic EPS": NaN,
        "Diluted NI Availto Com Stockholders": -7570000.0,
        "Net Income Common Stockholders": -7570000.0,
        "Otherunder Preferred Stock Dividend": -140000.0,
        "Net Income": -7710000.0,
        "Net Income Including Noncontrolling Interests": -7710000.0,
        "Net Income Continuous Operations": -7710000.0,
        "Tax Provision": 2078000.0,
        "Pretax Income": -5632000.0,
        "Other Income Expense": -1875000.0,
        "Other Non Operating Income Expenses": -1939000.0,
        "Special Income Charges": 64000.0,
        "Gain On Sale Of Ppe": 64000.0,
        "Operating Income": -3757000.0,
        "Operating Expense": 50598000.0,
        "Depreciation Amortization Depletion Income Statement": 5938000.0,
        "Depreciation And Amortization In Income Statement": 5938000.0,
        "Selling General And Administration": 44660000.0,
        "Gross Profit": 46841000.0,
        "Cost Of Revenue": 46125000.0,
        "Total Revenue": 92966000.0,
        "Operating Revenue": 92966000.0
    },
    "2024-03-31": {
        "Tax Effect Of Unusual Items": 20160.0,
        "Tax Rate For Calcs": 0.21,
        "Normalized EBITDA": 3193000.0,
        "Total Unusual Items": 96000.0,
        "Total Unusual Items Excluding Goodwill": 96000.0,
        "Net Income From Continuing Operation Net Minority Interest": -1558000.0,
        "Reconciled Depreciation": 5995000.0,
        "Reconciled Cost Of Revenue": 46905000.0,
        "EBITDA": 3289000.0,
        "EBIT": -2706000.0,
        "Normalized Income": -1633840.0,
        "Net Income From Continuing And Discontinued Operation": -1558000.0,
        "Total Expenses": 97613000.0,
        "Total Operating Income As Reported": -2610000.0,
        "Diluted Average Shares": 13827728.0,
        "Basic Average Shares": 13827728.0,
        "Diluted EPS": -0.11,
        "Basic EPS": -0.11,
        "Diluted NI Availto Com Stockholders": -1558000.0,
        "Net Income Common Stockholders": -1558000.0,
        "Otherunder Preferred Stock Dividend": 0.0,
        "Net Income": -1558000.0,
        "Net Income Including Noncontrolling Interests": -1558000.0,
        "Net Income Continuous Operations": -1558000.0,
        "Tax Provision": -3453000.0,
        "Pretax Income": -5011000.0,
        "Other Income Expense": -2305000.0,
        "Other Non Operating Income Expenses": -2401000.0,
        "Special Income Charges": 96000.0,
        "Gain On Sale Of Ppe": 96000.0,
        "Operating Income": -2706000.0,
        "Operating Expense": 50708000.0,
        "Depreciation Amortization Depletion Income Statement": 5995000.0,
        "Depreciation And Amortization In Income Statement": 5995000.0,
        "Selling General And Administration": 44713000.0,
        "Gross Profit": 48002000.0,
        "Cost Of Revenue": 46905000.0,
        "Total Revenue": 94907000.0,
        "Operating Revenue": 94907000.0
    },
    "2024-06-30": {
        "Tax Effect Of Unusual Items": 73100.0,
        "Tax Rate For Calcs": 0.34,
        "Normalized EBITDA": 5517000.0,
        "Total Unusual Items": 215000.0,
        "Total Unusual Items Excluding Goodwill": 215000.0,
        "Net Income From Continuing Operation Net Minority Interest": -2082000.0,
        "Reconciled Depreciation": 7182000.0,
        "Reconciled Cost Of Revenue": 49615000.0,
        "EBITDA": 5732000.0,
        "EBIT": -1450000.0,
        "Normalized Income": -2223900.0,
        "Net Income From Continuing And Discontinued Operation": -2082000.0,
        "Total Expenses": 105951000.0,
        "Total Operating Income As Reported": -1235000.0,
        "Diluted Average Shares": 16301926.0,
        "Basic Average Shares": 16301926.0,
        "Diluted EPS": -0.13,
        "Basic EPS": -0.13,
        "Diluted NI Availto Com Stockholders": -2082000.0,
        "Net Income Common Stockholders": -2082000.0,
        "Otherunder Preferred Stock Dividend": 0.0,
        "Net Income": -2082000.0,
        "Net Income Including Noncontrolling Interests": -2082000.0,
        "Net Income Continuous Operations": -2082000.0,
        "Tax Provision": -1180000.0,
        "Pretax Income": -3262000.0,
        "Other Income Expense": -1812000.0,
        "Other Non Operating Income Expenses": -2027000.0,
        "Special Income Charges": 215000.0,
        "Gain On Sale Of Ppe": 215000.0,
        "Operating Income": -1450000.0,
        "Operating Expense": 56335000.0,
        "Depreciation Amortization Depletion Income Statement": 7181000.0,
        "Depreciation And Amortization In Income Statement": 7181000.0,
        "Selling General And Administration": 49154000.0,
        "Gross Profit": 54885000.0,
        "Cost Of Revenue": 49616000.0,
        "Total Revenue": 104501000.0,
        "Operating Revenue": 104501000.0
    },
    "2024-09-30": {
        "Tax Effect Of Unusual Items": 17010.0,
        "Tax Rate For Calcs": 0.21,
        "Normalized EBITDA": 7666000.0,
        "Total Unusual Items": 81000.0,
        "Total Unusual Items Excluding Goodwill": 81000.0,
        "Net Income From Continuing Operation Net Minority Interest": 771000.0,
        "Reconciled Depreciation": 7395000.0,
        "Reconciled Cost Of Revenue": 54282000.0,
        "EBITDA": 7747000.0,
        "EBIT": 352000.0,
        "Normalized Income": 707010.0,
        "Net Income From Continuing And Discontinued Operation": 771000.0,
        "Total Expenses": 113580000.0,
        "Total Operating Income As Reported": 433000.0,
        "Diluted Average Shares": 16835337.0,
        "Basic Average Shares": 16537472.0,
        "Diluted EPS": 0.04,
        "Basic EPS": 0.04,
        "Diluted NI Availto Com Stockholders": 718000.0,
        "Net Income Common Stockholders": 718000.0,
        "Otherunder Preferred Stock Dividend": 53000.0,
        "Net Income": 771000.0,
        "Net Income Including Noncontrolling Interests": 771000.0,
        "Net Income Continuous Operations": 771000.0,
        "Tax Provision": -1910000.0,
        "Pretax Income": -1139000.0,
        "Other Income Expense": -1491000.0,
        "Other Non Operating Income Expenses": -1572000.0,
        "Special Income Charges": 81000.0,
        "Gain On Sale Of Ppe": 81000.0,
        "Operating Income": 352000.0,
        "Operating Expense": 59298000.0,
        "Depreciation Amortization Depletion Income Statement": 7395000.0,
        "Depreciation And Amortization In Income Statement": 7395000.0,
        "Selling General And Administration": 51903000.0,
        "Gross Profit": 59650000.0,
        "Cost Of Revenue": 54282000.0,
        "Total Revenue": 113932000.0,
        "Operating Revenue": 113932000.0
    },
    "2024-12-31": {
        "Tax Effect Of Unusual Items": 17640.0,
        "Tax Rate For Calcs": 0.21,
        "Normalized EBITDA": 9117000.0,
        "Total Unusual Items": 84000.0,
        "Total Unusual Items Excluding Goodwill": 84000.0,
        "Net Income From Continuing Operation Net Minority Interest": 5903000.0,
        "Reconciled Depreciation": 7873000.0,
        "Reconciled Cost Of Revenue": 52365000.0,
        "EBITDA": 9201000.0,
        "EBIT": 1328000.0,
        "Normalized Income": 5836640.0,
        "Net Income From Continuing And Discontinued Operation": 5903000.0,
        "Total Expenses": 111895000.0,
        "Total Operating Income As Reported": 1412000.0,
        "Diluted Average Shares": NaN,
        "Basic Average Shares": NaN,
        "Diluted EPS": NaN,
        "Basic EPS": NaN,
        "Diluted NI Availto Com Stockholders": 5673000.0,
        "Net Income Common Stockholders": 5673000.0,
        "Otherunder Preferred Stock Dividend": 230000.0,
        "Net Income": 5903000.0,
        "Net Income Including Noncontrolling Interests": 5903000.0,
        "Net Income Continuous Operations": 5903000.0,
        "Tax Provision": -5437000.0,
        "Pretax Income": 466000.0,
        "Other Income Expense": -862000.0,
        "Other Non Operating Income Expenses": -946000.0,
        "Special Income Charges": 84000.0,
        "Gain On Sale Of Ppe": 84000.0,
        "Operating Income": 1328000.0,
        "Operating Expense": 58913000.0,
        "Depreciation Amortization Depletion Income Statement": 7256000.0,
        "Depreciation And Amortization In Income Statement": 7256000.0,
        "Selling General And Administration": 51657000.0,
        "Gross Profit": 60241000.0,
        "Cost Of Revenue": 52982000.0,
        "Total Revenue": 113223000.0,
        "Operating Revenue": 113223000.0
    }
}