{
    "2023-06-30": {
        "Tax Effect Of Unusual Items": NaN,
        "Tax Rate For Calcs": NaN,
        "Normalized EBITDA": NaN,
        "Total Unusual Items": NaN,
        "Total Unusual Items Excluding Goodwill": NaN,
        "Net Income From Continuing Operation Net Minority Interest": NaN,
        "Reconciled Depreciation": NaN,
        "Reconciled Cost Of Revenue": NaN,
        "EBITDA": NaN,
        "EBIT": NaN,
        "Net Interest Income": NaN,
        "Interest Expense": NaN,
        "Interest Income": NaN,
        "Normalized Income": NaN,
        "Net Income From Continuing And Discontinued Operation": NaN,
        "Total Expenses": NaN,
        "Total Operating Income As Reported": NaN,
        "Diluted Average Shares": 37316546.0,
        "Basic Average Shares": 37316546.0,
        "Diluted EPS": NaN,
        "Basic EPS": NaN,
        "Diluted NI Availto Com Stockholders": NaN,
        "Net Income Common Stockholders": NaN,
        "Net Income": NaN,
        "Minority Interests": NaN,
        "Net Income Including Noncontrolling Interests": NaN,
        "Net Income Continuous Operations": NaN,
        "Tax Provision": NaN,
        "Pretax Income": NaN,
        "Other Income Expense": NaN,
        "Special Income Charges": NaN,
        "Gain On Sale Of Ppe": NaN,
        "Earnings From Equity Interest": 0.0,
        "Gain On Sale Of Security": NaN,
        "Net Non Operating Interest Income Expense": NaN,
        "Interest Expense Non Operating": NaN,
        "Interest Income Non Operating": NaN,
        "Operating Income": NaN,
        "Operating Expense": NaN,
        "Selling General And Administration": NaN,
        "Selling And Marketing Expense": NaN,
        "General And Administrative Expense": NaN,
        "Other Gand A": NaN,
        "Gross Profit": NaN,
        "Cost Of Revenue": NaN,
        "Total Revenue": NaN,
        "Operating Revenue": NaN
    },
    "2023-03-31": {
        "Tax Effect Of Unusual Items": -22848811.025084,
        "Tax Rate For Calcs": 0.375871,
        "Normalized EBITDA": 667053000.0,
        "Total Unusual Items": -60789000.0,
        "Total Unusual Items Excluding Goodwill": -60789000.0,
        "Net Income From Continuing Operation Net Minority Interest": 187996000.0,
        "Reconciled Depreciation": 93744000.0,
        "Reconciled Cost Of Revenue": 887984000.0,
        "EBITDA": 606264000.0,
        "EBIT": 512520000.0,
        "Net Interest Income": -198441000.0,
        "Interest Expense": 210935000.0,
        "Interest Income": 12494000.0,
        "Normalized Income": 225936188.974916,
        "Net Income From Continuing And Discontinued Operation": 187996000.0,
        "Total Expenses": 2703396000.0,
        "Total Operating Income As Reported": 560815000.0,
        "Diluted Average Shares": 37316546.0,
        "Basic Average Shares": 37316546.0,
        "Diluted EPS": 5.037872,
        "Basic EPS": 5.037872,
        "Diluted NI Availto Com Stockholders": 187996000.0,
        "Net Income Common Stockholders": 187996000.0,
        "Net Income": 187996000.0,
        "Minority Interests": -232000.0,
        "Net Income Including Noncontrolling Interests": 188228000.0,
        "Net Income Continuous Operations": 188228000.0,
        "Tax Provision": 113357000.0,
        "Pretax Income": 301585000.0,
        "Other Income Expense": -60789000.0,
        "Earnings From Equity Interest": 0.0,
        "Gain On Sale Of Security": -60789000.0,
        "Net Non Operating Interest Income Expense": -198441000.0,
        "Interest Expense Non Operating": 210935000.0,
        "Interest Income Non Operating": 12494000.0,
        "Operating Income": 560815000.0,
        "Operating Expense": 1815412000.0,
        "Selling General And Administration": 1815412000.0,
        "Selling And Marketing Expense": 990652000.0,
        "General And Administrative Expense": 824760000.0,
        "Other Gand A": 824760000.0,
        "Gross Profit": 2376227000.0,
        "Cost Of Revenue": 887984000.0,
        "Total Revenue": 3264211000.0,
        "Operating Revenue": 3264211000.0
    },
    "2022-12-31": {
        "Tax Effect Of Unusual Items": NaN,
        "Tax Rate For Calcs": NaN,
        "Normalized EBITDA": NaN,
        "Total Unusual Items": NaN,
        "Total Unusual Items Excluding Goodwill": NaN,
        "Net Income From Continuing Operation Net Minority Interest": NaN,
        "Reconciled Depreciation": NaN,
        "Reconciled Cost Of Revenue": NaN,
        "EBITDA": NaN,
        "EBIT": NaN,
        "Net Interest Income": NaN,
        "Interest Expense": NaN,
        "Interest Income": NaN,
        "Normalized Income": NaN,
        "Net Income From Continuing And Discontinued Operation": NaN,
        "Total Expenses": NaN,
        "Total Operating Income As Reported": NaN,
        "Diluted Average Shares": 37316546.0,
        "Basic Average Shares": 37316546.0,
        "Diluted EPS": NaN,
        "Basic EPS": NaN,
        "Diluted NI Availto Com Stockholders": NaN,
        "Net Income Common Stockholders": NaN,
        "Net Income": NaN,
        "Minority Interests": NaN,
        "Net Income Including Noncontrolling Interests": NaN,
        "Net Income Continuous Operations": NaN,
        "Tax Provision": NaN,
        "Pretax Income": NaN,
        "Other Income Expense": NaN,
        "Earnings From Equity Interest": NaN,
        "Gain On Sale Of Security": NaN,
        "Net Non Operating Interest Income Expense": NaN,
        "Interest Expense Non Operating": NaN,
        "Interest Income Non Operating": NaN,
        "Operating Income": NaN,
        "Operating Expense": NaN,
        "Selling General And Administration": NaN,
        "Selling And Marketing Expense": NaN,
        "General And Administrative Expense": NaN,
        "Other Gand A": NaN,
        "Gross Profit": NaN,
        "Cost Of Revenue": NaN,
        "Total Revenue": NaN,
        "Operating Revenue": NaN
    },
    "2022-09-30": {
        "Tax Effect Of Unusual Items": -5010000.0,
        "Tax Rate For Calcs": 0.4,
        "Normalized EBITDA": 510610000.0,
        "Total Unusual Items": -12525000.0,
        "Total Unusual Items Excluding Goodwill": -12525000.0,
        "Net Income From Continuing Operation Net Minority Interest": 6512000.0,
        "Reconciled Depreciation": 96434000.0,
        "Reconciled Cost Of Revenue": 999584000.0,
        "EBITDA": 498085000.0,
        "EBIT": 401651000.0,
        "Net Interest Income": -177803000.0,
        "Interest Expense": 184873000.0,
        "Interest Income": 7070000.0,
        "Normalized Income": 14027000.0,
        "Net Income From Continuing And Discontinued Operation": 6512000.0,
        "Total Expenses": 2750736000.0,
        "Total Operating Income As Reported": 407106000.0,
        "Diluted Average Shares": 37316546.0,
        "Basic Average Shares": 37316546.0,
        "Diluted EPS": 1.392224,
        "Basic EPS": 1.392224,
        "Diluted NI Availto Com Stockholders": 6512000.0,
        "Net Income Common Stockholders": 6512000.0,
        "Net Income": 6512000.0,
        "Minority Interests": 414000.0,
        "Net Income Including Noncontrolling Interests": 6098000.0,
        "Net Income Continuous Operations": 6098000.0,
        "Tax Provision": 210680000.0,
        "Pretax Income": 216778000.0,
        "Other Income Expense": -12525000.0,
        "Earnings From Equity Interest": 0.0,
        "Gain On Sale Of Security": -12525000.0,
        "Net Non Operating Interest Income Expense": -177803000.0,
        "Interest Expense Non Operating": 184873000.0,
        "Interest Income Non Operating": 7070000.0,
        "Operating Income": 407106000.0,
        "Operating Expense": 1751152000.0,
        "Selling General And Administration": 1751152000.0,
        "Selling And Marketing Expense": 1020442000.0,
        "General And Administrative Expense": 730710000.0,
        "Other Gand A": 730710000.0,
        "Gross Profit": 2158258000.0,
        "Cost Of Revenue": 999584000.0,
        "Total Revenue": 3157842000.0,
        "Operating Revenue": 3157842000.0
    },
    "2022-06-30": {
        "Tax Effect Of Unusual Items": -1211643.941622,
        "Tax Rate For Calcs": 0.339111,
        "Normalized EBITDA": 605636000.0,
        "Total Unusual Items": -3573000.0,
        "Total Unusual Items Excluding Goodwill": -3573000.0,
        "Net Income From Continuing Operation Net Minority Interest": 252001000.0,
        "Reconciled Depreciation": 90072000.0,
        "Reconciled Cost Of Revenue": 1003638000.0,
        "EBITDA": 602063000.0,
        "EBIT": 511991000.0,
        "Net Interest Income": -120862000.0,
        "Interest Expense": 131163000.0,
        "Interest Income": 10301000.0,
        "Normalized Income": 254362356.058378,
        "Net Income From Continuing And Discontinued Operation": 252001000.0,
        "Total Expenses": 2737665000.0,
        "Total Operating Income As Reported": 505263000.0,
        "Diluted Average Shares": 37316546.0,
        "Basic Average Shares": 37316546.0,
        "Diluted EPS": 7.755863,
        "Basic EPS": 7.755863,
        "Diluted NI Availto Com Stockholders": 252001000.0,
        "Net Income Common Stockholders": 252001000.0,
        "Net Income": 252001000.0,
        "Minority Interests": 316000.0,
        "Net Income Including Noncontrolling Interests": 251685000.0,
        "Net Income Continuous Operations": 251685000.0,
        "Tax Provision": 129143000.0,
        "Pretax Income": 380828000.0,
        "Other Income Expense": -3573000.0,
        "Earnings From Equity Interest": 0.0,
        "Gain On Sale Of Security": -3573000.0,
        "Net Non Operating Interest Income Expense": -120862000.0,
        "Interest Expense Non Operating": 131163000.0,
        "Interest Income Non Operating": 10301000.0,
        "Operating Income": 505263000.0,
        "Operating Expense": 1734027000.0,
        "Selling General And Administration": 1734027000.0,
        "Selling And Marketing Expense": 942823000.0,
        "General And Administrative Expense": 791204000.0,
        "Other Gand A": 791204000.0,
        "Gross Profit": 2239290000.0,
        "Cost Of Revenue": 1003638000.0,
        "Total Revenue": 3242928000.0,
        "Operating Revenue": 3242928000.0
    },
    "2022-03-31": {
        "Diluted EPS": 0.48,
        "Total Revenue": 91,
        "Gross Profit": 58,
        "Operating Income": 27,
        "EBIT": 28,
        "Net Income": 13
    },
    "2021-12-31": {
        "Diluted EPS": 1.75,
        "Total Revenue": 104,
        "Gross Profit": 56,
        "Operating Income": 16,
        "EBIT": 17,
        "Net Income": 9
    },
    "2021-09-30": {
        "Diluted EPS": 0.0,
        "Total Revenue": 118,
        "Gross Profit": 66,
        "Operating Income": 34,
        "EBIT": 35,
        "Net Income": 26
    },
    "2021-06-30": {
        "Diluted EPS": 0.63,
        "Total Revenue": 130,
        "Gross Profit": 74,
        "Operating Income": 36,
        "EBIT": 37,
        "Net Income": 23
    },
    "2021-03-31": {
        "Diluted EPS": 0.0,
        "Total Revenue": 143,
        "Gross Profit": 82,
        "Operating Income": 45,
        "EBIT": 45,
        "Net Income": 31
    },
    "2020-06-30": {
        "Diluted EPS": 0.33,
        "Total Revenue": 62,
        "Gross Profit": 32,
        "Operating Income": 16,
        "EBIT": 16,
        "Net Income": 12
    },
    "2019-12-31": {
        "Diluted EPS": 0.0,
        "Total Revenue": NaN,
        "Gross Profit": NaN,
        "Operating Income": NaN,
        "EBIT": NaN,
        "Net Income": NaN
    },
    "2023-09-30": {
        "Tax Effect Of Unusual Items": NaN,
        "Tax Rate For Calcs": NaN,
        "Normalized EBITDA": NaN,
        "Total Unusual Items": NaN,
        "Total Unusual Items Excluding Goodwill": NaN,
        "Net Income From Continuing Operation Net Minority Interest": NaN,
        "Reconciled Depreciation": NaN,
        "Reconciled Cost Of Revenue": NaN,
        "EBITDA": NaN,
        "EBIT": NaN,
        "Net Interest Income": NaN,
        "Interest Expense": NaN,
        "Interest Income": NaN,
        "Normalized Income": NaN,
        "Net Income From Continuing And Discontinued Operation": NaN,
        "Total Expenses": NaN,
        "Total Operating Income As Reported": NaN,
        "Diluted Average Shares": 37316546.0,
        "Basic Average Shares": 37316546.0,
        "Diluted EPS": NaN,
        "Basic EPS": NaN,
        "Diluted NI Availto Com Stockholders": NaN,
        "Net Income Common Stockholders": NaN,
        "Net Income": NaN,
        "Minority Interests": NaN,
        "Net Income Including Noncontrolling Interests": NaN,
        "Net Income Continuous Operations": NaN,
        "Tax Provision": NaN,
        "Pretax Income": NaN,
        "Other Income Expense": NaN,
        "Special Income Charges": 0.0,
        "Gain On Sale Of Ppe": 0.0,
        "Earnings From Equity Interest": 0.0,
        "Gain On Sale Of Security": NaN,
        "Net Non Operating Interest Income Expense": NaN,
        "Interest Expense Non Operating": NaN,
        "Interest Income Non Operating": NaN,
        "Operating Income": NaN,
        "Operating Expense": NaN,
        "Selling General And Administration": NaN,
        "Selling And Marketing Expense": NaN,
        "General And Administrative Expense": NaN,
        "Other Gand A": NaN,
        "Gross Profit": NaN,
        "Cost Of Revenue": NaN,
        "Total Revenue": NaN,
        "Operating Revenue": NaN
    },
    "2024-03-31": {
        "Tax Effect Of Unusual Items": NaN,
        "Tax Rate For Calcs": NaN,
        "Normalized EBITDA": NaN,
        "Total Unusual Items": NaN,
        "Total Unusual Items Excluding Goodwill": NaN,
        "Net Income From Continuing Operation Net Minority Interest": NaN,
        "Reconciled Depreciation": NaN,
        "Reconciled Cost Of Revenue": NaN,
        "EBITDA": NaN,
        "EBIT": NaN,
        "Net Interest Income": NaN,
        "Interest Expense": NaN,
        "Interest Income": NaN,
        "Normalized Income": NaN,
        "Net Income From Continuing And Discontinued Operation": NaN,
        "Total Expenses": NaN,
        "Total Operating Income As Reported": NaN,
        "Diluted Average Shares": NaN,
        "Basic Average Shares": NaN,
        "Diluted EPS": NaN,
        "Basic EPS": NaN,
        "Diluted NI Availto Com Stockholders": NaN,
        "Net Income Common Stockholders": NaN,
        "Net Income": NaN,
        "Minority Interests": NaN,
        "Net Income Including Noncontrolling Interests": NaN,
        "Net Income Continuous Operations": NaN,
        "Tax Provision": NaN,
        "Pretax Income": NaN,
        "Other Income Expense": NaN,
        "Special Income Charges": 0.0,
        "Gain On Sale Of Ppe": 0.0,
        "Earnings From Equity Interest": 0.0,
        "Gain On Sale Of Security": NaN,
        "Net Non Operating Interest Income Expense": NaN,
        "Interest Expense Non Operating": NaN,
        "Interest Income Non Operating": NaN,
        "Operating Income": NaN,
        "Operating Expense": NaN,
        "Selling General And Administration": NaN,
        "Selling And Marketing Expense": NaN,
        "General And Administrative Expense": NaN,
        "Other Gand A": NaN,
        "Gross Profit": NaN,
        "Cost Of Revenue": NaN,
        "Total Revenue": NaN,
        "Operating Revenue": NaN
    },
    "2023-12-31": {
        "Tax Effect Of Unusual Items": NaN,
        "Tax Rate For Calcs": NaN,
        "Normalized EBITDA": NaN,
        "Total Unusual Items": NaN,
        "Total Unusual Items Excluding Goodwill": NaN,
        "Net Income From Continuing Operation Net Minority Interest": NaN,
        "Reconciled Depreciation": NaN,
        "Reconciled Cost Of Revenue": NaN,
        "EBITDA": NaN,
        "EBIT": NaN,
        "Net Interest Income": NaN,
        "Interest Expense": NaN,
        "Interest Income": NaN,
        "Normalized Income": NaN,
        "Net Income From Continuing And Discontinued Operation": NaN,
        "Total Expenses": NaN,
        "Total Operating Income As Reported": NaN,
        "Diluted Average Shares": NaN,
        "Basic Average Shares": NaN,
        "Diluted EPS": NaN,
        "Basic EPS": NaN,
        "Diluted NI Availto Com Stockholders": NaN,
        "Net Income Common Stockholders": NaN,
        "Net Income": NaN,
        "Minority Interests": NaN,
        "Net Income Including Noncontrolling Interests": NaN,
        "Net Income Continuous Operations": NaN,
        "Tax Provision": NaN,
        "Pretax Income": NaN,
        "Other Income Expense": NaN,
        "Special Income Charges": NaN,
        "Gain On Sale Of Ppe": NaN,
        "Earnings From Equity Interest": 0.0,
        "Gain On Sale Of Security": NaN,
        "Net Non Operating Interest Income Expense": NaN,
        "Interest Expense Non Operating": NaN,
        "Interest Income Non Operating": NaN,
        "Operating Income": NaN,
        "Operating Expense": NaN,
        "Selling General And Administration": NaN,
        "Selling And Marketing Expense": NaN,
        "General And Administrative Expense": NaN,
        "Other Gand A": NaN,
        "Gross Profit": NaN,
        "Cost Of Revenue": NaN,
        "Total Revenue": NaN,
        "Operating Revenue": NaN
    },
    "2024-06-30": {
        "Tax Effect Of Unusual Items": NaN,
        "Tax Rate For Calcs": NaN,
        "Normalized EBITDA": NaN,
        "Total Unusual Items": NaN,
        "Total Unusual Items Excluding Goodwill": NaN,
        "Net Income From Continuing Operation Net Minority Interest": NaN,
        "Reconciled Depreciation": NaN,
        "Reconciled Cost Of Revenue": NaN,
        "EBITDA": NaN,
        "EBIT": NaN,
        "Net Interest Income": NaN,
        "Interest Expense": NaN,
        "Interest Income": NaN,
        "Normalized Income": NaN,
        "Net Income From Continuing And Discontinued Operation": NaN,
        "Total Expenses": NaN,
        "Total Operating Income As Reported": NaN,
        "Diluted Average Shares": NaN,
        "Basic Average Shares": NaN,
        "Diluted EPS": NaN,
        "Basic EPS": NaN,
        "Diluted NI Availto Com Stockholders": NaN,
        "Net Income Common Stockholders": NaN,
        "Net Income": NaN,
        "Minority Interests": NaN,
        "Net Income Including Noncontrolling Interests": NaN,
        "Net Income Continuous Operations": NaN,
        "Tax Provision": NaN,
        "Pretax Income": NaN,
        "Other Income Expense": NaN,
        "Special Income Charges": NaN,
        "Gain On Sale Of Ppe": NaN,
        "Earnings From Equity Interest": 0.0,
        "Gain On Sale Of Security": NaN,
        "Net Non Operating Interest Income Expense": NaN,
        "Interest Expense Non Operating": NaN,
        "Interest Income Non Operating": NaN,
        "Operating Income": NaN,
        "Operating Expense": NaN,
        "Selling General And Administration": NaN,
        "Selling And Marketing Expense": NaN,
        "General And Administrative Expense": NaN,
        "Other Gand A": NaN,
        "Gross Profit": NaN,
        "Cost Of Revenue": NaN,
        "Total Revenue": NaN,
        "Operating Revenue": NaN
    },
    "2024-09-30": {
        "Tax Effect Of Unusual Items": -113922000.0,
        "Tax Rate For Calcs": 0.3,
        "Normalized EBITDA": 502462000.0,
        "Total Unusual Items": -379740000.0,
        "Total Unusual Items Excluding Goodwill": -379740000.0,
        "Net Income From Continuing Operation Net Minority Interest": -112561000.0,
        "Reconciled Depreciation": 95402000.0,
        "Reconciled Cost Of Revenue": 1103468000.0,
        "EBITDA": 122722000.0,
        "EBIT": 119184000.0,
        "Net Interest Income": -156336000.0,
        "Interest Expense": 159087000.0,
        "Interest Income": 2751000.0,
        "Normalized Income": 153257000.0,
        "Net Income From Continuing And Discontinued Operation": -112561000.0,
        "Total Expenses": 2834221000.0,
        "Total Operating Income As Reported": 61143000.0,
        "Diluted Average Shares": 37271854.0,
        "Basic Average Shares": 37271854.0,
        "Diluted EPS": -3.02,
        "Basic EPS": -3.02,
        "Diluted NI Availto Com Stockholders": -112561000.0,
        "Net Income Common Stockholders": -112561000.0,
        "Net Income": -112561000.0,
        "Minority Interests": -24000.0,
        "Net Income Including Noncontrolling Interests": -112537000.0,
        "Net Income Continuous Operations": -112537000.0,
        "Tax Provision": 72634000.0,
        "Pretax Income": -39903000.0,
        "Other Income Expense": -379740000.0,
        "Special Income Charges": -435030000.0,
        "Gain On Sale Of Ppe": -435030000.0,
        "Earnings From Equity Interest": NaN,
        "Gain On Sale Of Security": 55290000.0,
        "Net Non Operating Interest Income Expense": -156336000.0,
        "Interest Expense Non Operating": 159087000.0,
        "Interest Income Non Operating": 2751000.0,
        "Operating Income": 496173000.0,
        "Operating Expense": 1730753000.0,
        "Selling General And Administration": 1730753000.0,
        "Selling And Marketing Expense": 1080988000.0,
        "General And Administrative Expense": 649765000.0,
        "Other Gand A": 649765000.0,
        "Gross Profit": 2226926000.0,
        "Cost Of Revenue": 1103468000.0,
        "Total Revenue": 3330394000.0,
        "Operating Revenue": 3330394000.0
    },
    "2025-03-31": {
        "Tax Effect Of Unusual Items": -7268700.0,
        "Tax Rate For Calcs": 0.3,
        "Normalized EBITDA": 551336000.0,
        "Total Unusual Items": -24229000.0,
        "Total Unusual Items Excluding Goodwill": -24229000.0,
        "Net Income From Continuing Operation Net Minority Interest": 151394000.0,
        "Reconciled Depreciation": 101360000.0,
        "Reconciled Cost Of Revenue": 1183324000.0,
        "EBITDA": 527107000.0,
        "EBIT": 425747000.0,
        "Net Interest Income": -129965000.0,
        "Interest Expense": 146036000.0,
        "Interest Income": 16071000.0,
        "Normalized Income": 168354300.0,
        "Net Income From Continuing And Discontinued Operation": 151394000.0,
        "Total Expenses": 3065246000.0,
        "Total Operating Income As Reported": 433905000.0,
        "Diluted Average Shares": 37316546.0,
        "Basic Average Shares": 37316546.0,
        "Diluted EPS": 4.057021,
        "Basic EPS": 4.057021,
        "Diluted NI Availto Com Stockholders": 151394000.0,
        "Net Income Common Stockholders": 151394000.0,
        "Net Income": 151394000.0,
        "Minority Interests": 666000.0,
        "Net Income Including Noncontrolling Interests": 150728000.0,
        "Net Income Continuous Operations": 150728000.0,
        "Tax Provision": 128983000.0,
        "Pretax Income": 279711000.0,
        "Other Income Expense": -24229000.0,
        "Special Income Charges": 0.0,
        "Gain On Sale Of Ppe": 0.0,
        "Earnings From Equity Interest": 0.0,
        "Gain On Sale Of Security": -24229000.0,
        "Net Non Operating Interest Income Expense": -129965000.0,
        "Interest Expense Non Operating": 146036000.0,
        "Interest Income Non Operating": 16071000.0,
        "Operating Income": 433905000.0,
        "Operating Expense": 1881922000.0,
        "Selling General And Administration": 1881922000.0,
        "Selling And Marketing Expense": 1190097000.0,
        "General And Administrative Expense": 691825000.0,
        "Other Gand A": 691825000.0,
        "Gross Profit": 2315827000.0,
        "Cost Of Revenue": 1183324000.0,
        "Total Revenue": 3499151000.0,
        "Operating Revenue": 3499151000.0
    },
    "2024-12-31": {
        "Tax Effect Of Unusual Items": 82846844.585583,
        "Tax Rate For Calcs": 0.262706,
        "Normalized EBITDA": 243707000.0,
        "Total Unusual Items": 315360000.0,
        "Total Unusual Items Excluding Goodwill": 315360000.0,
        "Net Income From Continuing Operation Net Minority Interest": 232428000.0,
        "Reconciled Depreciation": 101072000.0,
        "Reconciled Cost Of Revenue": 1668615000.0,
        "EBITDA": 559067000.0,
        "EBIT": 457995000.0,
        "Net Interest Income": -141262000.0,
        "Interest Expense": 143095000.0,
        "Interest Income": 1833000.0,
        "Normalized Income": -85155.414417,
        "Net Income From Continuing And Discontinued Operation": 232428000.0,
        "Total Expenses": 3637666000.0,
        "Total Operating Income As Reported": 409251000.0,
        "Diluted Average Shares": 37316546.0,
        "Basic Average Shares": 37316546.0,
        "Diluted EPS": 6.03767,
        "Basic EPS": 6.03767,
        "Diluted NI Availto Com Stockholders": 232428000.0,
        "Net Income Common Stockholders": 232428000.0,
        "Net Income": 232428000.0,
        "Minority Interests": 254000.0,
        "Net Income Including Noncontrolling Interests": 232174000.0,
        "Net Income Continuous Operations": 232174000.0,
        "Tax Provision": 82726000.0,
        "Pretax Income": 314900000.0,
        "Other Income Expense": 315360000.0,
        "Special Income Charges": 268449000.0,
        "Gain On Sale Of Ppe": -94692000.0,
        "Earnings From Equity Interest": NaN,
        "Gain On Sale Of Security": 46911000.0,
        "Net Non Operating Interest Income Expense": -141262000.0,
        "Interest Expense Non Operating": 143095000.0,
        "Interest Income Non Operating": 1833000.0,
        "Operating Income": 140802000.0,
        "Operating Expense": 1969051000.0,
        "Selling General And Administration": 1087625000.0,
        "Selling And Marketing Expense": 1433941000.0,
        "General And Administrative Expense": -346316000.0,
        "Other Gand A": -346316000.0,
        "Gross Profit": 2109853000.0,
        "Cost Of Revenue": 1668615000.0,
        "Total Revenue": 3778468000.0,
        "Operating Revenue": 3778468000.0
    },
    "2025-06-30": {
        "Tax Effect Of Unusual Items": -3074951.945154,
        "Tax Rate For Calcs": 0.246193,
        "Normalized EBITDA": 788079000.0,
        "Total Unusual Items": -12490000.0,
        "Total Unusual Items Excluding Goodwill": -12490000.0,
        "Net Income From Continuing Operation Net Minority Interest": 327306000.0,
        "Reconciled Depreciation": 197954000.0,
        "Reconciled Cost Of Revenue": 1170756000.0,
        "EBITDA": 775589000.0,
        "EBIT": 577635000.0,
        "Net Interest Income": -136369000.0,
        "Interest Expense": 144276000.0,
        "Interest Income": 7907000.0,
        "Normalized Income": 336721048.054846,
        "Net Income From Continuing And Discontinued Operation": 327306000.0,
        "Total Expenses": 2980425000.0,
        "Total Operating Income As Reported": 582218000.0,
        "Diluted Average Shares": 37316546.0,
        "Basic Average Shares": 37316546.0,
        "Diluted EPS": 8.771069,
        "Basic EPS": 8.771069,
        "Diluted NI Availto Com Stockholders": 327306000.0,
        "Net Income Common Stockholders": 327306000.0,
        "Net Income": 327306000.0,
        "Minority Interests": 637000.0,
        "Net Income Including Noncontrolling Interests": 326669000.0,
        "Net Income Continuous Operations": 326669000.0,
        "Tax Provision": 106690000.0,
        "Pretax Income": 433359000.0,
        "Other Income Expense": -12490000.0,
        "Special Income Charges": NaN,
        "Gain On Sale Of Ppe": NaN,
        "Earnings From Equity Interest": NaN,
        "Gain On Sale Of Security": -12490000.0,
        "Net Non Operating Interest Income Expense": -136369000.0,
        "Interest Expense Non Operating": 144276000.0,
        "Interest Income Non Operating": 7907000.0,
        "Operating Income": 582218000.0,
        "Operating Expense": 1809669000.0,
        "Selling General And Administration": 1809669000.0,
        "Selling And Marketing Expense": 1179656000.0,
        "General And Administrative Expense": 630013000.0,
        "Other Gand A": 630013000.0,
        "Gross Profit": 2391887000.0,
        "Cost Of Revenue": 1170756000.0,
        "Total Revenue": 3562643000.0,
        "Operating Revenue": 3562643000.0
    },
    "2025-09-30": {
        "Tax Effect Of Unusual Items": 389094.8214,
        "Tax Rate For Calcs": 0.374851,
        "Normalized EBITDA": 727622000.0,
        "Total Unusual Items": 1038000.0,
        "Total Unusual Items Excluding Goodwill": 1038000.0,
        "Net Income From Continuing Operation Net Minority Interest": 314205000.0,
        "Reconciled Depreciation": 95073000.0,
        "Reconciled Cost Of Revenue": 1064701000.0,
        "EBITDA": 728660000.0,
        "EBIT": 633587000.0,
        "Net Interest Income": -126434000.0,
        "Interest Expense": 131907000.0,
        "Interest Income": 5473000.0,
        "Normalized Income": 313556094.8214,
        "Net Income From Continuing And Discontinued Operation": 314205000.0,
        "Total Expenses": 2750223000.0,
        "Total Operating Income As Reported": 627076000.0,
        "Diluted Average Shares": 37316508.0,
        "Basic Average Shares": 37316508.0,
        "Diluted EPS": 8.42,
        "Basic EPS": 8.42,
        "Diluted NI Availto Com Stockholders": 314205000.0,
        "Net Income Common Stockholders": 314205000.0,
        "Net Income": 314205000.0,
        "Minority Interests": 580000.0,
        "Net Income Including Noncontrolling Interests": 313625000.0,
        "Net Income Continuous Operations": 313625000.0,
        "Tax Provision": 188055000.0,
        "Pretax Income": 501680000.0,
        "Other Income Expense": 1038000.0,
        "Special Income Charges": 0.0,
        "Gain On Sale Of Ppe": 0.0,
        "Earnings From Equity Interest": NaN,
        "Gain On Sale Of Security": 1038000.0,
        "Net Non Operating Interest Income Expense": -126434000.0,
        "Interest Expense Non Operating": 131907000.0,
        "Interest Income Non Operating": 5473000.0,
        "Operating Income": 627076000.0,
        "Operating Expense": 1685522000.0,
        "Selling General And Administration": 1685522000.0,
        "Selling And Marketing Expense": 1120975000.0,
        "General And Administrative Expense": 564547000.0,
        "Other Gand A": 564547000.0,
        "Gross Profit": 2312598000.0,
        "Cost Of Revenue": 1064701000.0,
        "Total Revenue": 3377299000.0,
        "Operating Revenue": 3377299000.0
    }
}