{
    "2023-03-31": {
        "Tax Effect Of Unusual Items": NaN,
        "Tax Rate For Calcs": NaN,
        "Normalized EBITDA": NaN,
        "Total Unusual Items": 984000.0,
        "Total Unusual Items Excluding Goodwill": 984000.0,
        "Net Income From Continuing Operation Net Minority Interest": NaN,
        "Reconciled Depreciation": NaN,
        "Reconciled Cost Of Revenue": NaN,
        "EBITDA": NaN,
        "EBIT": NaN,
        "Net Interest Income": NaN,
        "Interest Expense": NaN,
        "Interest Income": NaN,
        "Normalized Income": NaN,
        "Net Income From Continuing And Discontinued Operation": NaN,
        "Total Expenses": NaN,
        "Total Operating Income As Reported": NaN,
        "Diluted Average Shares": NaN,
        "Basic Average Shares": NaN,
        "Diluted EPS": NaN,
        "Basic EPS": NaN,
        "Diluted NI Availto Com Stockholders": NaN,
        "Net Income Common Stockholders": NaN,
        "Net Income": NaN,
        "Net Income Including Noncontrolling Interests": NaN,
        "Net Income Continuous Operations": NaN,
        "Tax Provision": NaN,
        "Pretax Income": NaN,
        "Other Income Expense": -594000.0,
        "Other Non Operating Income Expenses": -594000.0,
        "Special Income Charges": NaN,
        "Gain On Sale Of Ppe": NaN,
        "Other Special Charges": NaN,
        "Gain On Sale Of Security": 984000.0,
        "Net Non Operating Interest Income Expense": NaN,
        "Interest Expense Non Operating": NaN,
        "Interest Income Non Operating": NaN,
        "Operating Income": NaN,
        "Operating Expense": NaN,
        "Other Operating Expenses": NaN,
        "Depreciation Amortization Depletion Income Statement": NaN,
        "Depreciation And Amortization In Income Statement": NaN,
        "Selling General And Administration": NaN,
        "Gross Profit": NaN,
        "Cost Of Revenue": NaN,
        "Total Revenue": NaN,
        "Operating Revenue": NaN
    },
    "2022-12-31": {
        "Tax Effect Of Unusual Items": NaN,
        "Tax Rate For Calcs": NaN,
        "Normalized EBITDA": NaN,
        "Total Unusual Items": 0.0,
        "Total Unusual Items Excluding Goodwill": 0.0,
        "Net Income From Continuing Operation Net Minority Interest": NaN,
        "Reconciled Depreciation": NaN,
        "Reconciled Cost Of Revenue": NaN,
        "EBITDA": NaN,
        "EBIT": NaN,
        "Net Interest Income": NaN,
        "Interest Expense": NaN,
        "Interest Income": NaN,
        "Normalized Income": NaN,
        "Net Income From Continuing And Discontinued Operation": NaN,
        "Total Expenses": NaN,
        "Total Operating Income As Reported": NaN,
        "Diluted Average Shares": NaN,
        "Basic Average Shares": NaN,
        "Diluted EPS": NaN,
        "Basic EPS": NaN,
        "Diluted NI Availto Com Stockholders": NaN,
        "Net Income Common Stockholders": NaN,
        "Net Income": NaN,
        "Net Income Including Noncontrolling Interests": NaN,
        "Net Income Continuous Operations": NaN,
        "Tax Provision": NaN,
        "Pretax Income": NaN,
        "Other Income Expense": -1138000.0,
        "Other Non Operating Income Expenses": -1138000.0,
        "Special Income Charges": 0.0,
        "Gain On Sale Of Ppe": 0.0,
        "Gain On Sale Of Security": 983000.0,
        "Net Non Operating Interest Income Expense": NaN,
        "Interest Expense Non Operating": NaN,
        "Interest Income Non Operating": NaN,
        "Operating Income": NaN,
        "Operating Expense": NaN,
        "Other Operating Expenses": NaN,
        "Depreciation Amortization Depletion Income Statement": NaN,
        "Depreciation And Amortization In Income Statement": NaN,
        "Selling General And Administration": NaN,
        "Gross Profit": NaN,
        "Cost Of Revenue": NaN,
        "Total Revenue": NaN,
        "Operating Revenue": NaN
    },
    "2022-09-30": {
        "Tax Effect Of Unusual Items": NaN,
        "Tax Rate For Calcs": NaN,
        "Normalized EBITDA": NaN,
        "Total Unusual Items": NaN,
        "Total Unusual Items Excluding Goodwill": NaN,
        "Net Income From Continuing Operation Net Minority Interest": NaN,
        "Reconciled Depreciation": NaN,
        "Reconciled Cost Of Revenue": NaN,
        "EBITDA": NaN,
        "EBIT": NaN,
        "Net Interest Income": NaN,
        "Interest Expense": NaN,
        "Normalized Income": NaN,
        "Net Income From Continuing And Discontinued Operation": NaN,
        "Total Expenses": NaN,
        "Total Operating Income As Reported": NaN,
        "Diluted Average Shares": NaN,
        "Basic Average Shares": NaN,
        "Diluted EPS": NaN,
        "Basic EPS": NaN,
        "Diluted NI Availto Com Stockholders": NaN,
        "Net Income Common Stockholders": NaN,
        "Net Income": NaN,
        "Net Income Including Noncontrolling Interests": NaN,
        "Net Income Continuous Operations": NaN,
        "Tax Provision": NaN,
        "Pretax Income": NaN,
        "Other Income Expense": NaN,
        "Other Non Operating Income Expenses": NaN,
        "Special Income Charges": 0.0,
        "Gain On Sale Of Ppe": 0.0,
        "Gain On Sale Of Security": 983000.0,
        "Net Non Operating Interest Income Expense": NaN,
        "Interest Expense Non Operating": NaN,
        "Operating Income": NaN,
        "Operating Expense": NaN,
        "Other Operating Expenses": NaN,
        "Depreciation Amortization Depletion Income Statement": NaN,
        "Depreciation And Amortization In Income Statement": NaN,
        "Selling General And Administration": NaN,
        "Gross Profit": NaN,
        "Cost Of Revenue": NaN,
        "Total Revenue": NaN,
        "Operating Revenue": NaN
    },
    "2022-06-30": {
        "Tax Effect Of Unusual Items": 260568.0,
        "Tax Rate For Calcs": 0.231,
        "Normalized EBITDA": 109305000.0,
        "Total Unusual Items": 1128000.0,
        "Total Unusual Items Excluding Goodwill": 1128000.0,
        "Net Income From Continuing Operation Net Minority Interest": 71272000.0,
        "Reconciled Depreciation": 6518000.0,
        "Reconciled Cost Of Revenue": 1037971000.0,
        "EBITDA": 110433000.0,
        "EBIT": 103915000.0,
        "Net Interest Income": -11255000.0,
        "Interest Expense": 11255000.0,
        "Normalized Income": 70404568.0,
        "Net Income From Continuing And Discontinued Operation": 71272000.0,
        "Total Expenses": 1136453000.0,
        "Total Operating Income As Reported": 104054000.0,
        "Diluted Average Shares": 9520000.0,
        "Basic Average Shares": 9324000.0,
        "Diluted EPS": 7.48,
        "Basic EPS": 7.64,
        "Diluted NI Availto Com Stockholders": 71272000.0,
        "Net Income Common Stockholders": 71272000.0,
        "Net Income": 71272000.0,
        "Net Income Including Noncontrolling Interests": 71272000.0,
        "Net Income Continuous Operations": 71272000.0,
        "Tax Provision": 21388000.0,
        "Pretax Income": 92660000.0,
        "Other Income Expense": 989000.0,
        "Other Non Operating Income Expenses": -139000.0,
        "Special Income Charges": 144000.0,
        "Gain On Sale Of Ppe": 144000.0,
        "Gain On Sale Of Security": 984000.0,
        "Net Non Operating Interest Income Expense": -11255000.0,
        "Interest Expense Non Operating": 11255000.0,
        "Operating Income": 102926000.0,
        "Operating Expense": 98482000.0,
        "Other Operating Expenses": 626000.0,
        "Depreciation Amortization Depletion Income Statement": 6518000.0,
        "Depreciation And Amortization In Income Statement": 6518000.0,
        "Selling General And Administration": 91338000.0,
        "Gross Profit": 201408000.0,
        "Cost Of Revenue": 1037971000.0,
        "Total Revenue": 1239379000.0,
        "Operating Revenue": 1239379000.0
    },
    "2023-06-30": {
        "Tax Effect Of Unusual Items": NaN,
        "Tax Rate For Calcs": NaN,
        "Normalized EBITDA": NaN,
        "Total Unusual Items": 0.0,
        "Total Unusual Items Excluding Goodwill": 0.0,
        "Net Income From Continuing Operation Net Minority Interest": NaN,
        "Reconciled Depreciation": NaN,
        "Reconciled Cost Of Revenue": NaN,
        "EBITDA": NaN,
        "EBIT": NaN,
        "Net Interest Income": NaN,
        "Interest Expense": NaN,
        "Interest Income": 4976000.0,
        "Normalized Income": NaN,
        "Net Income From Continuing And Discontinued Operation": NaN,
        "Total Expenses": NaN,
        "Total Operating Income As Reported": NaN,
        "Diluted Average Shares": 9057000.0,
        "Basic Average Shares": 9040000.0,
        "Diluted EPS": 2.7,
        "Basic EPS": 2.7,
        "Diluted NI Availto Com Stockholders": NaN,
        "Net Income Common Stockholders": NaN,
        "Net Income": NaN,
        "Net Income Including Noncontrolling Interests": NaN,
        "Net Income Continuous Operations": NaN,
        "Tax Provision": NaN,
        "Pretax Income": NaN,
        "Other Income Expense": -594000.0,
        "Other Non Operating Income Expenses": -594000.0,
        "Special Income Charges": 0.0,
        "Gain On Sale Of Ppe": 0.0,
        "Other Special Charges": NaN,
        "Gain On Sale Of Security": 984000.0,
        "Net Non Operating Interest Income Expense": NaN,
        "Interest Expense Non Operating": NaN,
        "Interest Income Non Operating": 4976000.0,
        "Operating Income": NaN,
        "Operating Expense": NaN,
        "Other Operating Expenses": NaN,
        "Depreciation Amortization Depletion Income Statement": NaN,
        "Depreciation And Amortization In Income Statement": NaN,
        "Selling General And Administration": NaN,
        "Gross Profit": NaN,
        "Cost Of Revenue": NaN,
        "Total Revenue": NaN,
        "Operating Revenue": NaN
    },
    "2022-03-31": {
        "Diluted EPS": 13.19,
        "Total Revenue": NaN,
        "Gross Profit": 291,
        "Operating Income": 193,
        "EBIT": 199,
        "Net Income": 133
    },
    "2021-12-31": {
        "Diluted EPS": 7.36,
        "Total Revenue": 973,
        "Gross Profit": 194,
        "Operating Income": 110,
        "EBIT": 116,
        "Net Income": 74
    },
    "2021-09-30": {
        "Diluted EPS": 4.74,
        "Total Revenue": 971,
        "Gross Profit": 153,
        "Operating Income": 71,
        "EBIT": 77,
        "Net Income": 47
    },
    "2021-06-30": {
        "Diluted EPS": 11.61,
        "Total Revenue": NaN,
        "Gross Profit": 251,
        "Operating Income": 157,
        "EBIT": 164,
        "Net Income": 113
    },
    "2021-03-31": {
        "Diluted EPS": 6.28,
        "Total Revenue": NaN,
        "Gross Profit": 180,
        "Operating Income": 100,
        "EBIT": 107,
        "Net Income": 62
    },
    "2020-12-31": {
        "Diluted EPS": 2.2,
        "Total Revenue": 865,
        "Gross Profit": 124,
        "Operating Income": 30,
        "EBIT": 37,
        "Net Income": 20
    },
    "2020-09-30": {
        "Diluted EPS": 5.72,
        "Total Revenue": 871,
        "Gross Profit": 159,
        "Operating Income": 81,
        "EBIT": 87,
        "Net Income": 55
    },
    "2020-06-30": {
        "Diluted EPS": 0.71,
        "Total Revenue": 699,
        "Gross Profit": 101,
        "Operating Income": 22,
        "EBIT": 31,
        "Net Income": 7
    },
    "2020-03-31": {
        "Diluted EPS": -0.08,
        "Total Revenue": 662,
        "Gross Profit": 93,
        "Operating Income": 8,
        "EBIT": 16,
        "Net Income": -1
    },
    "2019-12-31": {
        "Diluted EPS": -1.09,
        "Total Revenue": 613,
        "Gross Profit": 83,
        "Operating Income": 2,
        "EBIT": 10,
        "Net Income": -10
    },
    "2019-09-30": {
        "Diluted EPS": -0.75,
        "Total Revenue": 679,
        "Gross Profit": 94,
        "Operating Income": 6,
        "EBIT": 14,
        "Net Income": -7
    },
    "2019-06-30": {
        "Diluted EPS": 0.67,
        "Total Revenue": 706,
        "Gross Profit": 94,
        "Operating Income": 22,
        "EBIT": 30,
        "Net Income": 6
    },
    "2019-03-31": {
        "Diluted EPS": -0.72,
        "Total Revenue": 639,
        "Gross Profit": 86,
        "Operating Income": 4,
        "EBIT": 11,
        "Net Income": -7
    },
    "2018-12-31": {
        "Diluted EPS": -1.74,
        "Total Revenue": 673,
        "Gross Profit": 81,
        "Operating Income": -7,
        "EBIT": -7,
        "Net Income": -16
    },
    "2018-09-30": {
        "Diluted EPS": -1.07,
        "Total Revenue": 860,
        "Gross Profit": 92,
        "Operating Income": -4,
        "EBIT": -4,
        "Net Income": -10
    },
    "2018-06-30": {
        "Diluted EPS": -0.93,
        "Total Revenue": 893,
        "Gross Profit": 104,
        "Operating Income": 4,
        "EBIT": 4,
        "Net Income": -9
    },
    "2018-03-31": {
        "Diluted EPS": -1.47,
        "Total Revenue": 437,
        "Gross Profit": 55,
        "Operating Income": -7,
        "EBIT": -7,
        "Net Income": -13
    },
    "2017-12-31": {
        "Diluted EPS": 5.78,
        "Total Revenue": 434,
        "Gross Profit": 56,
        "Operating Income": 4,
        "EBIT": 4,
        "Net Income": 53
    },
    "2017-09-30": {
        "Diluted EPS": 0.62,
        "Total Revenue": 479,
        "Gross Profit": 61,
        "Operating Income": 11,
        "EBIT": 11,
        "Net Income": 6
    },
    "2017-06-30": {
        "Diluted EPS": 0.35,
        "Total Revenue": 474,
        "Gross Profit": 61,
        "Operating Income": 9,
        "EBIT": 9,
        "Net Income": 3
    },
    "2017-03-31": {
        "Diluted EPS": 0.06,
        "Total Revenue": 429,
        "Gross Profit": 54,
        "Operating Income": 6,
        "EBIT": 6,
        "Net Income": 1
    },
    "2016-12-31": {
        "Diluted EPS": 1.13,
        "Total Revenue": 422,
        "Gross Profit": 52,
        "Operating Income": 16,
        "EBIT": 16,
        "Net Income": 10
    },
    "2016-09-30": {
        "Diluted EPS": 1.68,
        "Total Revenue": 476,
        "Gross Profit": 60,
        "Operating Income": 23,
        "EBIT": 23,
        "Net Income": 15
    },
    "2016-06-30": {
        "Diluted EPS": -0.35,
        "Total Revenue": 509,
        "Gross Profit": 57,
        "Operating Income": 3,
        "EBIT": 3,
        "Net Income": -3
    },
    "2016-03-31": {
        "Diluted EPS": -0.69,
        "Total Revenue": 474,
        "Gross Profit": 58,
        "Operating Income": 0,
        "EBIT": 0,
        "Net Income": -6
    },
    "2015-12-31": {
        "Diluted EPS": -0.71,
        "Total Revenue": 428,
        "Gross Profit": 51,
        "Operating Income": 3,
        "EBIT": 3,
        "Net Income": -6
    },
    "2015-09-30": {
        "Diluted EPS": 0.06,
        "Total Revenue": 518,
        "Gross Profit": 61,
        "Operating Income": 8,
        "EBIT": 8,
        "Net Income": 1
    },
    "2015-06-30": {
        "Diluted EPS": 0.33,
        "Total Revenue": 516,
        "Gross Profit": 60,
        "Operating Income": 7,
        "EBIT": 7,
        "Net Income": 3
    },
    "2015-03-31": {
        "Diluted EPS": -1.0,
        "Total Revenue": 455,
        "Gross Profit": 50,
        "Operating Income": -2,
        "EBIT": -2,
        "Net Income": -9
    },
    "2014-12-31": {
        "Diluted EPS": -0.91,
        "Total Revenue": 454,
        "Gross Profit": 50,
        "Operating Income": -1,
        "EBIT": 2,
        "Net Income": -8
    },
    "2014-09-30": {
        "Diluted EPS": -0.1,
        "Total Revenue": 550,
        "Gross Profit": 65,
        "Operating Income": 6,
        "EBIT": 9,
        "Net Income": -1
    },
    "2014-06-30": {
        "Diluted EPS": 0.4,
        "Total Revenue": 531,
        "Gross Profit": 62,
        "Operating Income": 10,
        "EBIT": 13,
        "Net Income": 3
    },
    "2014-03-31": {
        "Diluted EPS": -1.0,
        "Total Revenue": 444,
        "Gross Profit": 53,
        "Operating Income": -2,
        "EBIT": 1,
        "Net Income": -9
    },
    "2013-12-31": {
        "Diluted EPS": -0.1,
        "Total Revenue": 486,
        "Gross Profit": 54,
        "Operating Income": -4,
        "EBIT": 0,
        "Net Income": -2
    },
    "2013-09-30": {
        "Diluted EPS": -0.4,
        "Total Revenue": 558,
        "Gross Profit": 62,
        "Operating Income": 3,
        "EBIT": 6,
        "Net Income": -3
    },
    "2013-06-30": {
        "Diluted EPS": -2.7,
        "Total Revenue": 605,
        "Gross Profit": 55,
        "Operating Income": -16,
        "EBIT": -13,
        "Net Income": -22
    },
    "2013-03-31": {
        "Diluted EPS": -1.9,
        "Total Revenue": 503,
        "Gross Profit": 56,
        "Operating Income": -5,
        "EBIT": -2,
        "Net Income": -13
    },
    "2012-12-31": {
        "Diluted EPS": -1.6,
        "Total Revenue": 440,
        "Gross Profit": 52,
        "Operating Income": -5,
        "EBIT": -2,
        "Net Income": -11
    },
    "2012-09-30": {
        "Diluted EPS": 0.4,
        "Total Revenue": 497,
        "Gross Profit": 61,
        "Operating Income": 10,
        "EBIT": 13,
        "Net Income": 3
    },
    "2012-06-30": {
        "Diluted EPS": -0.6,
        "Total Revenue": 517,
        "Gross Profit": 63,
        "Operating Income": 4,
        "EBIT": 7,
        "Net Income": -4
    },
    "2012-03-31": {
        "Diluted EPS": -1.7,
        "Total Revenue": 454,
        "Gross Profit": 54,
        "Operating Income": -4,
        "EBIT": -1,
        "Net Income": -11
    },
    "2011-12-31": {
        "Diluted EPS": 0.1,
        "Total Revenue": 391,
        "Gross Profit": 48,
        "Operating Income": -3,
        "EBIT": 1,
        "Net Income": -10
    },
    "2011-09-30": {
        "Diluted EPS": -1.2,
        "Total Revenue": 473,
        "Gross Profit": 58,
        "Operating Income": 1,
        "EBIT": 5,
        "Net Income": -6
    },
    "2011-06-30": {
        "Diluted EPS": -3.1,
        "Total Revenue": 501,
        "Gross Profit": 58,
        "Operating Income": -2,
        "EBIT": 2,
        "Net Income": -10
    },
    "2011-03-31": {
        "Diluted EPS": -4.0,
        "Total Revenue": 391,
        "Gross Profit": 46,
        "Operating Income": -5,
        "EBIT": -2,
        "Net Income": -12
    },
    "2010-12-31": {
        "Diluted EPS": -6.6,
        "Total Revenue": 368,
        "Gross Profit": 44,
        "Operating Income": -12,
        "EBIT": -8,
        "Net Income": -20
    },
    "2010-09-30": {
        "Diluted EPS": -4.8,
        "Total Revenue": 465,
        "Gross Profit": 50,
        "Operating Income": -7,
        "EBIT": -4,
        "Net Income": -15
    },
    "2010-06-30": {
        "Diluted EPS": -1.1,
        "Total Revenue": 541,
        "Gross Profit": 64,
        "Operating Income": 4,
        "EBIT": 7,
        "Net Income": -3
    },
    "2010-03-31": {
        "Diluted EPS": -4.8,
        "Total Revenue": 431,
        "Gross Profit": 52,
        "Operating Income": -8,
        "EBIT": -4,
        "Net Income": -15
    },
    "2009-12-31": {
        "Diluted EPS": 3.9,
        "Total Revenue": 366,
        "Gross Profit": 45,
        "Operating Income": -5,
        "EBIT": 0,
        "Net Income": 12
    },
    "2009-09-30": {
        "Diluted EPS": -4.4,
        "Total Revenue": 449,
        "Gross Profit": 55,
        "Operating Income": -4,
        "EBIT": 1,
        "Net Income": -13
    },
    "2009-06-30": {
        "Diluted EPS": 0.2,
        "Total Revenue": 424,
        "Gross Profit": 48,
        "Operating Income": 11,
        "EBIT": 15,
        "Net Income": 1
    },
    "2009-03-31": {
        "Diluted EPS": -19.5,
        "Total Revenue": 407,
        "Gross Profit": 44,
        "Operating Income": -18,
        "EBIT": -13,
        "Net Income": -61
    },
    "2023-09-30": {
        "Tax Effect Of Unusual Items": NaN,
        "Tax Rate For Calcs": NaN,
        "Normalized EBITDA": NaN,
        "Total Unusual Items": 0.0,
        "Total Unusual Items Excluding Goodwill": 0.0,
        "Net Income From Continuing Operation Net Minority Interest": NaN,
        "Reconciled Depreciation": NaN,
        "Reconciled Cost Of Revenue": NaN,
        "EBITDA": NaN,
        "EBIT": NaN,
        "Net Interest Income": NaN,
        "Interest Expense": NaN,
        "Interest Income": 5817000.0,
        "Normalized Income": NaN,
        "Net Income From Continuing And Discontinued Operation": NaN,
        "Total Expenses": NaN,
        "Total Operating Income As Reported": NaN,
        "Diluted Average Shares": 8970194.0,
        "Basic Average Shares": 8935851.0,
        "Diluted EPS": 2.71,
        "Basic EPS": 2.72,
        "Diluted NI Availto Com Stockholders": NaN,
        "Net Income Common Stockholders": NaN,
        "Net Income": NaN,
        "Net Income Including Noncontrolling Interests": NaN,
        "Net Income Continuous Operations": NaN,
        "Tax Provision": NaN,
        "Pretax Income": NaN,
        "Other Income Expense": -594000.0,
        "Other Non Operating Income Expenses": -594000.0,
        "Special Income Charges": 0.0,
        "Gain On Sale Of Ppe": 0.0,
        "Other Special Charges": NaN,
        "Gain On Sale Of Security": 984000.0,
        "Net Non Operating Interest Income Expense": NaN,
        "Interest Expense Non Operating": NaN,
        "Interest Income Non Operating": 5817000.0,
        "Operating Income": NaN,
        "Operating Expense": NaN,
        "Other Operating Expenses": NaN,
        "Depreciation Amortization Depletion Income Statement": NaN,
        "Depreciation And Amortization In Income Statement": NaN,
        "Selling General And Administration": NaN,
        "Gross Profit": NaN,
        "Cost Of Revenue": NaN,
        "Total Revenue": NaN,
        "Operating Revenue": NaN
    },
    "2023-12-31": {
        "Tax Effect Of Unusual Items": NaN,
        "Tax Rate For Calcs": NaN,
        "Normalized EBITDA": NaN,
        "Total Unusual Items": -30440000.0,
        "Total Unusual Items Excluding Goodwill": -30440000.0,
        "Net Income From Continuing Operation Net Minority Interest": NaN,
        "Reconciled Depreciation": NaN,
        "Reconciled Cost Of Revenue": NaN,
        "EBITDA": NaN,
        "EBIT": NaN,
        "Net Interest Income": NaN,
        "Interest Expense": NaN,
        "Interest Income": NaN,
        "Normalized Income": NaN,
        "Net Income From Continuing And Discontinued Operation": NaN,
        "Total Expenses": NaN,
        "Total Operating Income As Reported": NaN,
        "Diluted Average Shares": NaN,
        "Basic Average Shares": NaN,
        "Diluted EPS": NaN,
        "Basic EPS": NaN,
        "Diluted NI Availto Com Stockholders": NaN,
        "Net Income Common Stockholders": NaN,
        "Net Income": NaN,
        "Net Income Including Noncontrolling Interests": NaN,
        "Net Income Continuous Operations": NaN,
        "Tax Provision": NaN,
        "Pretax Income": NaN,
        "Other Income Expense": -31035000.0,
        "Other Non Operating Income Expenses": -595000.0,
        "Special Income Charges": -30440000.0,
        "Gain On Sale Of Ppe": 0.0,
        "Other Special Charges": NaN,
        "Net Non Operating Interest Income Expense": NaN,
        "Interest Expense Non Operating": NaN,
        "Interest Income Non Operating": NaN,
        "Operating Income": NaN,
        "Operating Expense": NaN,
        "Other Operating Expenses": NaN,
        "Depreciation Amortization Depletion Income Statement": NaN,
        "Depreciation And Amortization In Income Statement": NaN,
        "Selling General And Administration": NaN,
        "Gross Profit": NaN,
        "Cost Of Revenue": NaN,
        "Total Revenue": NaN,
        "Operating Revenue": NaN
    },
    "2024-03-31": {
        "Tax Effect Of Unusual Items": NaN,
        "Tax Rate For Calcs": NaN,
        "Normalized EBITDA": NaN,
        "Total Unusual Items": NaN,
        "Total Unusual Items Excluding Goodwill": NaN,
        "Net Income From Continuing Operation Net Minority Interest": NaN,
        "Reconciled Depreciation": NaN,
        "Reconciled Cost Of Revenue": NaN,
        "EBITDA": NaN,
        "EBIT": NaN,
        "Net Interest Income": NaN,
        "Interest Expense": NaN,
        "Interest Income": 8485000.0,
        "Normalized Income": NaN,
        "Net Income From Continuing And Discontinued Operation": NaN,
        "Total Expenses": NaN,
        "Total Operating Income As Reported": NaN,
        "Diluted Average Shares": NaN,
        "Basic Average Shares": NaN,
        "Diluted EPS": NaN,
        "Basic EPS": NaN,
        "Diluted NI Availto Com Stockholders": NaN,
        "Net Income Common Stockholders": NaN,
        "Net Income": NaN,
        "Net Income Including Noncontrolling Interests": NaN,
        "Net Income Continuous Operations": NaN,
        "Tax Provision": NaN,
        "Pretax Income": NaN,
        "Other Income Expense": NaN,
        "Special Income Charges": NaN,
        "Other Special Charges": NaN,
        "Net Non Operating Interest Income Expense": NaN,
        "Interest Expense Non Operating": NaN,
        "Interest Income Non Operating": 8485000.0,
        "Operating Income": NaN,
        "Operating Expense": NaN,
        "Other Operating Expenses": NaN,
        "Depreciation Amortization Depletion Income Statement": NaN,
        "Depreciation And Amortization In Income Statement": NaN,
        "Selling General And Administration": NaN,
        "Gross Profit": NaN,
        "Cost Of Revenue": NaN,
        "Total Revenue": NaN,
        "Operating Revenue": NaN
    },
    "2024-06-30": {
        "Tax Effect Of Unusual Items": 0.0,
        "Tax Rate For Calcs": 0.247,
        "Normalized EBITDA": 40347000.0,
        "Total Unusual Items": NaN,
        "Total Unusual Items Excluding Goodwill": NaN,
        "Net Income From Continuing Operation Net Minority Interest": 14336000.0,
        "Reconciled Depreciation": 10120000.0,
        "Reconciled Cost Of Revenue": 645919000.0,
        "EBITDA": 40347000.0,
        "EBIT": 30227000.0,
        "Net Interest Income": -4801000.0,
        "Interest Expense": 11181000.0,
        "Interest Income": 6380000.0,
        "Normalized Income": 14336000.0,
        "Net Income From Continuing And Discontinued Operation": 14336000.0,
        "Total Expenses": 744516000.0,
        "Total Operating Income As Reported": 23847000.0,
        "Diluted Average Shares": 8686000.0,
        "Basic Average Shares": 8645000.0,
        "Diluted EPS": 1.65,
        "Basic EPS": 1.65,
        "Diluted NI Availto Com Stockholders": 14336000.0,
        "Net Income Common Stockholders": 14336000.0,
        "Net Income": 14336000.0,
        "Net Income Including Noncontrolling Interests": 14336000.0,
        "Net Income Continuous Operations": 14336000.0,
        "Tax Provision": 4710000.0,
        "Pretax Income": 19046000.0,
        "Other Income Expense": NaN,
        "Special Income Charges": NaN,
        "Other Special Charges": NaN,
        "Net Non Operating Interest Income Expense": -4801000.0,
        "Interest Expense Non Operating": 11181000.0,
        "Interest Income Non Operating": 6380000.0,
        "Operating Income": 23847000.0,
        "Operating Expense": 98597000.0,
        "Other Operating Expenses": -976000.0,
        "Depreciation Amortization Depletion Income Statement": 10120000.0,
        "Depreciation And Amortization In Income Statement": 10120000.0,
        "Selling General And Administration": 89453000.0,
        "Gross Profit": 122444000.0,
        "Cost Of Revenue": 645919000.0,
        "Total Revenue": 768363000.0,
        "Operating Revenue": 784544000.0
    },
    "2024-09-30": {
        "Tax Effect Of Unusual Items": 578760.0,
        "Tax Rate For Calcs": 0.26,
        "Normalized EBITDA": 40604000.0,
        "Total Unusual Items": 2226000.0,
        "Total Unusual Items Excluding Goodwill": 2226000.0,
        "Net Income From Continuing Operation Net Minority Interest": 16016000.0,
        "Reconciled Depreciation": 9530000.0,
        "Reconciled Cost Of Revenue": 621619000.0,
        "EBITDA": 42830000.0,
        "EBIT": 33300000.0,
        "Net Interest Income": -4619000.0,
        "Interest Expense": 11668000.0,
        "Interest Income": 7049000.0,
        "Normalized Income": 14368760.0,
        "Net Income From Continuing And Discontinued Operation": 16016000.0,
        "Total Expenses": 723263000.0,
        "Total Operating Income As Reported": 24025000.0,
        "Diluted Average Shares": 8528310.0,
        "Basic Average Shares": 8496383.0,
        "Diluted EPS": 1.87,
        "Basic EPS": 1.88,
        "Diluted NI Availto Com Stockholders": 16016000.0,
        "Net Income Common Stockholders": 16016000.0,
        "Net Income": 16016000.0,
        "Net Income Including Noncontrolling Interests": 16016000.0,
        "Net Income Continuous Operations": 16016000.0,
        "Tax Provision": 5616000.0,
        "Pretax Income": 21632000.0,
        "Other Income Expense": 2226000.0,
        "Special Income Charges": 2226000.0,
        "Other Special Charges": -2226000.0,
        "Net Non Operating Interest Income Expense": -4619000.0,
        "Interest Expense Non Operating": 11668000.0,
        "Interest Income Non Operating": 7049000.0,
        "Operating Income": 24025000.0,
        "Operating Expense": 101644000.0,
        "Other Operating Expenses": -96000.0,
        "Depreciation Amortization Depletion Income Statement": 9530000.0,
        "Depreciation And Amortization In Income Statement": 9530000.0,
        "Selling General And Administration": 92210000.0,
        "Gross Profit": 125669000.0,
        "Cost Of Revenue": 621619000.0,
        "Total Revenue": 747288000.0,
        "Operating Revenue": 763486000.0
    },
    "2024-12-31": {
        "Tax Effect Of Unusual Items": 128099.210337,
        "Tax Rate For Calcs": 0.243073,
        "Normalized EBITDA": -751000.0,
        "Total Unusual Items": 527000.0,
        "Total Unusual Items Excluding Goodwill": 527000.0,
        "Net Income From Continuing Operation Net Minority Interest": 5272000.0,
        "Reconciled Depreciation": 9405000.0,
        "Reconciled Cost Of Revenue": 597292000.0,
        "EBITDA": -224000.0,
        "EBIT": -9629000.0,
        "Net Interest Income": -5320000.0,
        "Interest Expense": -16594000.0,
        "Interest Income": NaN,
        "Normalized Income": 4873099.210337,
        "Net Income From Continuing And Discontinued Operation": 5272000.0,
        "Total Expenses": 698879000.0,
        "Total Operating Income As Reported": 12030000.0,
        "Diluted Average Shares": 8431000.0,
        "Basic Average Shares": 8356000.0,
        "Diluted EPS": 0.62,
        "Basic EPS": 0.63,
        "Diluted NI Availto Com Stockholders": 5272000.0,
        "Net Income Common Stockholders": 5272000.0,
        "Net Income": 5272000.0,
        "Net Income Including Noncontrolling Interests": 5272000.0,
        "Net Income Continuous Operations": 5272000.0,
        "Tax Provision": 1693000.0,
        "Pretax Income": 6965000.0,
        "Other Income Expense": 527000.0,
        "Special Income Charges": 527000.0,
        "Other Special Charges": -255000.0,
        "Net Non Operating Interest Income Expense": -5320000.0,
        "Interest Expense Non Operating": -16594000.0,
        "Interest Income Non Operating": NaN,
        "Operating Income": 11758000.0,
        "Operating Expense": 101587000.0,
        "Other Operating Expenses": -437000.0,
        "Depreciation Amortization Depletion Income Statement": 9405000.0,
        "Depreciation And Amortization In Income Statement": 9405000.0,
        "Selling General And Administration": 92619000.0,
        "Gross Profit": 113345000.0,
        "Cost Of Revenue": 597292000.0,
        "Total Revenue": 710637000.0,
        "Operating Revenue": 724789000.0
    },
    "2025-03-31": {
        "Tax Effect Of Unusual Items": 0.0,
        "Tax Rate For Calcs": 0.323,
        "Normalized EBITDA": 25751000.0,
        "Total Unusual Items": NaN,
        "Total Unusual Items Excluding Goodwill": NaN,
        "Net Income From Continuing Operation Net Minority Interest": 2805000.0,
        "Reconciled Depreciation": 9554000.0,
        "Reconciled Cost Of Revenue": 598097000.0,
        "EBITDA": 25751000.0,
        "EBIT": 16197000.0,
        "Net Interest Income": -6580000.0,
        "Interest Expense": 12053000.0,
        "Interest Income": 5473000.0,
        "Normalized Income": 2805000.0,
        "Net Income From Continuing And Discontinued Operation": 2805000.0,
        "Total Expenses": 698502000.0,
        "Total Operating Income As Reported": 10724000.0,
        "Diluted Average Shares": 8328454.0,
        "Basic Average Shares": 8256551.0,
        "Diluted EPS": 0.33,
        "Basic EPS": 0.33,
        "Diluted NI Availto Com Stockholders": 2805000.0,
        "Net Income Common Stockholders": 2805000.0,
        "Net Income": 2805000.0,
        "Net Income Including Noncontrolling Interests": 2805000.0,
        "Net Income Continuous Operations": 2805000.0,
        "Tax Provision": 1339000.0,
        "Pretax Income": 4144000.0,
        "Other Income Expense": NaN,
        "Special Income Charges": NaN,
        "Other Special Charges": NaN,
        "Net Non Operating Interest Income Expense": -6580000.0,
        "Interest Expense Non Operating": 12053000.0,
        "Interest Income Non Operating": 5473000.0,
        "Operating Income": 10724000.0,
        "Operating Expense": 100405000.0,
        "Other Operating Expenses": -3242000.0,
        "Depreciation Amortization Depletion Income Statement": 9554000.0,
        "Depreciation And Amortization In Income Statement": 9554000.0,
        "Selling General And Administration": 94093000.0,
        "Gross Profit": 111129000.0,
        "Cost Of Revenue": 598097000.0,
        "Total Revenue": 709226000.0,
        "Operating Revenue": 724285000.0
    },
    "2025-06-30": {
        "Tax Effect Of Unusual Items": 0.0,
        "Tax Rate For Calcs": 0.345,
        "Normalized EBITDA": 29008000.0,
        "Total Unusual Items": NaN,
        "Total Unusual Items Excluding Goodwill": NaN,
        "Net Income From Continuing Operation Net Minority Interest": 4310000.0,
        "Reconciled Depreciation": 9790000.0,
        "Reconciled Cost Of Revenue": 660418000.0,
        "EBITDA": 29008000.0,
        "EBIT": 19218000.0,
        "Net Interest Income": -8457000.0,
        "Interest Expense": 12640000.0,
        "Interest Income": 4183000.0,
        "Normalized Income": 4310000.0,
        "Net Income From Continuing And Discontinued Operation": 4310000.0,
        "Total Expenses": 765072000.0,
        "Total Operating Income As Reported": 15035000.0,
        "Diluted Average Shares": 7977000.0,
        "Basic Average Shares": 7935000.0,
        "Diluted EPS": 0.54,
        "Basic EPS": 0.54,
        "Diluted NI Availto Com Stockholders": 4310000.0,
        "Net Income Common Stockholders": 4310000.0,
        "Net Income": 4310000.0,
        "Net Income Including Noncontrolling Interests": 4310000.0,
        "Net Income Continuous Operations": 4310000.0,
        "Tax Provision": 2268000.0,
        "Pretax Income": 6578000.0,
        "Other Income Expense": NaN,
        "Special Income Charges": NaN,
        "Other Special Charges": NaN,
        "Net Non Operating Interest Income Expense": -8457000.0,
        "Interest Expense Non Operating": 12640000.0,
        "Interest Income Non Operating": 4183000.0,
        "Operating Income": 15035000.0,
        "Operating Expense": 104654000.0,
        "Other Operating Expenses": -401000.0,
        "Depreciation Amortization Depletion Income Statement": 9790000.0,
        "Depreciation And Amortization In Income Statement": 9790000.0,
        "Selling General And Administration": 95265000.0,
        "Gross Profit": 119689000.0,
        "Cost Of Revenue": 660418000.0,
        "Total Revenue": 780107000.0,
        "Operating Revenue": 795072000.0
    }
}