{
    "2023-06-30": {
        "Tax Effect Of Unusual Items": -75168.0,
        "Tax Rate For Calcs": 0.261,
        "Total Unusual Items": -288000.0,
        "Total Unusual Items Excluding Goodwill": -288000.0,
        "Net Income From Continuing Operation Net Minority Interest": 26107000.0,
        "Reconciled Depreciation": 951000.0,
        "Net Interest Income": 76166000.0,
        "Interest Expense": 31106000.0,
        "Interest Income": 107272000.0,
        "Normalized Income": 26319832.0,
        "Net Income From Continuing And Discontinued Operation": 26107000.0,
        "Diluted Average Shares": 37034626.0,
        "Basic Average Shares": 37034626.0,
        "Diluted EPS": 0.7,
        "Basic EPS": 0.7,
        "Diluted NI Availto Com Stockholders": 26107000.0,
        "Net Income Common Stockholders": 26107000.0,
        "Net Income": 26107000.0,
        "Net Income Including Noncontrolling Interests": 26107000.0,
        "Net Income Continuous Operations": 26107000.0,
        "Tax Provision": 9232000.0,
        "Pretax Income": 35339000.0,
        "Special Income Charges": 0.0,
        "Write Off": 0.0,
        "Gain On Sale Of Security": 193000.0,
        "Depreciation Amortization Depletion Income Statement": 1455000.0,
        "Depreciation And Amortization In Income Statement": 1455000.0,
        "Amortization": 1455000.0,
        "Amortization Of Intangibles Income Statement": 1455000.0,
        "Selling General And Administration": 29642000.0,
        "General And Administrative Expense": 29642000.0,
        "Salaries And Wages": 29642000.0,
        "Total Revenue": 89681000.0,
        "Operating Revenue": 89681000.0,
        "Occupancy And Equipment": 4404000.0,
        "Professional Expense And Contract Services Expense": 3675000.0,
        "Other Non Interest Expense": 9376000.0
    },
    "2023-03-31": {
        "Tax Effect Of Unusual Items": 21331.0,
        "Tax Rate For Calcs": 0.257,
        "Total Unusual Items": 83000.0,
        "Total Unusual Items Excluding Goodwill": 83000.0,
        "Net Income From Continuing Operation Net Minority Interest": 23945000.0,
        "Reconciled Depreciation": 981000.0,
        "Net Interest Income": 75718000.0,
        "Interest Expense": 24284000.0,
        "Interest Income": 100002000.0,
        "Normalized Income": 23883331.0,
        "Net Income From Continuing And Discontinued Operation": 23945000.0,
        "Diluted Average Shares": 37539912.0,
        "Basic Average Shares": 36955085.0,
        "Diluted EPS": 0.64,
        "Basic EPS": 0.65,
        "Diluted NI Availto Com Stockholders": 23945000.0,
        "Net Income Common Stockholders": 23945000.0,
        "Preferred Stock Dividends": NaN,
        "Net Income": 23945000.0,
        "Net Income Including Noncontrolling Interests": 23945000.0,
        "Net Income Continuous Operations": 23945000.0,
        "Tax Provision": 8293000.0,
        "Pretax Income": 32238000.0,
        "Special Income Charges": -20000.0,
        "Write Off": 20000.0,
        "Gain On Sale Of Security": 350000.0,
        "Depreciation Amortization Depletion Income Statement": 1455000.0,
        "Depreciation And Amortization In Income Statement": 1455000.0,
        "Amortization": 1455000.0,
        "Amortization Of Intangibles Income Statement": 1455000.0,
        "Selling General And Administration": 30394000.0,
        "General And Administrative Expense": 30394000.0,
        "Salaries And Wages": 30394000.0,
        "Total Revenue": 90003000.0,
        "Operating Revenue": 90003000.0,
        "Occupancy And Equipment": 4444000.0,
        "Professional Expense And Contract Services Expense": 3114000.0,
        "Other Non Interest Expense": 8513000.0
    },
    "2022-12-31": {
        "Tax Effect Of Unusual Items": NaN,
        "Tax Rate For Calcs": NaN,
        "Total Unusual Items": NaN,
        "Total Unusual Items Excluding Goodwill": NaN,
        "Net Income From Continuing Operation Net Minority Interest": NaN,
        "Reconciled Depreciation": NaN,
        "Net Interest Income": NaN,
        "Interest Expense": NaN,
        "Interest Income": NaN,
        "Normalized Income": NaN,
        "Net Income From Continuing And Discontinued Operation": NaN,
        "Diluted Average Shares": NaN,
        "Basic Average Shares": NaN,
        "Diluted EPS": NaN,
        "Basic EPS": NaN,
        "Diluted NI Availto Com Stockholders": NaN,
        "Net Income Common Stockholders": NaN,
        "Preferred Stock Dividends": 0.0,
        "Net Income": NaN,
        "Net Income Including Noncontrolling Interests": NaN,
        "Net Income Continuous Operations": NaN,
        "Tax Provision": NaN,
        "Pretax Income": NaN,
        "Special Income Charges": NaN,
        "Write Off": NaN,
        "Gain On Sale Of Security": NaN,
        "Depreciation Amortization Depletion Income Statement": NaN,
        "Depreciation And Amortization In Income Statement": NaN,
        "Amortization": NaN,
        "Amortization Of Intangibles Income Statement": NaN,
        "Selling General And Administration": NaN,
        "General And Administrative Expense": NaN,
        "Salaries And Wages": NaN,
        "Total Revenue": NaN,
        "Operating Revenue": NaN,
        "Occupancy And Equipment": NaN,
        "Professional Expense And Contract Services Expense": NaN,
        "Other Non Interest Expense": NaN
    },
    "2022-09-30": {
        "Tax Effect Of Unusual Items": -70675.0,
        "Tax Rate For Calcs": 0.257,
        "Total Unusual Items": -275000.0,
        "Total Unusual Items Excluding Goodwill": -275000.0,
        "Net Income From Continuing Operation Net Minority Interest": 22656000.0,
        "Reconciled Depreciation": 1611000.0,
        "Net Interest Income": 68875000.0,
        "Interest Expense": 11028000.0,
        "Interest Income": 79903000.0,
        "Normalized Income": 22860325.0,
        "Net Income From Continuing And Discontinued Operation": 22656000.0,
        "Diluted Average Shares": 37371159.0,
        "Basic Average Shares": 36851973.0,
        "Diluted EPS": 0.61,
        "Basic EPS": 0.61,
        "Diluted NI Availto Com Stockholders": 22656000.0,
        "Net Income Common Stockholders": 22656000.0,
        "Preferred Stock Dividends": NaN,
        "Net Income": 22656000.0,
        "Net Income Including Noncontrolling Interests": 22656000.0,
        "Net Income Continuous Operations": 22656000.0,
        "Tax Provision": 7857000.0,
        "Pretax Income": 30513000.0,
        "Special Income Charges": 0.0,
        "Write Off": 0.0,
        "Gain On Sale Of Security": -583000.0,
        "Depreciation Amortization Depletion Income Statement": 1611000.0,
        "Depreciation And Amortization In Income Statement": 1611000.0,
        "Amortization": 1611000.0,
        "Amortization Of Intangibles Income Statement": 1611000.0,
        "Selling General And Administration": 29587000.0,
        "General And Administrative Expense": 29587000.0,
        "Other Gand A": 3370000.0,
        "Salaries And Wages": 29587000.0,
        "Total Revenue": 80062000.0,
        "Operating Revenue": 80062000.0
    },
    "2022-06-30": {
        "Tax Effect Of Unusual Items": -35234.0,
        "Tax Rate For Calcs": 0.223,
        "Total Unusual Items": -158000.0,
        "Total Unusual Items Excluding Goodwill": -158000.0,
        "Net Income From Continuing Operation Net Minority Interest": 20283000.0,
        "Reconciled Depreciation": 1868000.0,
        "Net Interest Income": 61627000.0,
        "Interest Expense": 4919000.0,
        "Interest Income": 66546000.0,
        "Normalized Income": 20405766.0,
        "Net Income From Continuing And Discontinued Operation": 20283000.0,
        "Diluted Average Shares": 37612268.0,
        "Basic Average Shares": 37064795.0,
        "Diluted EPS": 0.54,
        "Basic EPS": 0.55,
        "Diluted NI Availto Com Stockholders": 20283000.0,
        "Net Income Common Stockholders": 20283000.0,
        "Preferred Stock Dividends": NaN,
        "Net Income": 20283000.0,
        "Net Income Including Noncontrolling Interests": 20283000.0,
        "Net Income Continuous Operations": 20283000.0,
        "Tax Provision": 5824000.0,
        "Pretax Income": 26107000.0,
        "Special Income Charges": 0.0,
        "Write Off": 0.0,
        "Gain On Sale Of Security": -645000.0,
        "Depreciation Amortization Depletion Income Statement": 1868000.0,
        "Depreciation And Amortization In Income Statement": 1868000.0,
        "Amortization": 1868000.0,
        "Amortization Of Intangibles Income Statement": 1868000.0,
        "Selling General And Administration": 27697000.0,
        "General And Administrative Expense": 27697000.0,
        "Other Gand A": 3396000.0,
        "Salaries And Wages": 27697000.0,
        "Total Revenue": 74688000.0,
        "Operating Revenue": 74688000.0
    },
    "2023-09-30": {
        "Tax Effect Of Unusual Items": -28860.0,
        "Tax Rate For Calcs": 0.26,
        "Total Unusual Items": -111000.0,
        "Total Unusual Items Excluding Goodwill": -111000.0,
        "Net Income From Continuing Operation Net Minority Interest": 28222000.0,
        "Reconciled Depreciation": 1256000.0,
        "Net Interest Income": 92452000.0,
        "Interest Expense": 44138000.0,
        "Interest Income": 136590000.0,
        "Normalized Income": 28304140.0,
        "Net Income From Continuing And Discontinued Operation": 28222000.0,
        "Diluted Average Shares": NaN,
        "Basic Average Shares": NaN,
        "Diluted EPS": NaN,
        "Basic EPS": NaN,
        "Diluted NI Availto Com Stockholders": 28222000.0,
        "Net Income Common Stockholders": 28222000.0,
        "Net Income": 28222000.0,
        "Net Income Including Noncontrolling Interests": 28222000.0,
        "Net Income Continuous Operations": 28222000.0,
        "Tax Provision": 9912000.0,
        "Pretax Income": 38134000.0,
        "Special Income Charges": 0.0,
        "Write Off": 0.0,
        "Gain On Sale Of Security": -313000.0,
        "Depreciation Amortization Depletion Income Statement": 1551000.0,
        "Depreciation And Amortization In Income Statement": 1551000.0,
        "Amortization": 1551000.0,
        "Amortization Of Intangibles Income Statement": 1551000.0,
        "Selling General And Administration": 34969000.0,
        "General And Administrative Expense": 34969000.0,
        "Salaries And Wages": 34969000.0,
        "Total Revenue": 103881000.0,
        "Operating Revenue": 103881000.0,
        "Occupancy And Equipment": 5314000.0,
        "Professional Expense And Contract Services Expense": 3805000.0,
        "Other Non Interest Expense": 11305000.0
    },
    "2023-12-31": {
        "Tax Effect Of Unusual Items": NaN,
        "Tax Rate For Calcs": NaN,
        "Total Unusual Items": NaN,
        "Total Unusual Items Excluding Goodwill": NaN,
        "Net Income From Continuing Operation Net Minority Interest": NaN,
        "Reconciled Depreciation": NaN,
        "Net Interest Income": NaN,
        "Interest Expense": NaN,
        "Interest Income": NaN,
        "Normalized Income": NaN,
        "Net Income From Continuing And Discontinued Operation": NaN,
        "Diluted Average Shares": NaN,
        "Basic Average Shares": NaN,
        "Diluted EPS": NaN,
        "Basic EPS": NaN,
        "Diluted NI Availto Com Stockholders": NaN,
        "Net Income Common Stockholders": NaN,
        "Net Income": NaN,
        "Net Income Including Noncontrolling Interests": NaN,
        "Net Income Continuous Operations": NaN,
        "Tax Provision": NaN,
        "Pretax Income": NaN,
        "Special Income Charges": -1980000.0,
        "Write Off": 1980000.0,
        "Gain On Sale Of Security": NaN,
        "Depreciation Amortization Depletion Income Statement": NaN,
        "Depreciation And Amortization In Income Statement": NaN,
        "Amortization": NaN,
        "Amortization Of Intangibles Income Statement": NaN,
        "Selling General And Administration": NaN,
        "General And Administrative Expense": NaN,
        "Salaries And Wages": NaN,
        "Total Revenue": NaN,
        "Operating Revenue": NaN,
        "Occupancy And Equipment": NaN,
        "Professional Expense And Contract Services Expense": NaN,
        "Other Non Interest Expense": NaN
    },
    "2024-03-31": {
        "Tax Effect Of Unusual Items": NaN,
        "Tax Rate For Calcs": NaN,
        "Total Unusual Items": NaN,
        "Total Unusual Items Excluding Goodwill": NaN,
        "Net Income From Continuing Operation Net Minority Interest": NaN,
        "Reconciled Depreciation": NaN,
        "Net Interest Income": NaN,
        "Interest Expense": NaN,
        "Interest Income": NaN,
        "Normalized Income": NaN,
        "Net Income From Continuing And Discontinued Operation": NaN,
        "Diluted Average Shares": NaN,
        "Basic Average Shares": NaN,
        "Diluted EPS": NaN,
        "Basic EPS": NaN,
        "Diluted NI Availto Com Stockholders": NaN,
        "Net Income Common Stockholders": NaN,
        "Net Income": NaN,
        "Net Income Including Noncontrolling Interests": NaN,
        "Net Income Continuous Operations": NaN,
        "Tax Provision": NaN,
        "Pretax Income": NaN,
        "Special Income Charges": 0.0,
        "Write Off": 0.0,
        "Gain On Sale Of Security": NaN,
        "Depreciation Amortization Depletion Income Statement": NaN,
        "Depreciation And Amortization In Income Statement": NaN,
        "Amortization": NaN,
        "Amortization Of Intangibles Income Statement": NaN,
        "Selling General And Administration": NaN,
        "General And Administrative Expense": NaN,
        "Salaries And Wages": NaN,
        "Total Revenue": NaN,
        "Operating Revenue": NaN,
        "Occupancy And Equipment": NaN,
        "Professional Expense And Contract Services Expense": NaN,
        "Other Non Interest Expense": NaN
    },
    "2024-06-30": {
        "Tax Effect Of Unusual Items": NaN,
        "Tax Rate For Calcs": NaN,
        "Total Unusual Items": NaN,
        "Total Unusual Items Excluding Goodwill": NaN,
        "Net Income From Continuing Operation Net Minority Interest": NaN,
        "Reconciled Depreciation": NaN,
        "Net Interest Income": NaN,
        "Interest Expense": NaN,
        "Interest Income": NaN,
        "Normalized Income": NaN,
        "Net Income From Continuing And Discontinued Operation": NaN,
        "Diluted Average Shares": NaN,
        "Basic Average Shares": NaN,
        "Diluted EPS": NaN,
        "Basic EPS": NaN,
        "Diluted NI Availto Com Stockholders": NaN,
        "Net Income Common Stockholders": NaN,
        "Net Income": NaN,
        "Net Income Including Noncontrolling Interests": NaN,
        "Net Income Continuous Operations": NaN,
        "Tax Provision": NaN,
        "Pretax Income": NaN,
        "Special Income Charges": 0.0,
        "Write Off": 0.0,
        "Gain On Sale Of Security": NaN,
        "Depreciation Amortization Depletion Income Statement": NaN,
        "Depreciation And Amortization In Income Statement": NaN,
        "Amortization": NaN,
        "Amortization Of Intangibles Income Statement": NaN,
        "Selling General And Administration": NaN,
        "General And Administrative Expense": NaN,
        "Salaries And Wages": NaN,
        "Total Revenue": NaN,
        "Operating Revenue": NaN,
        "Occupancy And Equipment": NaN,
        "Professional Expense And Contract Services Expense": NaN,
        "Other Non Interest Expense": NaN
    },
    "2024-09-30": {
        "Tax Effect Of Unusual Items": -17982.0,
        "Tax Rate For Calcs": 0.243,
        "Total Unusual Items": -74000.0,
        "Total Unusual Items Excluding Goodwill": -74000.0,
        "Net Income From Continuing Operation Net Minority Interest": 30328000.0,
        "Reconciled Depreciation": 1247000.0,
        "Net Interest Income": 87455000.0,
        "Interest Expense": 58981000.0,
        "Interest Income": 146436000.0,
        "Normalized Income": 30384018.0,
        "Net Income From Continuing And Discontinued Operation": 30328000.0,
        "Diluted Average Shares": NaN,
        "Basic Average Shares": NaN,
        "Diluted EPS": NaN,
        "Basic EPS": NaN,
        "Diluted NI Availto Com Stockholders": 30328000.0,
        "Net Income Common Stockholders": 30328000.0,
        "Net Income": 30328000.0,
        "Net Income Including Noncontrolling Interests": 30328000.0,
        "Net Income Continuous Operations": 30328000.0,
        "Tax Provision": 9710000.0,
        "Pretax Income": 40038000.0,
        "Special Income Charges": 0.0,
        "Write Off": 0.0,
        "Gain On Sale Of Security": 388000.0,
        "Depreciation Amortization Depletion Income Statement": 1345000.0,
        "Depreciation And Amortization In Income Statement": 1345000.0,
        "Amortization": 1345000.0,
        "Amortization Of Intangibles Income Statement": 1345000.0,
        "Selling General And Administration": 34974000.0,
        "General And Administrative Expense": 34974000.0,
        "Salaries And Wages": 34974000.0,
        "Total Revenue": 101063000.0,
        "Operating Revenue": 101063000.0,
        "Occupancy And Equipment": 4373000.0,
        "Professional Expense And Contract Services Expense": 3643000.0,
        "Other Non Interest Expense": 9215000.0
    },
    "2024-12-31": {
        "Tax Effect Of Unusual Items": -162738.479834,
        "Tax Rate For Calcs": 0.248836,
        "Total Unusual Items": -654000.0,
        "Total Unusual Items Excluding Goodwill": -654000.0,
        "Net Income From Continuing Operation Net Minority Interest": 30320000.0,
        "Reconciled Depreciation": 1202000.0,
        "Net Interest Income": 88524000.0,
        "Interest Expense": 51079000.0,
        "Interest Income": 139603000.0,
        "Normalized Income": 30811261.520166,
        "Net Income From Continuing And Discontinued Operation": 30320000.0,
        "Diluted Average Shares": 44179818.0,
        "Basic Average Shares": 43656793.0,
        "Diluted EPS": 0.69,
        "Basic EPS": 0.69,
        "Diluted NI Availto Com Stockholders": 30320000.0,
        "Net Income Common Stockholders": 30320000.0,
        "Net Income": 30320000.0,
        "Net Income Including Noncontrolling Interests": 30320000.0,
        "Net Income Continuous Operations": 30320000.0,
        "Tax Provision": 10044000.0,
        "Pretax Income": 40364000.0,
        "Special Income Charges": 0.0,
        "Write Off": 0.0,
        "Gain On Sale Of Security": 33000.0,
        "Depreciation Amortization Depletion Income Statement": 1345000.0,
        "Depreciation And Amortization In Income Statement": 1345000.0,
        "Amortization": 1345000.0,
        "Amortization Of Intangibles Income Statement": 1345000.0,
        "Selling General And Administration": 42259000.0,
        "General And Administrative Expense": 37281000.0,
        "Salaries And Wages": 37281000.0,
        "Total Revenue": 103359000.0,
        "Operating Revenue": 103359000.0,
        "Occupancy And Equipment": 4407000.0,
        "Professional Expense And Contract Services Expense": 3358000.0,
        "Other Non Interest Expense": 4748000.0
    },
    "2025-03-31": {
        "Tax Effect Of Unusual Items": -10332.0,
        "Tax Rate For Calcs": 0.246,
        "Total Unusual Items": -42000.0,
        "Total Unusual Items Excluding Goodwill": -42000.0,
        "Net Income From Continuing Operation Net Minority Interest": 28248000.0,
        "Reconciled Depreciation": 1158000.0,
        "Net Interest Income": 88216000.0,
        "Interest Expense": 46634000.0,
        "Interest Income": 134850000.0,
        "Normalized Income": 28279668.0,
        "Net Income From Continuing And Discontinued Operation": 28248000.0,
        "Diluted Average Shares": 44290257.0,
        "Basic Average Shares": 43788353.0,
        "Diluted EPS": 0.64,
        "Basic EPS": 0.65,
        "Diluted NI Availto Com Stockholders": 28248000.0,
        "Net Income Common Stockholders": 28248000.0,
        "Net Income": 28248000.0,
        "Net Income Including Noncontrolling Interests": 28248000.0,
        "Net Income Continuous Operations": 28248000.0,
        "Tax Provision": 9224000.0,
        "Pretax Income": 37472000.0,
        "Special Income Charges": NaN,
        "Write Off": NaN,
        "Gain On Sale Of Security": 811000.0,
        "Depreciation Amortization Depletion Income Statement": 1118000.0,
        "Depreciation And Amortization In Income Statement": 1118000.0,
        "Amortization": 1118000.0,
        "Amortization Of Intangibles Income Statement": 1118000.0,
        "Selling General And Administration": 36252000.0,
        "General And Administrative Expense": 36252000.0,
        "Salaries And Wages": 36252000.0,
        "Total Revenue": 102211000.0,
        "Operating Revenue": 102211000.0,
        "Occupancy And Equipment": 4852000.0,
        "Professional Expense And Contract Services Expense": 3251000.0,
        "Other Non Interest Expense": 10087000.0
    },
    "2025-06-30": {
        "Tax Effect Of Unusual Items": 9988.0,
        "Tax Rate For Calcs": 0.227,
        "Total Unusual Items": 44000.0,
        "Total Unusual Items Excluding Goodwill": 44000.0,
        "Net Income From Continuing Operation Net Minority Interest": 30082000.0,
        "Reconciled Depreciation": 1112000.0,
        "Net Interest Income": 95970000.0,
        "Interest Expense": 48557000.0,
        "Interest Income": 144527000.0,
        "Normalized Income": 30047988.0,
        "Net Income From Continuing And Discontinued Operation": 30082000.0,
        "Diluted Average Shares": 45484392.0,
        "Basic Average Shares": 45306240.0,
        "Diluted EPS": 0.66,
        "Basic EPS": 0.66,
        "Diluted NI Availto Com Stockholders": 30082000.0,
        "Net Income Common Stockholders": 30082000.0,
        "Net Income": 30082000.0,
        "Net Income Including Noncontrolling Interests": 30082000.0,
        "Net Income Continuous Operations": 30082000.0,
        "Tax Provision": 8846000.0,
        "Pretax Income": 38928000.0,
        "Special Income Charges": NaN,
        "Write Off": NaN,
        "Gain On Sale Of Security": 46000.0,
        "Depreciation Amortization Depletion Income Statement": 1499000.0,
        "Depreciation And Amortization In Income Statement": 1499000.0,
        "Amortization": 1499000.0,
        "Amortization Of Intangibles Income Statement": 1499000.0,
        "Selling General And Administration": 37819000.0,
        "General And Administrative Expense": 37819000.0,
        "Salaries And Wages": 37819000.0,
        "Total Revenue": 109559000.0,
        "Operating Revenue": 109559000.0,
        "Occupancy And Equipment": 4739000.0,
        "Professional Expense And Contract Services Expense": 4843000.0,
        "Other Non Interest Expense": 9808000.0
    },
    "2025-09-30": {
        "Tax Effect Of Unusual Items": -157335.0,
        "Tax Rate For Calcs": 0.255,
        "Total Unusual Items": -617000.0,
        "Total Unusual Items Excluding Goodwill": -617000.0,
        "Net Income From Continuing Operation Net Minority Interest": 37200000.0,
        "Reconciled Depreciation": 1140000.0,
        "Net Interest Income": 99871000.0,
        "Interest Expense": 48736000.0,
        "Interest Income": 148607000.0,
        "Normalized Income": 37659665.0,
        "Net Income From Continuing And Discontinued Operation": 37200000.0,
        "Diluted Average Shares": 45372602.0,
        "Basic Average Shares": 45102828.0,
        "Diluted EPS": 0.82,
        "Basic EPS": 0.82,
        "Diluted NI Availto Com Stockholders": 37200000.0,
        "Net Income Common Stockholders": 37200000.0,
        "Net Income": 37200000.0,
        "Net Income Including Noncontrolling Interests": 37200000.0,
        "Net Income Continuous Operations": 37200000.0,
        "Tax Provision": 12719000.0,
        "Pretax Income": 49919000.0,
        "Special Income Charges": NaN,
        "Write Off": NaN,
        "Gain On Sale Of Security": -298000.0,
        "Depreciation Amortization Depletion Income Statement": 1494000.0,
        "Depreciation And Amortization In Income Statement": 1494000.0,
        "Amortization": 1494000.0,
        "Amortization Of Intangibles Income Statement": 1494000.0,
        "Selling General And Administration": 37492000.0,
        "General And Administrative Expense": 37492000.0,
        "Salaries And Wages": 37492000.0,
        "Total Revenue": 113844000.0,
        "Operating Revenue": 113844000.0,
        "Occupancy And Equipment": 4531000.0,
        "Professional Expense And Contract Services Expense": 3876000.0,
        "Other Non Interest Expense": 11234000.0
    },
    "2025-12-31": {
        "Tax Effect Of Unusual Items": NaN,
        "Tax Rate For Calcs": NaN,
        "Total Unusual Items": NaN,
        "Total Unusual Items Excluding Goodwill": NaN,
        "Net Income From Continuing Operation Net Minority Interest": NaN,
        "Reconciled Depreciation": NaN,
        "Net Interest Income": NaN,
        "Interest Expense": NaN,
        "Interest Income": NaN,
        "Normalized Income": NaN,
        "Net Income From Continuing And Discontinued Operation": NaN,
        "Diluted Average Shares": 45330163.0,
        "Basic Average Shares": 44980736.0,
        "Diluted EPS": 0.76,
        "Basic EPS": 0.77,
        "Diluted NI Availto Com Stockholders": NaN,
        "Net Income Common Stockholders": NaN,
        "Net Income": NaN,
        "Net Income Including Noncontrolling Interests": NaN,
        "Net Income Continuous Operations": NaN,
        "Tax Provision": NaN,
        "Pretax Income": NaN,
        "Special Income Charges": NaN,
        "Write Off": NaN,
        "Gain On Sale Of Security": NaN,
        "Depreciation Amortization Depletion Income Statement": NaN,
        "Depreciation And Amortization In Income Statement": NaN,
        "Amortization": NaN,
        "Amortization Of Intangibles Income Statement": NaN,
        "Selling General And Administration": NaN,
        "General And Administrative Expense": NaN,
        "Salaries And Wages": NaN,
        "Total Revenue": NaN,
        "Operating Revenue": NaN,
        "Occupancy And Equipment": NaN,
        "Professional Expense And Contract Services Expense": NaN,
        "Other Non Interest Expense": NaN
    }
}