{
    "2023-06-30": {
        "Tax Effect Of Unusual Items": NaN,
        "Tax Rate For Calcs": NaN,
        "Normalized EBITDA": NaN,
        "Total Unusual Items": NaN,
        "Total Unusual Items Excluding Goodwill": NaN,
        "Net Income From Continuing Operation Net Minority Interest": NaN,
        "Reconciled Depreciation": NaN,
        "Reconciled Cost Of Revenue": NaN,
        "EBITDA": NaN,
        "EBIT": NaN,
        "Net Interest Income": NaN,
        "Interest Expense": NaN,
        "Interest Income": NaN,
        "Normalized Income": NaN,
        "Net Income From Continuing And Discontinued Operation": NaN,
        "Total Expenses": NaN,
        "Rent Expense Supplemental": NaN,
        "Total Operating Income As Reported": NaN,
        "Diluted Average Shares": NaN,
        "Basic Average Shares": NaN,
        "Diluted EPS": NaN,
        "Basic EPS": NaN,
        "Diluted NI Availto Com Stockholders": NaN,
        "Net Income Common Stockholders": NaN,
        "Net Income": NaN,
        "Net Income Including Noncontrolling Interests": NaN,
        "Net Income Continuous Operations": NaN,
        "Tax Provision": NaN,
        "Pretax Income": NaN,
        "Other Income Expense": NaN,
        "Other Non Operating Income Expenses": NaN,
        "Special Income Charges": NaN,
        "Write Off": 0.0,
        "Impairment Of Capital Assets": NaN,
        "Net Non Operating Interest Income Expense": NaN,
        "Interest Expense Non Operating": NaN,
        "Interest Income Non Operating": NaN,
        "Operating Income": NaN,
        "Operating Expense": NaN,
        "Other Operating Expenses": NaN,
        "Depreciation Amortization Depletion Income Statement": NaN,
        "Depreciation And Amortization In Income Statement": NaN,
        "Research And Development": NaN,
        "Selling General And Administration": NaN,
        "General And Administrative Expense": NaN,
        "Other Gand A": NaN,
        "Rent And Landing Fees": NaN,
        "Gross Profit": NaN,
        "Cost Of Revenue": NaN,
        "Total Revenue": NaN,
        "Operating Revenue": NaN
    },
    "2023-03-31": {
        "Tax Effect Of Unusual Items": NaN,
        "Tax Rate For Calcs": NaN,
        "Normalized EBITDA": NaN,
        "Total Unusual Items": NaN,
        "Total Unusual Items Excluding Goodwill": NaN,
        "Net Income From Continuing Operation Net Minority Interest": NaN,
        "Reconciled Depreciation": NaN,
        "Reconciled Cost Of Revenue": NaN,
        "EBITDA": NaN,
        "EBIT": NaN,
        "Net Interest Income": NaN,
        "Interest Expense": NaN,
        "Interest Income": NaN,
        "Normalized Income": NaN,
        "Net Income From Continuing And Discontinued Operation": NaN,
        "Total Expenses": NaN,
        "Rent Expense Supplemental": NaN,
        "Total Operating Income As Reported": NaN,
        "Diluted Average Shares": NaN,
        "Basic Average Shares": NaN,
        "Diluted EPS": NaN,
        "Basic EPS": NaN,
        "Diluted NI Availto Com Stockholders": NaN,
        "Net Income Common Stockholders": NaN,
        "Net Income": NaN,
        "Net Income Including Noncontrolling Interests": NaN,
        "Net Income Continuous Operations": NaN,
        "Tax Provision": NaN,
        "Pretax Income": NaN,
        "Other Income Expense": NaN,
        "Other Non Operating Income Expenses": NaN,
        "Special Income Charges": NaN,
        "Write Off": -18874000.0,
        "Impairment Of Capital Assets": NaN,
        "Net Non Operating Interest Income Expense": NaN,
        "Interest Expense Non Operating": NaN,
        "Interest Income Non Operating": NaN,
        "Operating Income": NaN,
        "Operating Expense": NaN,
        "Other Operating Expenses": NaN,
        "Depreciation Amortization Depletion Income Statement": NaN,
        "Depreciation And Amortization In Income Statement": NaN,
        "Research And Development": NaN,
        "Selling General And Administration": NaN,
        "General And Administrative Expense": NaN,
        "Other Gand A": NaN,
        "Rent And Landing Fees": NaN,
        "Gross Profit": NaN,
        "Cost Of Revenue": NaN,
        "Total Revenue": NaN,
        "Operating Revenue": NaN
    },
    "2022-12-31": {
        "Tax Effect Of Unusual Items": NaN,
        "Tax Rate For Calcs": NaN,
        "Normalized EBITDA": NaN,
        "Total Unusual Items": NaN,
        "Total Unusual Items Excluding Goodwill": NaN,
        "Net Income From Continuing Operation Net Minority Interest": NaN,
        "Reconciled Depreciation": NaN,
        "Reconciled Cost Of Revenue": NaN,
        "EBITDA": NaN,
        "EBIT": NaN,
        "Net Interest Income": NaN,
        "Interest Expense": NaN,
        "Interest Income": NaN,
        "Normalized Income": NaN,
        "Net Income From Continuing And Discontinued Operation": NaN,
        "Total Expenses": NaN,
        "Rent Expense Supplemental": NaN,
        "Total Operating Income As Reported": NaN,
        "Diluted Average Shares": NaN,
        "Basic Average Shares": NaN,
        "Diluted EPS": NaN,
        "Basic EPS": NaN,
        "Diluted NI Availto Com Stockholders": NaN,
        "Net Income Common Stockholders": NaN,
        "Net Income": NaN,
        "Net Income Including Noncontrolling Interests": NaN,
        "Net Income Continuous Operations": NaN,
        "Tax Provision": NaN,
        "Pretax Income": NaN,
        "Other Income Expense": NaN,
        "Other Non Operating Income Expenses": NaN,
        "Special Income Charges": NaN,
        "Other Special Charges": 6000.0,
        "Write Off": NaN,
        "Impairment Of Capital Assets": NaN,
        "Net Non Operating Interest Income Expense": NaN,
        "Interest Expense Non Operating": NaN,
        "Interest Income Non Operating": NaN,
        "Operating Income": NaN,
        "Operating Expense": NaN,
        "Other Operating Expenses": NaN,
        "Depreciation Amortization Depletion Income Statement": NaN,
        "Depreciation And Amortization In Income Statement": NaN,
        "Selling General And Administration": NaN,
        "General And Administrative Expense": NaN,
        "Other Gand A": NaN,
        "Rent And Landing Fees": NaN,
        "Gross Profit": NaN,
        "Cost Of Revenue": NaN,
        "Total Revenue": NaN,
        "Operating Revenue": NaN
    },
    "2022-09-30": {
        "Tax Effect Of Unusual Items": NaN,
        "Tax Rate For Calcs": NaN,
        "Normalized EBITDA": NaN,
        "Total Unusual Items": NaN,
        "Total Unusual Items Excluding Goodwill": NaN,
        "Net Income From Continuing Operation Net Minority Interest": NaN,
        "Reconciled Depreciation": NaN,
        "Reconciled Cost Of Revenue": NaN,
        "EBITDA": NaN,
        "EBIT": NaN,
        "Net Interest Income": NaN,
        "Interest Expense": NaN,
        "Interest Income": NaN,
        "Normalized Income": NaN,
        "Net Income From Continuing And Discontinued Operation": NaN,
        "Total Expenses": NaN,
        "Rent Expense Supplemental": NaN,
        "Total Operating Income As Reported": NaN,
        "Diluted Average Shares": NaN,
        "Basic Average Shares": NaN,
        "Diluted EPS": NaN,
        "Basic EPS": NaN,
        "Diluted NI Availto Com Stockholders": NaN,
        "Net Income Common Stockholders": NaN,
        "Net Income": NaN,
        "Net Income Including Noncontrolling Interests": NaN,
        "Net Income Continuous Operations": NaN,
        "Tax Provision": NaN,
        "Pretax Income": NaN,
        "Other Income Expense": NaN,
        "Other Non Operating Income Expenses": NaN,
        "Special Income Charges": NaN,
        "Other Special Charges": NaN,
        "Write Off": 9645000.0,
        "Impairment Of Capital Assets": NaN,
        "Net Non Operating Interest Income Expense": NaN,
        "Interest Expense Non Operating": NaN,
        "Interest Income Non Operating": NaN,
        "Operating Income": NaN,
        "Operating Expense": NaN,
        "Other Operating Expenses": NaN,
        "Depreciation Amortization Depletion Income Statement": NaN,
        "Depreciation And Amortization In Income Statement": NaN,
        "Selling General And Administration": NaN,
        "General And Administrative Expense": NaN,
        "Other Gand A": NaN,
        "Rent And Landing Fees": NaN,
        "Gross Profit": NaN,
        "Cost Of Revenue": NaN,
        "Total Revenue": NaN,
        "Operating Revenue": NaN
    },
    "2022-06-30": {
        "Tax Effect Of Unusual Items": -3677691.258712,
        "Tax Rate For Calcs": 0.222769,
        "Normalized EBITDA": 308560000.0,
        "Total Unusual Items": -16509000.0,
        "Total Unusual Items Excluding Goodwill": -16509000.0,
        "Net Income From Continuing Operation Net Minority Interest": 146763000.0,
        "Reconciled Depreciation": 66757000.0,
        "Reconciled Cost Of Revenue": 389818000.0,
        "EBITDA": 292051000.0,
        "EBIT": 225294000.0,
        "Net Interest Income": -35983000.0,
        "Interest Expense": 36466000.0,
        "Interest Income": 483000.0,
        "Normalized Income": 159594308.741288,
        "Net Income From Continuing And Discontinued Operation": 146763000.0,
        "Total Expenses": 649380000.0,
        "Rent Expense Supplemental": 26654000.0,
        "Total Operating Income As Reported": 245070000.0,
        "Diluted Average Shares": 110259000.0,
        "Basic Average Shares": 110118000.0,
        "Diluted EPS": 1.33,
        "Basic EPS": 1.33,
        "Diluted NI Availto Com Stockholders": 146763000.0,
        "Net Income Common Stockholders": 146763000.0,
        "Net Income": 146763000.0,
        "Net Income Including Noncontrolling Interests": 146763000.0,
        "Net Income Continuous Operations": 146763000.0,
        "Tax Provision": 42065000.0,
        "Pretax Income": 188828000.0,
        "Other Income Expense": -20259000.0,
        "Other Non Operating Income Expenses": -3750000.0,
        "Special Income Charges": -16509000.0,
        "Other Special Charges": 16509000.0,
        "Write Off": NaN,
        "Impairment Of Capital Assets": NaN,
        "Net Non Operating Interest Income Expense": -35983000.0,
        "Interest Expense Non Operating": 36466000.0,
        "Interest Income Non Operating": 483000.0,
        "Operating Income": 245070000.0,
        "Operating Expense": 259562000.0,
        "Other Operating Expenses": 70489000.0,
        "Depreciation Amortization Depletion Income Statement": 66757000.0,
        "Depreciation And Amortization In Income Statement": 66757000.0,
        "Selling General And Administration": 122316000.0,
        "General And Administrative Expense": 122316000.0,
        "Other Gand A": 95662000.0,
        "Rent And Landing Fees": 26654000.0,
        "Gross Profit": 504632000.0,
        "Cost Of Revenue": 389818000.0,
        "Total Revenue": 894450000.0,
        "Operating Revenue": 805128000.0
    },
    "2022-03-31": {
        "Diluted EPS": 1.45,
        "Total Revenue": 861,
        "Gross Profit": 484,
        "Operating Income": 251,
        "EBIT": 316,
        "Net Income": 163
    },
    "2021-12-31": {
        "Diluted EPS": 0.96,
        "Total Revenue": 880,
        "Gross Profit": 494,
        "Operating Income": 217,
        "EBIT": 333,
        "Net Income": 110
    },
    "2021-09-30": {
        "Diluted EPS": 1.21,
        "Total Revenue": 843,
        "Gross Profit": 486,
        "Operating Income": 223,
        "EBIT": 293,
        "Net Income": 138
    },
    "2021-06-30": {
        "Diluted EPS": 1.0,
        "Total Revenue": 894,
        "Gross Profit": 529,
        "Operating Income": 266,
        "EBIT": 337,
        "Net Income": 114
    },
    "2021-03-31": {
        "Diluted EPS": 0.9,
        "Total Revenue": 753,
        "Gross Profit": 428,
        "Operating Income": 194,
        "EBIT": 261,
        "Net Income": 102
    },
    "2020-12-31": {
        "Diluted EPS": 0.74,
        "Total Revenue": 636,
        "Gross Profit": 345,
        "Operating Income": 111,
        "EBIT": 202,
        "Net Income": 83
    },
    "2020-09-30": {
        "Diluted EPS": 0.33,
        "Total Revenue": 652,
        "Gross Profit": 380,
        "Operating Income": 127,
        "EBIT": 244,
        "Net Income": 38
    },
    "2020-06-30": {
        "Diluted EPS": -0.96,
        "Total Revenue": 210,
        "Gross Profit": 109,
        "Operating Income": -86,
        "EBIT": -14,
        "Net Income": -109
    },
    "2020-03-31": {
        "Diluted EPS": -1.3,
        "Total Revenue": 681,
        "Gross Profit": 308,
        "Operating Income": -138,
        "EBIT": -69,
        "Net Income": -148
    },
    "2019-12-31": {
        "Diluted EPS": 0.2,
        "Total Revenue": 833,
        "Gross Profit": 395,
        "Operating Income": 115,
        "EBIT": 193,
        "Net Income": 24
    },
    "2019-09-30": {
        "Diluted EPS": 0.35,
        "Total Revenue": 820,
        "Gross Profit": 389,
        "Operating Income": 113,
        "EBIT": 164,
        "Net Income": 39
    },
    "2019-06-30": {
        "Diluted EPS": 0.43,
        "Total Revenue": 846,
        "Gross Profit": 408,
        "Operating Income": 127,
        "EBIT": 214,
        "Net Income": 48
    },
    "2019-03-31": {
        "Diluted EPS": 0.4,
        "Total Revenue": 827,
        "Gross Profit": 398,
        "Operating Income": 118,
        "EBIT": 187,
        "Net Income": 45
    },
    "2018-12-31": {
        "Diluted EPS": 0.2,
        "Total Revenue": 792,
        "Gross Profit": 376,
        "Operating Income": 95,
        "EBIT": 167,
        "Net Income": 23
    },
    "2018-09-30": {
        "Diluted EPS": 0.1,
        "Total Revenue": 612,
        "Gross Profit": 289,
        "Operating Income": 70,
        "EBIT": 127,
        "Net Income": 12
    },
    "2018-06-30": {
        "Diluted EPS": 0.34,
        "Total Revenue": 617,
        "Gross Profit": 298,
        "Operating Income": 96,
        "EBIT": 152,
        "Net Income": 39
    },
    "2018-03-31": {
        "Diluted EPS": 0.36,
        "Total Revenue": 606,
        "Gross Profit": 293,
        "Operating Income": 95,
        "EBIT": 148,
        "Net Income": 41
    },
    "2017-12-31": {
        "Diluted EPS": 0.71,
        "Total Revenue": 595,
        "Gross Profit": 280,
        "Operating Income": 80,
        "EBIT": 139,
        "Net Income": 82
    },
    "2017-09-30": {
        "Diluted EPS": 0.2,
        "Total Revenue": 592,
        "Gross Profit": 279,
        "Operating Income": 79,
        "EBIT": 137,
        "Net Income": 23
    },
    "2017-06-30": {
        "Diluted EPS": 0.42,
        "Total Revenue": 604,
        "Gross Profit": 288,
        "Operating Income": 90,
        "EBIT": 144,
        "Net Income": 49
    },
    "2017-03-31": {
        "Diluted EPS": 0.31,
        "Total Revenue": 610,
        "Gross Profit": 291,
        "Operating Income": 95,
        "EBIT": 151,
        "Net Income": 35
    },
    "2016-12-31": {
        "Diluted EPS": 0.13,
        "Total Revenue": 570,
        "Gross Profit": 256,
        "Operating Income": 30,
        "EBIT": 84,
        "Net Income": 14
    },
    "2016-09-30": {
        "Diluted EPS": 2.97,
        "Total Revenue": 532,
        "Gross Profit": 244,
        "Operating Income": 68,
        "EBIT": 119,
        "Net Income": 343
    },
    "2016-06-30": {
        "Diluted EPS": 0.26,
        "Total Revenue": 545,
        "Gross Profit": 255,
        "Operating Income": 80,
        "EBIT": 133,
        "Net Income": 30
    },
    "2016-03-31": {
        "Diluted EPS": 0.29,
        "Total Revenue": 552,
        "Gross Profit": 257,
        "Operating Income": 82,
        "EBIT": 134,
        "Net Income": 33
    },
    "2015-12-31": {
        "Diluted EPS": -0.05,
        "Total Revenue": 543,
        "Gross Profit": 248,
        "Operating Income": 35,
        "EBIT": 92,
        "Net Income": -7
    },
    "2015-09-30": {
        "Diluted EPS": 0.22,
        "Total Revenue": 546,
        "Gross Profit": 246,
        "Operating Income": 69,
        "EBIT": 126,
        "Net Income": 25
    },
    "2015-06-30": {
        "Diluted EPS": -0.06,
        "Total Revenue": 560,
        "Gross Profit": 262,
        "Operating Income": 83,
        "EBIT": 141,
        "Net Income": -6
    },
    "2015-03-31": {
        "Diluted EPS": 0.31,
        "Total Revenue": 551,
        "Gross Profit": 253,
        "Operating Income": 84,
        "EBIT": 141,
        "Net Income": 35
    },
    "2014-12-31": {
        "Diluted EPS": -0.29,
        "Total Revenue": 532,
        "Gross Profit": 239,
        "Operating Income": 22,
        "EBIT": 35,
        "Net Income": -32
    },
    "2014-09-30": {
        "Diluted EPS": -0.14,
        "Total Revenue": 739,
        "Gross Profit": 335,
        "Operating Income": 74,
        "EBIT": 147,
        "Net Income": -15
    },
    "2014-06-30": {
        "Diluted EPS": 0.01,
        "Total Revenue": 723,
        "Gross Profit": 328,
        "Operating Income": 87,
        "EBIT": 160,
        "Net Income": 1
    },
    "2014-03-31": {
        "Diluted EPS": -0.06,
        "Total Revenue": 708,
        "Gross Profit": 325,
        "Operating Income": 69,
        "EBIT": 141,
        "Net Income": -6
    },
    "2013-12-31": {
        "Diluted EPS": -0.51,
        "Total Revenue": 682,
        "Gross Profit": 298,
        "Operating Income": 39,
        "EBIT": 117,
        "Net Income": -47
    },
    "2013-09-30": {
        "Diluted EPS": -0.37,
        "Total Revenue": 739,
        "Gross Profit": 333,
        "Operating Income": 78,
        "EBIT": 157,
        "Net Income": -37
    },
    "2013-06-30": {
        "Diluted EPS": 0.13,
        "Total Revenue": 739,
        "Gross Profit": 340,
        "Operating Income": 79,
        "EBIT": 162,
        "Net Income": 12
    },
    "2013-03-31": {
        "Diluted EPS": -0.08,
        "Total Revenue": 736,
        "Gross Profit": 337,
        "Operating Income": 81,
        "EBIT": 160,
        "Net Income": -7
    },
    "2012-12-31": {
        "Diluted EPS": -10.27,
        "Total Revenue": 623,
        "Gross Profit": 266,
        "Operating Income": NaN,
        "EBIT": -961,
        "Net Income": -900
    },
    "2012-09-30": {
        "Diluted EPS": -0.18,
        "Total Revenue": 612,
        "Gross Profit": 262,
        "Operating Income": 49,
        "EBIT": 104,
        "Net Income": -16
    },
    "2012-06-30": {
        "Diluted EPS": 0.01,
        "Total Revenue": 614,
        "Gross Profit": 272,
        "Operating Income": 59,
        "EBIT": 115,
        "Net Income": 1
    },
    "2012-03-31": {
        "Diluted EPS": 0.07,
        "Total Revenue": 633,
        "Gross Profit": 290,
        "Operating Income": 77,
        "EBIT": 131,
        "Net Income": 6
    },
    "2011-12-31": {
        "Diluted EPS": -0.01,
        "Total Revenue": 601,
        "Gross Profit": 268,
        "Operating Income": 58,
        "EBIT": 114,
        "Net Income": 0
    },
    "2011-09-30": {
        "Diluted EPS": 0.04,
        "Total Revenue": 590,
        "Gross Profit": 266,
        "Operating Income": 68,
        "EBIT": 117,
        "Net Income": 3
    },
    "2011-06-30": {
        "Diluted EPS": -0.03,
        "Total Revenue": 574,
        "Gross Profit": 260,
        "Operating Income": 62,
        "EBIT": 114,
        "Net Income": -3
    },
    "2011-03-31": {
        "Diluted EPS": -0.04,
        "Total Revenue": 565,
        "Gross Profit": 252,
        "Operating Income": 48,
        "EBIT": 102,
        "Net Income": -4
    },
    "2010-12-31": {
        "Diluted EPS": -0.08,
        "Total Revenue": 552,
        "Gross Profit": 242,
        "Operating Income": 41,
        "EBIT": 93,
        "Net Income": -7
    },
    "2010-09-30": {
        "Diluted EPS": 0.06,
        "Total Revenue": 595,
        "Gross Profit": 265,
        "Operating Income": 54,
        "EBIT": 111,
        "Net Income": 6
    },
    "2010-06-30": {
        "Diluted EPS": 0.04,
        "Total Revenue": 578,
        "Gross Profit": 259,
        "Operating Income": 50,
        "EBIT": 107,
        "Net Income": 3
    },
    "2010-03-31": {
        "Diluted EPS": 0.1,
        "Total Revenue": 415,
        "Gross Profit": 185,
        "Operating Income": 44,
        "EBIT": 85,
        "Net Income": 8
    },
    "2009-12-31": {
        "Diluted EPS": -0.01,
        "Total Revenue": 385,
        "Gross Profit": 162,
        "Operating Income": 26,
        "EBIT": 68,
        "Net Income": -1
    },
    "2009-09-30": {
        "Diluted EPS": 0.07,
        "Total Revenue": 398,
        "Gross Profit": 175,
        "Operating Income": 47,
        "EBIT": 89,
        "Net Income": 6
    },
    "2009-06-30": {
        "Diluted EPS": 0.15,
        "Total Revenue": 423,
        "Gross Profit": 194,
        "Operating Income": 56,
        "EBIT": 99,
        "Net Income": 13
    },
    "2009-03-31": {
        "Diluted EPS": -0.16,
        "Total Revenue": 435,
        "Gross Profit": 201,
        "Operating Income": 27,
        "EBIT": 71,
        "Net Income": -14
    },
    "2023-09-30": {
        "Tax Effect Of Unusual Items": NaN,
        "Tax Rate For Calcs": NaN,
        "Normalized EBITDA": NaN,
        "Total Unusual Items": NaN,
        "Total Unusual Items Excluding Goodwill": NaN,
        "Net Income From Continuing Operation Net Minority Interest": NaN,
        "Reconciled Depreciation": NaN,
        "Reconciled Cost Of Revenue": NaN,
        "EBITDA": NaN,
        "EBIT": NaN,
        "Net Interest Income": NaN,
        "Interest Expense": NaN,
        "Interest Income": NaN,
        "Normalized Income": NaN,
        "Net Income From Continuing And Discontinued Operation": NaN,
        "Total Expenses": NaN,
        "Rent Expense Supplemental": NaN,
        "Total Operating Income As Reported": NaN,
        "Diluted Average Shares": NaN,
        "Basic Average Shares": NaN,
        "Diluted EPS": NaN,
        "Basic EPS": NaN,
        "Diluted NI Availto Com Stockholders": NaN,
        "Net Income Common Stockholders": NaN,
        "Net Income": NaN,
        "Minority Interests": NaN,
        "Net Income Including Noncontrolling Interests": NaN,
        "Net Income Continuous Operations": NaN,
        "Tax Provision": NaN,
        "Pretax Income": NaN,
        "Other Income Expense": NaN,
        "Other Non Operating Income Expenses": NaN,
        "Special Income Charges": NaN,
        "Write Off": 2405000.0,
        "Impairment Of Capital Assets": NaN,
        "Net Non Operating Interest Income Expense": NaN,
        "Interest Expense Non Operating": NaN,
        "Interest Income Non Operating": NaN,
        "Operating Income": NaN,
        "Operating Expense": NaN,
        "Other Operating Expenses": NaN,
        "Depreciation Amortization Depletion Income Statement": NaN,
        "Depreciation And Amortization In Income Statement": NaN,
        "Research And Development": NaN,
        "Selling General And Administration": NaN,
        "General And Administrative Expense": NaN,
        "Other Gand A": NaN,
        "Rent And Landing Fees": NaN,
        "Gross Profit": NaN,
        "Cost Of Revenue": NaN,
        "Total Revenue": NaN,
        "Operating Revenue": NaN
    },
    "2023-12-31": {
        "Tax Effect Of Unusual Items": NaN,
        "Tax Rate For Calcs": NaN,
        "Normalized EBITDA": NaN,
        "Total Unusual Items": NaN,
        "Total Unusual Items Excluding Goodwill": NaN,
        "Net Income From Continuing Operation Net Minority Interest": NaN,
        "Reconciled Depreciation": NaN,
        "Reconciled Cost Of Revenue": NaN,
        "EBITDA": NaN,
        "EBIT": NaN,
        "Net Interest Income": NaN,
        "Interest Expense": NaN,
        "Interest Income": NaN,
        "Normalized Income": NaN,
        "Net Income From Continuing And Discontinued Operation": NaN,
        "Total Expenses": NaN,
        "Rent Expense Supplemental": NaN,
        "Total Operating Income As Reported": NaN,
        "Diluted Average Shares": NaN,
        "Basic Average Shares": NaN,
        "Diluted EPS": NaN,
        "Basic EPS": NaN,
        "Diluted NI Availto Com Stockholders": NaN,
        "Net Income Common Stockholders": NaN,
        "Net Income": NaN,
        "Minority Interests": NaN,
        "Net Income Including Noncontrolling Interests": NaN,
        "Net Income Continuous Operations": NaN,
        "Tax Provision": NaN,
        "Pretax Income": NaN,
        "Other Income Expense": NaN,
        "Other Non Operating Income Expenses": NaN,
        "Special Income Charges": NaN,
        "Write Off": NaN,
        "Impairment Of Capital Assets": 103300000.0,
        "Net Non Operating Interest Income Expense": NaN,
        "Interest Expense Non Operating": NaN,
        "Interest Income Non Operating": NaN,
        "Operating Income": NaN,
        "Operating Expense": NaN,
        "Other Operating Expenses": NaN,
        "Depreciation Amortization Depletion Income Statement": NaN,
        "Depreciation And Amortization In Income Statement": NaN,
        "Research And Development": NaN,
        "Selling General And Administration": NaN,
        "General And Administrative Expense": NaN,
        "Other Gand A": NaN,
        "Rent And Landing Fees": NaN,
        "Gross Profit": NaN,
        "Cost Of Revenue": NaN,
        "Total Revenue": NaN,
        "Operating Revenue": NaN
    },
    "2024-03-31": {
        "Tax Effect Of Unusual Items": NaN,
        "Tax Rate For Calcs": NaN,
        "Normalized EBITDA": NaN,
        "Total Unusual Items": NaN,
        "Total Unusual Items Excluding Goodwill": NaN,
        "Net Income From Continuing Operation Net Minority Interest": NaN,
        "Reconciled Depreciation": NaN,
        "Reconciled Cost Of Revenue": NaN,
        "EBITDA": NaN,
        "EBIT": NaN,
        "Net Interest Income": NaN,
        "Interest Expense": NaN,
        "Interest Income": NaN,
        "Normalized Income": NaN,
        "Net Income From Continuing And Discontinued Operation": NaN,
        "Total Expenses": NaN,
        "Rent Expense Supplemental": NaN,
        "Total Operating Income As Reported": NaN,
        "Diluted Average Shares": NaN,
        "Basic Average Shares": NaN,
        "Diluted EPS": NaN,
        "Basic EPS": NaN,
        "Diluted NI Availto Com Stockholders": NaN,
        "Net Income Common Stockholders": NaN,
        "Net Income": NaN,
        "Minority Interests": 0.0,
        "Net Income Including Noncontrolling Interests": NaN,
        "Net Income Continuous Operations": NaN,
        "Tax Provision": NaN,
        "Pretax Income": NaN,
        "Other Income Expense": NaN,
        "Other Non Operating Income Expenses": NaN,
        "Special Income Charges": NaN,
        "Other Special Charges": NaN,
        "Write Off": 3021000.0,
        "Impairment Of Capital Assets": 10500000.0,
        "Net Non Operating Interest Income Expense": NaN,
        "Interest Expense Non Operating": NaN,
        "Interest Income Non Operating": NaN,
        "Operating Income": NaN,
        "Operating Expense": NaN,
        "Other Operating Expenses": NaN,
        "Depreciation Amortization Depletion Income Statement": NaN,
        "Depreciation And Amortization In Income Statement": NaN,
        "Research And Development": NaN,
        "Selling General And Administration": NaN,
        "General And Administrative Expense": NaN,
        "Other Gand A": NaN,
        "Rent And Landing Fees": NaN,
        "Gross Profit": NaN,
        "Cost Of Revenue": NaN,
        "Total Revenue": NaN,
        "Operating Revenue": NaN
    },
    "2024-06-30": {
        "Tax Effect Of Unusual Items": NaN,
        "Tax Rate For Calcs": NaN,
        "Normalized EBITDA": NaN,
        "Total Unusual Items": NaN,
        "Total Unusual Items Excluding Goodwill": NaN,
        "Net Income From Continuing Operation Net Minority Interest": NaN,
        "Reconciled Depreciation": NaN,
        "Reconciled Cost Of Revenue": NaN,
        "EBITDA": NaN,
        "EBIT": NaN,
        "Net Interest Income": NaN,
        "Interest Expense": NaN,
        "Interest Income": NaN,
        "Normalized Income": NaN,
        "Net Income From Continuing And Discontinued Operation": NaN,
        "Total Expenses": NaN,
        "Rent Expense Supplemental": NaN,
        "Total Operating Income As Reported": NaN,
        "Diluted Average Shares": NaN,
        "Basic Average Shares": NaN,
        "Diluted EPS": NaN,
        "Basic EPS": NaN,
        "Diluted NI Availto Com Stockholders": NaN,
        "Net Income Common Stockholders": NaN,
        "Net Income": NaN,
        "Minority Interests": 0.0,
        "Net Income Including Noncontrolling Interests": NaN,
        "Net Income Continuous Operations": NaN,
        "Tax Provision": NaN,
        "Pretax Income": NaN,
        "Other Income Expense": NaN,
        "Other Non Operating Income Expenses": NaN,
        "Special Income Charges": NaN,
        "Other Special Charges": NaN,
        "Write Off": 0.0,
        "Impairment Of Capital Assets": NaN,
        "Net Non Operating Interest Income Expense": NaN,
        "Interest Expense Non Operating": NaN,
        "Interest Income Non Operating": NaN,
        "Operating Income": NaN,
        "Operating Expense": NaN,
        "Other Operating Expenses": NaN,
        "Depreciation Amortization Depletion Income Statement": NaN,
        "Depreciation And Amortization In Income Statement": NaN,
        "Research And Development": NaN,
        "Selling General And Administration": NaN,
        "General And Administrative Expense": NaN,
        "Other Gand A": NaN,
        "Rent And Landing Fees": NaN,
        "Gross Profit": NaN,
        "Cost Of Revenue": NaN,
        "Total Revenue": NaN,
        "Operating Revenue": NaN
    },
    "2024-09-30": {
        "Tax Effect Of Unusual Items": 0.0,
        "Tax Rate For Calcs": 0.246304,
        "Normalized EBITDA": 290532000.0,
        "Total Unusual Items": 0.0,
        "Total Unusual Items Excluding Goodwill": 0.0,
        "Net Income From Continuing Operation Net Minority Interest": 131128000.0,
        "Reconciled Depreciation": 70344000.0,
        "Reconciled Cost Of Revenue": 461890000.0,
        "EBITDA": 290532000.0,
        "EBIT": 220188000.0,
        "Net Interest Income": -45816000.0,
        "Interest Expense": 46208000.0,
        "Interest Income": 392000.0,
        "Normalized Income": 131128000.0,
        "Net Income From Continuing And Discontinued Operation": 131128000.0,
        "Total Expenses": 741261000.0,
        "Rent Expense Supplemental": 28160000.0,
        "Total Operating Income As Reported": 219985000.0,
        "Diluted Average Shares": 91893000.0,
        "Basic Average Shares": 91863000.0,
        "Diluted EPS": 1.43,
        "Basic EPS": 1.43,
        "Diluted NI Availto Com Stockholders": 131128000.0,
        "Net Income Common Stockholders": 131128000.0,
        "Net Income": 131128000.0,
        "Minority Interests": NaN,
        "Net Income Including Noncontrolling Interests": 131128000.0,
        "Net Income Continuous Operations": 131128000.0,
        "Tax Provision": 42852000.0,
        "Pretax Income": 173980000.0,
        "Other Income Expense": -189000.0,
        "Other Non Operating Income Expenses": -189000.0,
        "Special Income Charges": 0.0,
        "Other Special Charges": NaN,
        "Write Off": NaN,
        "Impairment Of Capital Assets": 0.0,
        "Net Non Operating Interest Income Expense": -45816000.0,
        "Interest Expense Non Operating": 46208000.0,
        "Interest Income Non Operating": 392000.0,
        "Operating Income": 219985000.0,
        "Operating Expense": 279371000.0,
        "Other Operating Expenses": 67129000.0,
        "Depreciation Amortization Depletion Income Statement": 70344000.0,
        "Depreciation And Amortization In Income Statement": 70344000.0,
        "Research And Development": 11347000.0,
        "Selling General And Administration": 130551000.0,
        "General And Administrative Expense": 130551000.0,
        "Other Gand A": 102391000.0,
        "Rent And Landing Fees": 28160000.0,
        "Gross Profit": 499356000.0,
        "Cost Of Revenue": 461890000.0,
        "Total Revenue": 961246000.0,
        "Operating Revenue": 925824000.0
    },
    "2024-12-31": {
        "Tax Effect Of Unusual Items": 0.0,
        "Tax Rate For Calcs": 0.21077,
        "Normalized EBITDA": 339689000.0,
        "Total Unusual Items": 0.0,
        "Total Unusual Items Excluding Goodwill": 0.0,
        "Net Income From Continuing Operation Net Minority Interest": 170506000.0,
        "Reconciled Depreciation": 77705000.0,
        "Reconciled Cost Of Revenue": 493242000.0,
        "EBITDA": 339689000.0,
        "EBIT": 261984000.0,
        "Net Interest Income": -45559000.0,
        "Interest Expense": 45943000.0,
        "Interest Income": 384000.0,
        "Normalized Income": 170506000.0,
        "Net Income From Continuing And Discontinued Operation": 170506000.0,
        "Total Expenses": 779614000.0,
        "Rent Expense Supplemental": 28159000.0,
        "Total Operating Income As Reported": 261301000.0,
        "Diluted Average Shares": 89006000.0,
        "Basic Average Shares": 88982000.0,
        "Diluted EPS": 1.92,
        "Basic EPS": 1.92,
        "Diluted NI Availto Com Stockholders": 170506000.0,
        "Net Income Common Stockholders": 170506000.0,
        "Net Income": 170506000.0,
        "Minority Interests": NaN,
        "Net Income Including Noncontrolling Interests": 170506000.0,
        "Net Income Continuous Operations": 170506000.0,
        "Tax Provision": 45535000.0,
        "Pretax Income": 216041000.0,
        "Other Income Expense": 299000.0,
        "Other Non Operating Income Expenses": 299000.0,
        "Special Income Charges": 0.0,
        "Other Special Charges": NaN,
        "Write Off": NaN,
        "Impairment Of Capital Assets": 0.0,
        "Net Non Operating Interest Income Expense": -45559000.0,
        "Interest Expense Non Operating": 45943000.0,
        "Interest Income Non Operating": 384000.0,
        "Operating Income": 261301000.0,
        "Operating Expense": 286372000.0,
        "Other Operating Expenses": 62373000.0,
        "Depreciation Amortization Depletion Income Statement": 77705000.0,
        "Depreciation And Amortization In Income Statement": 77705000.0,
        "Research And Development": 6618000.0,
        "Selling General And Administration": 139676000.0,
        "General And Administrative Expense": 139676000.0,
        "Other Gand A": 111517000.0,
        "Rent And Landing Fees": 28159000.0,
        "Gross Profit": 547673000.0,
        "Cost Of Revenue": 493242000.0,
        "Total Revenue": 1040915000.0,
        "Operating Revenue": 1005142000.0
    },
    "2025-03-31": {
        "Tax Effect Of Unusual Items": -8745712.0,
        "Tax Rate For Calcs": 0.271,
        "Normalized EBITDA": 301083000.0,
        "Total Unusual Items": -32272000.0,
        "Total Unusual Items Excluding Goodwill": -32272000.0,
        "Net Income From Continuing Operation Net Minority Interest": 111419000.0,
        "Reconciled Depreciation": 68223000.0,
        "Reconciled Cost Of Revenue": 487278000.0,
        "EBITDA": 268811000.0,
        "EBIT": 200588000.0,
        "Net Interest Income": -47629000.0,
        "Interest Expense": 48437000.0,
        "Interest Income": 808000.0,
        "Normalized Income": 134945288.0,
        "Net Income From Continuing And Discontinued Operation": 111419000.0,
        "Total Expenses": 759406000.0,
        "Rent Expense Supplemental": 28160000.0,
        "Total Operating Income As Reported": 199887000.0,
        "Diluted Average Shares": 85136000.0,
        "Basic Average Shares": 85119000.0,
        "Diluted EPS": 1.31,
        "Basic EPS": 1.31,
        "Diluted NI Availto Com Stockholders": 111419000.0,
        "Net Income Common Stockholders": 111419000.0,
        "Net Income": 111419000.0,
        "Minority Interests": 537000.0,
        "Net Income Including Noncontrolling Interests": 110882000.0,
        "Net Income Continuous Operations": 110882000.0,
        "Tax Provision": 41269000.0,
        "Pretax Income": 152151000.0,
        "Other Income Expense": -32379000.0,
        "Other Non Operating Income Expenses": -107000.0,
        "Special Income Charges": -32272000.0,
        "Other Special Charges": NaN,
        "Write Off": NaN,
        "Impairment Of Capital Assets": 32272000.0,
        "Net Non Operating Interest Income Expense": -47629000.0,
        "Interest Expense Non Operating": 48437000.0,
        "Interest Income Non Operating": 808000.0,
        "Operating Income": 232159000.0,
        "Operating Expense": 272128000.0,
        "Other Operating Expenses": 69421000.0,
        "Depreciation Amortization Depletion Income Statement": 68223000.0,
        "Depreciation And Amortization In Income Statement": 68223000.0,
        "Research And Development": -1522000.0,
        "Selling General And Administration": 136006000.0,
        "General And Administrative Expense": 136006000.0,
        "Other Gand A": 107846000.0,
        "Rent And Landing Fees": 28160000.0,
        "Gross Profit": 504287000.0,
        "Cost Of Revenue": 487278000.0,
        "Total Revenue": 991565000.0,
        "Operating Revenue": 954958000.0
    },
    "2025-06-30": {
        "Tax Effect Of Unusual Items": 0.0,
        "Tax Rate For Calcs": 0.221416,
        "Normalized EBITDA": 313666000.0,
        "Total Unusual Items": 0.0,
        "Total Unusual Items Excluding Goodwill": 0.0,
        "Net Income From Continuing Operation Net Minority Interest": 151458000.0,
        "Reconciled Depreciation": 69985000.0,
        "Reconciled Cost Of Revenue": 506923000.0,
        "EBITDA": 313666000.0,
        "EBIT": 243681000.0,
        "Net Interest Income": -49306000.0,
        "Interest Expense": 50569000.0,
        "Interest Income": 1263000.0,
        "Normalized Income": 151458000.0,
        "Net Income From Continuing And Discontinued Operation": 151458000.0,
        "Total Expenses": 791628000.0,
        "Rent Expense Supplemental": 28442000.0,
        "Total Operating Income As Reported": 242370000.0,
        "Diluted Average Shares": 82303000.0,
        "Basic Average Shares": 82289000.0,
        "Diluted EPS": 1.84,
        "Basic EPS": 1.84,
        "Diluted NI Availto Com Stockholders": 151458000.0,
        "Net Income Common Stockholders": 151458000.0,
        "Net Income": 151458000.0,
        "Minority Interests": 1104000.0,
        "Net Income Including Noncontrolling Interests": 150354000.0,
        "Net Income Continuous Operations": 150354000.0,
        "Tax Provision": 42758000.0,
        "Pretax Income": 193112000.0,
        "Other Income Expense": 48000.0,
        "Other Non Operating Income Expenses": 48000.0,
        "Special Income Charges": 0.0,
        "Other Special Charges": NaN,
        "Write Off": 0.0,
        "Impairment Of Capital Assets": NaN,
        "Net Non Operating Interest Income Expense": -49306000.0,
        "Interest Expense Non Operating": 50569000.0,
        "Interest Income Non Operating": 1263000.0,
        "Operating Income": 242370000.0,
        "Operating Expense": 284705000.0,
        "Other Operating Expenses": 73449000.0,
        "Depreciation Amortization Depletion Income Statement": 69985000.0,
        "Depreciation And Amortization In Income Statement": 69985000.0,
        "Research And Development": 2764000.0,
        "Selling General And Administration": 138507000.0,
        "General And Administrative Expense": 138507000.0,
        "Other Gand A": 110065000.0,
        "Rent And Landing Fees": 28442000.0,
        "Gross Profit": 527075000.0,
        "Cost Of Revenue": 506923000.0,
        "Total Revenue": 1033998000.0,
        "Operating Revenue": 997901000.0
    },
    "2025-09-30": {
        "Tax Effect Of Unusual Items": -14571170.596014,
        "Tax Rate For Calcs": 0.218888,
        "Normalized EBITDA": 2015616000.0,
        "Total Unusual Items": -66569000.0,
        "Total Unusual Items Excluding Goodwill": -66569000.0,
        "Net Income From Continuing Operation Net Minority Interest": 1439993000.0,
        "Reconciled Depreciation": 73749000.0,
        "Reconciled Cost Of Revenue": 516178000.0,
        "EBITDA": 1949047000.0,
        "EBIT": 1875298000.0,
        "Net Interest Income": -31761000.0,
        "Interest Expense": 33262000.0,
        "Interest Income": 1501000.0,
        "Normalized Income": 1491990829.403986,
        "Net Income From Continuing And Discontinued Operation": 1439993000.0,
        "Total Expenses": 799474000.0,
        "Rent Expense Supplemental": 28584000.0,
        "Total Operating Income As Reported": 139764000.0,
        "Diluted Average Shares": 80875000.0,
        "Basic Average Shares": 80860000.0,
        "Diluted EPS": 17.81,
        "Basic EPS": 17.81,
        "Diluted NI Availto Com Stockholders": 1439993000.0,
        "Net Income Common Stockholders": 1439993000.0,
        "Net Income": 1439993000.0,
        "Minority Interests": 1157000.0,
        "Net Income Including Noncontrolling Interests": 1438836000.0,
        "Net Income Continuous Operations": 1438836000.0,
        "Tax Provision": 403200000.0,
        "Pretax Income": 1842036000.0,
        "Other Income Expense": 1668910000.0,
        "Other Non Operating Income Expenses": 1735479000.0,
        "Special Income Charges": -66569000.0,
        "Other Special Charges": 1446000.0,
        "Write Off": NaN,
        "Impairment Of Capital Assets": 65123000.0,
        "Net Non Operating Interest Income Expense": -31761000.0,
        "Interest Expense Non Operating": 33262000.0,
        "Interest Income Non Operating": 1501000.0,
        "Operating Income": 204887000.0,
        "Operating Expense": 283296000.0,
        "Other Operating Expenses": 72986000.0,
        "Depreciation Amortization Depletion Income Statement": 73749000.0,
        "Depreciation And Amortization In Income Statement": 73749000.0,
        "Research And Development": 3972000.0,
        "Selling General And Administration": 132589000.0,
        "General And Administrative Expense": 132589000.0,
        "Other Gand A": 104005000.0,
        "Rent And Landing Fees": 28584000.0,
        "Gross Profit": 488183000.0,
        "Cost Of Revenue": 516178000.0,
        "Total Revenue": 1004361000.0,
        "Operating Revenue": 967479000.0
    }
}