{
    "2023-03-31": {
        "Tax Effect Of Unusual Items": 0.0,
        "Tax Rate For Calcs": 0.0,
        "Normalized EBITDA": -49190000.0,
        "Total Unusual Items": 426000.0,
        "Total Unusual Items Excluding Goodwill": 426000.0,
        "Net Income From Continuing Operation Net Minority Interest": -59037000.0,
        "Reconciled Depreciation": 6049000.0,
        "Reconciled Cost Of Revenue": 86051000.0,
        "EBITDA": -48764000.0,
        "EBIT": -54813000.0,
        "Net Interest Income": -989000.0,
        "Interest Expense": 989000.0,
        "Normalized Income": -59463000.0,
        "Net Income From Continuing And Discontinued Operation": -59037000.0,
        "Total Expenses": 150383000.0,
        "Total Operating Income As Reported": -57721000.0,
        "Diluted Average Shares": 64004894.0,
        "Basic Average Shares": 64004894.0,
        "Diluted EPS": -0.92,
        "Basic EPS": -0.92,
        "Diluted NI Availto Com Stockholders": -59037000.0,
        "Net Income Common Stockholders": -59037000.0,
        "Net Income": -59037000.0,
        "Net Income Including Noncontrolling Interests": -59037000.0,
        "Net Income Continuous Operations": -59037000.0,
        "Earnings From Equity Interest Net Of Tax": -3235000.0,
        "Tax Provision": 0.0,
        "Pretax Income": -55802000.0,
        "Other Income Expense": 3334000.0,
        "Other Non Operating Income Expenses": 2908000.0,
        "Special Income Charges": 426000.0,
        "Restructuring And Mergern Acquisition": -426000.0,
        "Net Non Operating Interest Income Expense": -989000.0,
        "Interest Expense Non Operating": 989000.0,
        "Operating Income": -58147000.0,
        "Operating Expense": 64332000.0,
        "Research And Development": 12432000.0,
        "Selling General And Administration": 51900000.0,
        "Gross Profit": 6185000.0,
        "Cost Of Revenue": 86051000.0,
        "Total Revenue": 92236000.0,
        "Operating Revenue": 92236000.0
    },
    "2022-12-31": {
        "Tax Effect Of Unusual Items": -616980.0,
        "Tax Rate For Calcs": 0.21,
        "Normalized EBITDA": -45699000.0,
        "Total Unusual Items": -2938000.0,
        "Total Unusual Items Excluding Goodwill": -2938000.0,
        "Net Income From Continuing Operation Net Minority Interest": -66867000.0,
        "Reconciled Depreciation": 9327000.0,
        "Reconciled Cost Of Revenue": 82869000.0,
        "EBITDA": -48637000.0,
        "EBIT": -57964000.0,
        "Net Interest Income": -793000.0,
        "Interest Expense": 793000.0,
        "Normalized Income": -64545980.0,
        "Net Income From Continuing And Discontinued Operation": -66867000.0,
        "Total Expenses": 142721000.0,
        "Total Operating Income As Reported": -65721000.0,
        "Diluted Average Shares": 63751119.0,
        "Basic Average Shares": 63751119.0,
        "Diluted EPS": -1.05,
        "Basic EPS": -1.05,
        "Diluted NI Availto Com Stockholders": -66867000.0,
        "Net Income Common Stockholders": -66867000.0,
        "Net Income": -66867000.0,
        "Net Income Including Noncontrolling Interests": -66867000.0,
        "Net Income Continuous Operations": -66867000.0,
        "Earnings From Equity Interest Net Of Tax": -8099000.0,
        "Tax Provision": 11000.0,
        "Pretax Income": -58757000.0,
        "Other Income Expense": 4819000.0,
        "Other Non Operating Income Expenses": 7757000.0,
        "Special Income Charges": -2938000.0,
        "Restructuring And Mergern Acquisition": 2938000.0,
        "Net Non Operating Interest Income Expense": -793000.0,
        "Interest Expense Non Operating": 793000.0,
        "Operating Income": -62783000.0,
        "Operating Expense": 59852000.0,
        "Research And Development": 12971000.0,
        "Selling General And Administration": 46881000.0,
        "Gross Profit": -2931000.0,
        "Cost Of Revenue": 82869000.0,
        "Total Revenue": 79938000.0,
        "Operating Revenue": 79938000.0
    },
    "2022-09-30": {
        "Tax Effect Of Unusual Items": 0.0,
        "Tax Rate For Calcs": 0.0,
        "Normalized EBITDA": -76464000.0,
        "Total Unusual Items": -6993000.0,
        "Total Unusual Items Excluding Goodwill": -6993000.0,
        "Net Income From Continuing Operation Net Minority Interest": -101678000.0,
        "Reconciled Depreciation": 8435000.0,
        "Reconciled Cost Of Revenue": 97340000.0,
        "EBITDA": -83457000.0,
        "EBIT": -91892000.0,
        "Net Interest Income": -1040000.0,
        "Interest Expense": 1040000.0,
        "Normalized Income": -94685000.0,
        "Net Income From Continuing And Discontinued Operation": -101678000.0,
        "Total Expenses": 165248000.0,
        "Total Operating Income As Reported": -89741000.0,
        "Diluted Average Shares": 63694592.0,
        "Basic Average Shares": 63694592.0,
        "Diluted EPS": -1.6,
        "Basic EPS": -1.6,
        "Diluted NI Availto Com Stockholders": -101678000.0,
        "Net Income Common Stockholders": -101678000.0,
        "Net Income": -101678000.0,
        "Net Income Including Noncontrolling Interests": -101678000.0,
        "Net Income Continuous Operations": -101678000.0,
        "Earnings From Equity Interest Net Of Tax": -8746000.0,
        "Tax Provision": 0.0,
        "Pretax Income": -92932000.0,
        "Other Income Expense": -9144000.0,
        "Other Non Operating Income Expenses": -2151000.0,
        "Special Income Charges": -6993000.0,
        "Restructuring And Mergern Acquisition": 6993000.0,
        "Net Non Operating Interest Income Expense": -1040000.0,
        "Interest Expense Non Operating": 1040000.0,
        "Operating Income": -82748000.0,
        "Operating Expense": 67908000.0,
        "Research And Development": 13413000.0,
        "Selling General And Administration": 54495000.0,
        "Gross Profit": -14840000.0,
        "Cost Of Revenue": 97340000.0,
        "Total Revenue": 82500000.0,
        "Operating Revenue": 82500000.0
    },
    "2022-06-30": {
        "Tax Effect Of Unusual Items": -1720800.0,
        "Tax Rate For Calcs": 0.4,
        "Normalized EBITDA": -90281000.0,
        "Total Unusual Items": -4302000.0,
        "Total Unusual Items Excluding Goodwill": -4302000.0,
        "Net Income From Continuing Operation Net Minority Interest": -97134000.0,
        "Reconciled Depreciation": 7729000.0,
        "Reconciled Cost Of Revenue": 153202000.0,
        "EBITDA": -94583000.0,
        "EBIT": -94583000.0,
        "Net Interest Income": -1108000.0,
        "Interest Expense": 1108000.0,
        "Normalized Income": -94552800.0,
        "Net Income From Continuing And Discontinued Operation": -97134000.0,
        "Total Expenses": 232419000.0,
        "Total Operating Income As Reported": -89681000.0,
        "Diluted Average Shares": 63573658.0,
        "Basic Average Shares": 63573658.0,
        "Diluted EPS": -1.53,
        "Basic EPS": -1.53,
        "Diluted NI Availto Com Stockholders": -97134000.0,
        "Net Income Common Stockholders": -97134000.0,
        "Net Income": -97134000.0,
        "Net Income Including Noncontrolling Interests": -97134000.0,
        "Net Income Continuous Operations": -97134000.0,
        "Earnings From Equity Interest Net Of Tax": -1432000.0,
        "Tax Provision": 11000.0,
        "Pretax Income": -95691000.0,
        "Other Income Expense": -9204000.0,
        "Other Non Operating Income Expenses": -4902000.0,
        "Special Income Charges": -4302000.0,
        "Restructuring And Mergern Acquisition": 4302000.0,
        "Net Non Operating Interest Income Expense": -1108000.0,
        "Interest Expense Non Operating": 1108000.0,
        "Operating Income": -85379000.0,
        "Operating Expense": 79217000.0,
        "Research And Development": 16202000.0,
        "Selling General And Administration": 63015000.0,
        "Gross Profit": -6162000.0,
        "Cost Of Revenue": 153202000.0,
        "Total Revenue": 147040000.0,
        "Operating Revenue": 147040000.0
    },
    "2022-03-31": {
        "Diluted EPS": -1.58,
        "Total Revenue": 109,
        "Gross Profit": 0,
        "Operating Income": -98,
        "EBIT": -90,
        "Net Income": -100
    },
    "2021-12-31": {
        "Diluted EPS": -1.27,
        "Total Revenue": 101,
        "Gross Profit": 14,
        "Operating Income": -78,
        "EBIT": -70,
        "Net Income": -80
    },
    "2021-09-30": {
        "Diluted EPS": -0.87,
        "Total Revenue": 106,
        "Gross Profit": 23,
        "Operating Income": -54,
        "EBIT": -47,
        "Net Income": -55
    },
    "2021-06-30": {
        "Diluted EPS": -0.31,
        "Total Revenue": 149,
        "Gross Profit": 47,
        "Operating Income": -19,
        "EBIT": -13,
        "Net Income": -20
    },
    "2021-03-31": {
        "Diluted EPS": -0.43,
        "Total Revenue": 108,
        "Gross Profit": 33,
        "Operating Income": -25,
        "EBIT": -20,
        "Net Income": -27
    },
    "2020-12-31": {
        "Diluted EPS": -0.41,
        "Total Revenue": 102,
        "Gross Profit": 25,
        "Operating Income": -25,
        "EBIT": -20,
        "Net Income": -25
    },
    "2020-09-30": {
        "Diluted EPS": -0.31,
        "Total Revenue": 94,
        "Gross Profit": 26,
        "Operating Income": -18,
        "EBIT": -15,
        "Net Income": -19
    },
    "2020-06-30": {
        "Diluted EPS": -0.16,
        "Total Revenue": 113,
        "Gross Profit": 34,
        "Operating Income": -8,
        "EBIT": -5,
        "Net Income": -10
    },
    "2020-03-31": {
        "Diluted EPS": 0.03,
        "Total Revenue": 97,
        "Gross Profit": 38,
        "Operating Income": 2,
        "EBIT": 4,
        "Net Income": 2
    },
    "2019-12-31": {
        "Diluted EPS": 0.84,
        "Total Revenue": 98,
        "Gross Profit": 33,
        "Operating Income": -1,
        "EBIT": 1,
        "Net Income": 0
    },
    "2019-09-30": {
        "Diluted EPS": 0.06,
        "Total Revenue": 92,
        "Gross Profit": 33,
        "Operating Income": 4,
        "EBIT": 6,
        "Net Income": 4
    },
    "2019-06-30": {
        "Diluted EPS": -0.24,
        "Total Revenue": 67,
        "Gross Profit": 23,
        "Operating Income": 2,
        "EBIT": 4,
        "Net Income": -9
    },
    "2019-03-31": {
        "Diluted EPS": -0.95,
        "Total Revenue": 40,
        "Gross Profit": 11,
        "Operating Income": -5,
        "EBIT": -3,
        "Net Income": -7
    },
    "2018-12-31": {
        "Diluted EPS": -1.1,
        "Total Revenue": 32,
        "Gross Profit": 8,
        "Operating Income": -7,
        "EBIT": -5,
        "Net Income": -7
    },
    "2018-09-30": {
        "Diluted EPS": -1.45,
        "Total Revenue": 26,
        "Gross Profit": 5,
        "Operating Income": -8,
        "EBIT": -7,
        "Net Income": -9
    },
    "2018-06-30": {
        "Diluted EPS": -1.22,
        "Total Revenue": 17,
        "Gross Profit": 3,
        "Operating Income": -7,
        "EBIT": -6,
        "Net Income": -7
    },
    "2018-03-31": {
        "Diluted EPS": -0.98,
        "Total Revenue": 13,
        "Gross Profit": 2,
        "Operating Income": -6,
        "EBIT": -5,
        "Net Income": -6
    },
    "2017-12-31": {
        "Diluted EPS": 0.0,
        "Total Revenue": NaN,
        "Gross Profit": NaN,
        "Operating Income": NaN,
        "EBIT": NaN,
        "Net Income": NaN
    },
    "2016-12-31": {
        "Diluted EPS": 0.0,
        "Total Revenue": NaN,
        "Gross Profit": NaN,
        "Operating Income": NaN,
        "EBIT": NaN,
        "Net Income": NaN
    },
    "2023-06-30": {
        "Tax Effect Of Unusual Items": 42210.0,
        "Tax Rate For Calcs": 0.21,
        "Normalized EBITDA": -46330000.0,
        "Total Unusual Items": 201000.0,
        "Total Unusual Items Excluding Goodwill": 201000.0,
        "Net Income From Continuing Operation Net Minority Interest": -53505000.0,
        "Reconciled Depreciation": 5879000.0,
        "Reconciled Cost Of Revenue": 99876000.0,
        "EBITDA": -46129000.0,
        "EBIT": -52008000.0,
        "Net Interest Income": -989000.0,
        "Interest Expense": 989000.0,
        "Normalized Income": -53663790.0,
        "Net Income From Continuing And Discontinued Operation": -53505000.0,
        "Total Expenses": 156104000.0,
        "Total Operating Income As Reported": -53754000.0,
        "Diluted Average Shares": 64246048.0,
        "Basic Average Shares": 64246048.0,
        "Diluted EPS": -0.83,
        "Basic EPS": -0.83,
        "Diluted NI Availto Com Stockholders": -53505000.0,
        "Net Income Common Stockholders": -53505000.0,
        "Net Income": -53505000.0,
        "Net Income Including Noncontrolling Interests": -53505000.0,
        "Net Income Continuous Operations": -53505000.0,
        "Earnings From Equity Interest Net Of Tax": -503000.0,
        "Tax Provision": 5000.0,
        "Pretax Income": -52997000.0,
        "Other Income Expense": 1947000.0,
        "Other Non Operating Income Expenses": 1746000.0,
        "Special Income Charges": 201000.0,
        "Restructuring And Mergern Acquisition": -201000.0,
        "Net Non Operating Interest Income Expense": -989000.0,
        "Interest Expense Non Operating": 989000.0,
        "Operating Income": -53955000.0,
        "Operating Expense": 56228000.0,
        "Research And Development": 8773000.0,
        "Selling General And Administration": 47455000.0,
        "Gross Profit": 2273000.0,
        "Cost Of Revenue": 99876000.0,
        "Total Revenue": 102149000.0,
        "Operating Revenue": 102149000.0
    },
    "2023-09-30": {
        "Tax Effect Of Unusual Items": NaN,
        "Tax Rate For Calcs": NaN,
        "Normalized EBITDA": NaN,
        "Total Unusual Items": NaN,
        "Total Unusual Items Excluding Goodwill": NaN,
        "Net Income From Continuing Operation Net Minority Interest": NaN,
        "Reconciled Depreciation": NaN,
        "Reconciled Cost Of Revenue": NaN,
        "EBITDA": NaN,
        "EBIT": NaN,
        "Net Interest Income": NaN,
        "Interest Expense": NaN,
        "Normalized Income": NaN,
        "Net Income From Continuing And Discontinued Operation": NaN,
        "Total Expenses": NaN,
        "Total Operating Income As Reported": NaN,
        "Diluted Average Shares": 64398448.0,
        "Basic Average Shares": 64398448.0,
        "Diluted EPS": -1.09,
        "Basic EPS": -1.09,
        "Diluted NI Availto Com Stockholders": NaN,
        "Net Income Common Stockholders": NaN,
        "Net Income": NaN,
        "Net Income Including Noncontrolling Interests": NaN,
        "Net Income Continuous Operations": NaN,
        "Earnings From Equity Interest Net Of Tax": NaN,
        "Tax Provision": NaN,
        "Pretax Income": NaN,
        "Other Income Expense": NaN,
        "Other Non Operating Income Expenses": NaN,
        "Special Income Charges": NaN,
        "Restructuring And Mergern Acquisition": NaN,
        "Net Non Operating Interest Income Expense": NaN,
        "Interest Expense Non Operating": NaN,
        "Operating Income": NaN,
        "Operating Expense": NaN,
        "Research And Development": NaN,
        "Selling General And Administration": NaN,
        "Gross Profit": NaN,
        "Cost Of Revenue": NaN,
        "Total Revenue": NaN,
        "Operating Revenue": NaN
    },
    "2023-12-31": {
        "Tax Effect Of Unusual Items": NaN,
        "Tax Rate For Calcs": NaN,
        "Normalized EBITDA": NaN,
        "Total Unusual Items": 0.0,
        "Total Unusual Items Excluding Goodwill": 0.0,
        "Net Income From Continuing Operation Net Minority Interest": NaN,
        "Reconciled Depreciation": NaN,
        "Reconciled Cost Of Revenue": NaN,
        "EBITDA": NaN,
        "EBIT": NaN,
        "Net Interest Income": NaN,
        "Interest Expense": NaN,
        "Normalized Income": NaN,
        "Net Income From Continuing And Discontinued Operation": NaN,
        "Total Expenses": NaN,
        "Total Operating Income As Reported": NaN,
        "Diluted Average Shares": NaN,
        "Basic Average Shares": NaN,
        "Diluted EPS": NaN,
        "Basic EPS": NaN,
        "Diluted NI Availto Com Stockholders": NaN,
        "Net Income Common Stockholders": NaN,
        "Net Income": NaN,
        "Net Income Including Noncontrolling Interests": NaN,
        "Net Income Continuous Operations": NaN,
        "Earnings From Equity Interest Net Of Tax": NaN,
        "Tax Provision": NaN,
        "Pretax Income": NaN,
        "Other Income Expense": NaN,
        "Other Non Operating Income Expenses": NaN,
        "Special Income Charges": 0.0,
        "Restructuring And Mergern Acquisition": 0.0,
        "Net Non Operating Interest Income Expense": NaN,
        "Interest Expense Non Operating": NaN,
        "Operating Income": NaN,
        "Operating Expense": NaN,
        "Research And Development": NaN,
        "Selling General And Administration": NaN,
        "Gross Profit": NaN,
        "Cost Of Revenue": NaN,
        "Total Revenue": NaN,
        "Operating Revenue": NaN
    },
    "2024-03-31": {
        "Tax Effect Of Unusual Items": NaN,
        "Tax Rate For Calcs": NaN,
        "Normalized EBITDA": NaN,
        "Total Unusual Items": 0.0,
        "Total Unusual Items Excluding Goodwill": 0.0,
        "Net Income From Continuing Operation Net Minority Interest": NaN,
        "Reconciled Depreciation": NaN,
        "Reconciled Cost Of Revenue": NaN,
        "EBITDA": NaN,
        "EBIT": NaN,
        "Net Interest Income": NaN,
        "Interest Expense": NaN,
        "Normalized Income": NaN,
        "Net Income From Continuing And Discontinued Operation": NaN,
        "Total Expenses": NaN,
        "Total Operating Income As Reported": NaN,
        "Diluted Average Shares": NaN,
        "Basic Average Shares": NaN,
        "Diluted EPS": NaN,
        "Basic EPS": NaN,
        "Diluted NI Availto Com Stockholders": NaN,
        "Net Income Common Stockholders": NaN,
        "Net Income": NaN,
        "Net Income Including Noncontrolling Interests": NaN,
        "Net Income Continuous Operations": NaN,
        "Earnings From Equity Interest Net Of Tax": NaN,
        "Tax Provision": NaN,
        "Pretax Income": NaN,
        "Other Income Expense": NaN,
        "Other Non Operating Income Expenses": NaN,
        "Special Income Charges": 0.0,
        "Impairment Of Capital Assets": NaN,
        "Restructuring And Mergern Acquisition": 0.0,
        "Gain On Sale Of Security": NaN,
        "Net Non Operating Interest Income Expense": NaN,
        "Interest Expense Non Operating": NaN,
        "Operating Income": NaN,
        "Operating Expense": NaN,
        "Research And Development": NaN,
        "Selling General And Administration": NaN,
        "Gross Profit": NaN,
        "Cost Of Revenue": NaN,
        "Total Revenue": NaN,
        "Operating Revenue": NaN
    },
    "2024-06-30": {
        "Tax Effect Of Unusual Items": NaN,
        "Tax Rate For Calcs": NaN,
        "Normalized EBITDA": NaN,
        "Total Unusual Items": 0.0,
        "Total Unusual Items Excluding Goodwill": 0.0,
        "Net Income From Continuing Operation Net Minority Interest": NaN,
        "Reconciled Depreciation": NaN,
        "Reconciled Cost Of Revenue": NaN,
        "EBITDA": NaN,
        "EBIT": NaN,
        "Net Interest Income": NaN,
        "Interest Expense": NaN,
        "Normalized Income": NaN,
        "Net Income From Continuing And Discontinued Operation": NaN,
        "Total Expenses": NaN,
        "Total Operating Income As Reported": NaN,
        "Diluted Average Shares": NaN,
        "Basic Average Shares": NaN,
        "Diluted EPS": NaN,
        "Basic EPS": NaN,
        "Diluted NI Availto Com Stockholders": NaN,
        "Net Income Common Stockholders": NaN,
        "Net Income": NaN,
        "Net Income Including Noncontrolling Interests": NaN,
        "Net Income Continuous Operations": NaN,
        "Earnings From Equity Interest Net Of Tax": NaN,
        "Tax Provision": NaN,
        "Pretax Income": NaN,
        "Other Income Expense": NaN,
        "Other Non Operating Income Expenses": NaN,
        "Special Income Charges": 0.0,
        "Impairment Of Capital Assets": NaN,
        "Restructuring And Mergern Acquisition": 0.0,
        "Gain On Sale Of Security": NaN,
        "Net Non Operating Interest Income Expense": NaN,
        "Interest Expense Non Operating": NaN,
        "Operating Income": NaN,
        "Operating Expense": NaN,
        "Research And Development": NaN,
        "Selling General And Administration": NaN,
        "Gross Profit": NaN,
        "Cost Of Revenue": NaN,
        "Total Revenue": NaN,
        "Operating Revenue": NaN
    },
    "2024-09-30": {
        "Tax Effect Of Unusual Items": 0.0,
        "Tax Rate For Calcs": 0.21,
        "Normalized EBITDA": -20222000.0,
        "Total Unusual Items": 0.0,
        "Total Unusual Items Excluding Goodwill": 0.0,
        "Net Income From Continuing Operation Net Minority Interest": -26576000.0,
        "Reconciled Depreciation": 5282000.0,
        "Reconciled Cost Of Revenue": 66698000.0,
        "EBITDA": -20222000.0,
        "EBIT": -25504000.0,
        "Net Interest Income": -1028000.0,
        "Interest Expense": 1028000.0,
        "Normalized Income": -26576000.0,
        "Net Income From Continuing And Discontinued Operation": -26576000.0,
        "Total Expenses": 111915000.0,
        "Total Operating Income As Reported": -30909000.0,
        "Diluted Average Shares": 65060729.0,
        "Basic Average Shares": 65060729.0,
        "Diluted EPS": -0.41,
        "Basic EPS": -0.41,
        "Diluted NI Availto Com Stockholders": -26576000.0,
        "Net Income Common Stockholders": -26576000.0,
        "Net Income": -26576000.0,
        "Net Income Including Noncontrolling Interests": -26576000.0,
        "Net Income Continuous Operations": -26576000.0,
        "Earnings From Equity Interest Net Of Tax": -38000.0,
        "Tax Provision": 6000.0,
        "Pretax Income": -26532000.0,
        "Other Income Expense": 5405000.0,
        "Other Non Operating Income Expenses": 5405000.0,
        "Special Income Charges": 0.0,
        "Impairment Of Capital Assets": 0.0,
        "Restructuring And Mergern Acquisition": 0.0,
        "Gain On Sale Of Security": NaN,
        "Net Non Operating Interest Income Expense": -1028000.0,
        "Interest Expense Non Operating": 1028000.0,
        "Operating Income": -30909000.0,
        "Operating Expense": 45217000.0,
        "Research And Development": 6133000.0,
        "Selling General And Administration": 39084000.0,
        "Gross Profit": 14308000.0,
        "Cost Of Revenue": 66698000.0,
        "Total Revenue": 81006000.0,
        "Operating Revenue": 81006000.0
    },
    "2024-12-31": {
        "Tax Effect Of Unusual Items": 0.0,
        "Tax Rate For Calcs": 0.0,
        "Normalized EBITDA": -38168000.0,
        "Total Unusual Items": 0.0,
        "Total Unusual Items Excluding Goodwill": 0.0,
        "Net Income From Continuing Operation Net Minority Interest": -44862000.0,
        "Reconciled Depreciation": 5657000.0,
        "Reconciled Cost Of Revenue": 66652000.0,
        "EBITDA": -38168000.0,
        "EBIT": -43825000.0,
        "Net Interest Income": -1025000.0,
        "Interest Expense": 1025000.0,
        "Normalized Income": -44862000.0,
        "Net Income From Continuing And Discontinued Operation": -44862000.0,
        "Total Expenses": 114468000.0,
        "Total Operating Income As Reported": -37810000.0,
        "Diluted Average Shares": 69235143.0,
        "Basic Average Shares": 69235143.0,
        "Diluted EPS": -0.65,
        "Basic EPS": -0.65,
        "Diluted NI Availto Com Stockholders": -44862000.0,
        "Net Income Common Stockholders": -44862000.0,
        "Net Income": -44862000.0,
        "Net Income Including Noncontrolling Interests": -44862000.0,
        "Net Income Continuous Operations": -44862000.0,
        "Earnings From Equity Interest Net Of Tax": -12000.0,
        "Tax Provision": 0.0,
        "Pretax Income": -44850000.0,
        "Other Income Expense": -6015000.0,
        "Other Non Operating Income Expenses": -6015000.0,
        "Special Income Charges": 0.0,
        "Impairment Of Capital Assets": NaN,
        "Restructuring And Mergern Acquisition": 0.0,
        "Gain On Sale Of Security": NaN,
        "Net Non Operating Interest Income Expense": -1025000.0,
        "Interest Expense Non Operating": 1025000.0,
        "Operating Income": -37810000.0,
        "Operating Expense": 47816000.0,
        "Research And Development": 6671000.0,
        "Selling General And Administration": 41145000.0,
        "Gross Profit": 10006000.0,
        "Cost Of Revenue": 66652000.0,
        "Total Revenue": 76658000.0,
        "Operating Revenue": 76658000.0
    },
    "2025-03-31": {
        "Tax Effect Of Unusual Items": 0.0,
        "Tax Rate For Calcs": 0.0,
        "Normalized EBITDA": -44465000.0,
        "Total Unusual Items": NaN,
        "Total Unusual Items Excluding Goodwill": NaN,
        "Net Income From Continuing Operation Net Minority Interest": -52916000.0,
        "Reconciled Depreciation": 7416000.0,
        "Reconciled Cost Of Revenue": 69796000.0,
        "EBITDA": -44465000.0,
        "EBIT": -51881000.0,
        "Net Interest Income": -1024000.0,
        "Interest Expense": 1024000.0,
        "Normalized Income": -52916000.0,
        "Net Income From Continuing And Discontinued Operation": -52916000.0,
        "Total Expenses": 124930000.0,
        "Total Operating Income As Reported": -56199000.0,
        "Diluted Average Shares": 76194916.0,
        "Basic Average Shares": 76194916.0,
        "Diluted EPS": -0.69,
        "Basic EPS": -0.69,
        "Diluted NI Availto Com Stockholders": -52916000.0,
        "Net Income Common Stockholders": -52916000.0,
        "Net Income": -52916000.0,
        "Net Income Including Noncontrolling Interests": -52916000.0,
        "Net Income Continuous Operations": -52916000.0,
        "Earnings From Equity Interest Net Of Tax": -11000.0,
        "Tax Provision": 0.0,
        "Pretax Income": -52905000.0,
        "Other Income Expense": 4318000.0,
        "Other Non Operating Income Expenses": 4318000.0,
        "Special Income Charges": NaN,
        "Impairment Of Capital Assets": NaN,
        "Restructuring And Mergern Acquisition": NaN,
        "Gain On Sale Of Security": NaN,
        "Net Non Operating Interest Income Expense": -1024000.0,
        "Interest Expense Non Operating": 1024000.0,
        "Operating Income": -56199000.0,
        "Operating Expense": 55134000.0,
        "Research And Development": 7462000.0,
        "Selling General And Administration": 47672000.0,
        "Gross Profit": -1065000.0,
        "Cost Of Revenue": 69796000.0,
        "Total Revenue": 68731000.0,
        "Operating Revenue": 68731000.0
    },
    "2025-06-30": {
        "Tax Effect Of Unusual Items": 0.0,
        "Tax Rate For Calcs": 0.0,
        "Normalized EBITDA": -18915000.0,
        "Total Unusual Items": NaN,
        "Total Unusual Items Excluding Goodwill": NaN,
        "Net Income From Continuing Operation Net Minority Interest": -29242000.0,
        "Reconciled Depreciation": 8266000.0,
        "Reconciled Cost Of Revenue": 66367000.0,
        "EBITDA": -18915000.0,
        "EBIT": -27181000.0,
        "Net Interest Income": -2002000.0,
        "Interest Expense": 2002000.0,
        "Normalized Income": -29242000.0,
        "Net Income From Continuing And Discontinued Operation": -29242000.0,
        "Total Expenses": 109870000.0,
        "Total Operating Income As Reported": -34912000.0,
        "Diluted Average Shares": 76491594.0,
        "Basic Average Shares": 76491594.0,
        "Diluted EPS": -0.38,
        "Basic EPS": -0.38,
        "Diluted NI Availto Com Stockholders": -29242000.0,
        "Net Income Common Stockholders": -29242000.0,
        "Net Income": -29242000.0,
        "Net Income Including Noncontrolling Interests": -29242000.0,
        "Net Income Continuous Operations": -29242000.0,
        "Earnings From Equity Interest Net Of Tax": -59000.0,
        "Tax Provision": 0.0,
        "Pretax Income": -29183000.0,
        "Other Income Expense": 7731000.0,
        "Other Non Operating Income Expenses": 7731000.0,
        "Special Income Charges": NaN,
        "Impairment Of Capital Assets": NaN,
        "Restructuring And Mergern Acquisition": NaN,
        "Gain On Sale Of Security": NaN,
        "Net Non Operating Interest Income Expense": -2002000.0,
        "Interest Expense Non Operating": 2002000.0,
        "Operating Income": -34912000.0,
        "Operating Expense": 43503000.0,
        "Research And Development": 5807000.0,
        "Selling General And Administration": 37696000.0,
        "Gross Profit": 8591000.0,
        "Cost Of Revenue": 66367000.0,
        "Total Revenue": 74958000.0,
        "Operating Revenue": 74958000.0
    },
    "2025-09-30": {
        "Tax Effect Of Unusual Items": 0.0,
        "Tax Rate For Calcs": 0.0,
        "Normalized EBITDA": -24806000.0,
        "Total Unusual Items": -72096000.0,
        "Total Unusual Items Excluding Goodwill": -72096000.0,
        "Net Income From Continuing Operation Net Minority Interest": -110688000.0,
        "Reconciled Depreciation": 9361000.0,
        "Reconciled Cost Of Revenue": 62988000.0,
        "EBITDA": -96902000.0,
        "EBIT": -106263000.0,
        "Net Interest Income": -4418000.0,
        "Interest Expense": 4418000.0,
        "Normalized Income": -38592000.0,
        "Net Income From Continuing And Discontinued Operation": -110688000.0,
        "Total Expenses": 105135000.0,
        "Total Operating Income As Reported": -112331000.0,
        "Diluted Average Shares": 76670868.0,
        "Basic Average Shares": 76670868.0,
        "Diluted EPS": -1.44,
        "Basic EPS": -1.44,
        "Diluted NI Availto Com Stockholders": -110688000.0,
        "Net Income Common Stockholders": -110688000.0,
        "Net Income": -110688000.0,
        "Net Income Including Noncontrolling Interests": -110688000.0,
        "Net Income Continuous Operations": -110688000.0,
        "Earnings From Equity Interest Net Of Tax": -7000.0,
        "Tax Provision": 0.0,
        "Pretax Income": -110681000.0,
        "Other Income Expense": -71346000.0,
        "Other Non Operating Income Expenses": 750000.0,
        "Special Income Charges": -77414000.0,
        "Impairment Of Capital Assets": 77414000.0,
        "Restructuring And Mergern Acquisition": NaN,
        "Gain On Sale Of Security": 5318000.0,
        "Net Non Operating Interest Income Expense": -4418000.0,
        "Interest Expense Non Operating": 4418000.0,
        "Operating Income": -34917000.0,
        "Operating Expense": 42147000.0,
        "Research And Development": 4917000.0,
        "Selling General And Administration": 37230000.0,
        "Gross Profit": 7230000.0,
        "Cost Of Revenue": 62988000.0,
        "Total Revenue": 70218000.0,
        "Operating Revenue": 70218000.0
    }
}