{
    "2023-06-30": {
        "Tax Effect Of Unusual Items": NaN,
        "Tax Rate For Calcs": NaN,
        "Normalized EBITDA": NaN,
        "Total Unusual Items": NaN,
        "Total Unusual Items Excluding Goodwill": NaN,
        "Net Income From Continuing Operation Net Minority Interest": NaN,
        "Reconciled Depreciation": NaN,
        "Reconciled Cost Of Revenue": NaN,
        "EBITDA": NaN,
        "EBIT": NaN,
        "Normalized Income": NaN,
        "Net Income From Continuing And Discontinued Operation": NaN,
        "Total Expenses": NaN,
        "Total Operating Income As Reported": NaN,
        "Diluted Average Shares": NaN,
        "Basic Average Shares": NaN,
        "Diluted EPS": NaN,
        "Basic EPS": NaN,
        "Diluted NI Availto Com Stockholders": NaN,
        "Net Income Common Stockholders": NaN,
        "Net Income": NaN,
        "Net Income Including Noncontrolling Interests": NaN,
        "Net Income Discontinuous Operations": NaN,
        "Net Income Continuous Operations": NaN,
        "Tax Provision": NaN,
        "Pretax Income": NaN,
        "Other Income Expense": NaN,
        "Other Non Operating Income Expenses": NaN,
        "Special Income Charges": NaN,
        "Other Special Charges": 18000.0,
        "Operating Income": NaN,
        "Operating Expense": NaN,
        "Other Operating Expenses": NaN,
        "Depreciation Amortization Depletion Income Statement": NaN,
        "Depreciation And Amortization In Income Statement": NaN,
        "Selling General And Administration": NaN,
        "Selling And Marketing Expense": 19473000.0,
        "General And Administrative Expense": NaN,
        "Other Gand A": NaN,
        "Gross Profit": NaN,
        "Cost Of Revenue": NaN,
        "Total Revenue": NaN,
        "Operating Revenue": NaN
    },
    "2023-03-31": {
        "Tax Effect Of Unusual Items": NaN,
        "Tax Rate For Calcs": NaN,
        "Normalized EBITDA": NaN,
        "Total Unusual Items": NaN,
        "Total Unusual Items Excluding Goodwill": NaN,
        "Net Income From Continuing Operation Net Minority Interest": NaN,
        "Reconciled Depreciation": NaN,
        "Reconciled Cost Of Revenue": NaN,
        "EBITDA": NaN,
        "EBIT": NaN,
        "Normalized Income": NaN,
        "Net Income From Continuing And Discontinued Operation": NaN,
        "Total Expenses": NaN,
        "Total Operating Income As Reported": NaN,
        "Diluted Average Shares": NaN,
        "Basic Average Shares": NaN,
        "Diluted EPS": NaN,
        "Basic EPS": NaN,
        "Diluted NI Availto Com Stockholders": NaN,
        "Net Income Common Stockholders": NaN,
        "Net Income": NaN,
        "Net Income Including Noncontrolling Interests": NaN,
        "Net Income Discontinuous Operations": NaN,
        "Net Income Continuous Operations": NaN,
        "Tax Provision": NaN,
        "Pretax Income": NaN,
        "Other Income Expense": NaN,
        "Other Non Operating Income Expenses": NaN,
        "Special Income Charges": NaN,
        "Other Special Charges": NaN,
        "Operating Income": NaN,
        "Operating Expense": NaN,
        "Other Operating Expenses": NaN,
        "Depreciation Amortization Depletion Income Statement": NaN,
        "Depreciation And Amortization In Income Statement": NaN,
        "Selling General And Administration": NaN,
        "Selling And Marketing Expense": 18305000.0,
        "General And Administrative Expense": NaN,
        "Other Gand A": NaN,
        "Gross Profit": NaN,
        "Cost Of Revenue": NaN,
        "Total Revenue": NaN,
        "Operating Revenue": NaN
    },
    "2022-12-31": {
        "Tax Effect Of Unusual Items": NaN,
        "Tax Rate For Calcs": NaN,
        "Normalized EBITDA": NaN,
        "Total Unusual Items": NaN,
        "Total Unusual Items Excluding Goodwill": NaN,
        "Net Income From Continuing Operation Net Minority Interest": NaN,
        "Reconciled Depreciation": NaN,
        "Reconciled Cost Of Revenue": NaN,
        "EBITDA": NaN,
        "EBIT": NaN,
        "Normalized Income": NaN,
        "Net Income From Continuing And Discontinued Operation": NaN,
        "Total Expenses": NaN,
        "Total Operating Income As Reported": NaN,
        "Diluted Average Shares": NaN,
        "Basic Average Shares": NaN,
        "Diluted EPS": NaN,
        "Basic EPS": NaN,
        "Diluted NI Availto Com Stockholders": NaN,
        "Net Income Common Stockholders": NaN,
        "Net Income": NaN,
        "Net Income Including Noncontrolling Interests": NaN,
        "Net Income Discontinuous Operations": NaN,
        "Net Income Continuous Operations": NaN,
        "Tax Provision": NaN,
        "Pretax Income": NaN,
        "Other Income Expense": NaN,
        "Other Non Operating Income Expenses": NaN,
        "Special Income Charges": NaN,
        "Other Special Charges": 515000.0,
        "Operating Income": NaN,
        "Operating Expense": NaN,
        "Other Operating Expenses": NaN,
        "Depreciation Amortization Depletion Income Statement": NaN,
        "Depreciation And Amortization In Income Statement": NaN,
        "Selling General And Administration": NaN,
        "Selling And Marketing Expense": 14105000.0,
        "General And Administrative Expense": NaN,
        "Other Gand A": NaN,
        "Gross Profit": NaN,
        "Cost Of Revenue": NaN,
        "Total Revenue": NaN,
        "Operating Revenue": NaN
    },
    "2022-09-30": {
        "Tax Effect Of Unusual Items": NaN,
        "Tax Rate For Calcs": NaN,
        "Normalized EBITDA": NaN,
        "Total Unusual Items": NaN,
        "Total Unusual Items Excluding Goodwill": NaN,
        "Net Income From Continuing Operation Net Minority Interest": NaN,
        "Reconciled Depreciation": NaN,
        "Reconciled Cost Of Revenue": NaN,
        "EBITDA": NaN,
        "EBIT": NaN,
        "Normalized Income": NaN,
        "Net Income From Continuing And Discontinued Operation": NaN,
        "Total Expenses": NaN,
        "Total Operating Income As Reported": NaN,
        "Diluted Average Shares": NaN,
        "Basic Average Shares": NaN,
        "Diluted EPS": NaN,
        "Basic EPS": NaN,
        "Diluted NI Availto Com Stockholders": NaN,
        "Net Income Common Stockholders": NaN,
        "Net Income": NaN,
        "Net Income Including Noncontrolling Interests": NaN,
        "Net Income Discontinuous Operations": NaN,
        "Net Income Continuous Operations": NaN,
        "Tax Provision": NaN,
        "Pretax Income": NaN,
        "Other Income Expense": NaN,
        "Other Non Operating Income Expenses": NaN,
        "Special Income Charges": NaN,
        "Other Special Charges": NaN,
        "Earnings From Equity Interest": 67000.0,
        "Operating Income": NaN,
        "Operating Expense": NaN,
        "Other Operating Expenses": NaN,
        "Depreciation Amortization Depletion Income Statement": NaN,
        "Depreciation And Amortization In Income Statement": NaN,
        "Selling General And Administration": NaN,
        "Selling And Marketing Expense": 25668000.0,
        "General And Administrative Expense": NaN,
        "Other Gand A": NaN,
        "Gross Profit": NaN,
        "Cost Of Revenue": NaN,
        "Total Revenue": NaN,
        "Operating Revenue": NaN
    },
    "2022-06-30": {
        "Tax Effect Of Unusual Items": 16770.0,
        "Tax Rate For Calcs": 0.195,
        "Normalized EBITDA": 70342000.0,
        "Total Unusual Items": 86000.0,
        "Total Unusual Items Excluding Goodwill": 86000.0,
        "Net Income From Continuing Operation Net Minority Interest": 54312000.0,
        "Reconciled Depreciation": 3189000.0,
        "Reconciled Cost Of Revenue": 394201000.0,
        "EBITDA": 70428000.0,
        "EBIT": 67239000.0,
        "Normalized Income": 54242770.0,
        "Net Income From Continuing And Discontinued Operation": 54324000.0,
        "Total Expenses": 459427000.0,
        "Total Operating Income As Reported": 67239000.0,
        "Diluted Average Shares": 30872000.0,
        "Basic Average Shares": 30512000.0,
        "Diluted EPS": 1.76,
        "Basic EPS": 1.78,
        "Diluted NI Availto Com Stockholders": 54324000.0,
        "Net Income Common Stockholders": 54324000.0,
        "Net Income": 54324000.0,
        "Net Income Including Noncontrolling Interests": 54324000.0,
        "Net Income Discontinuous Operations": 12000.0,
        "Net Income Continuous Operations": 54312000.0,
        "Tax Provision": 13150000.0,
        "Pretax Income": 67462000.0,
        "Other Income Expense": 223000.0,
        "Other Non Operating Income Expenses": 134000.0,
        "Special Income Charges": 86000.0,
        "Other Special Charges": -86000.0,
        "Earnings From Equity Interest": 3000.0,
        "Operating Income": 67239000.0,
        "Operating Expense": 65226000.0,
        "Depreciation Amortization Depletion Income Statement": 3189000.0,
        "Depreciation And Amortization In Income Statement": 3189000.0,
        "Selling General And Administration": 62037000.0,
        "Selling And Marketing Expense": 16277000.0,
        "General And Administrative Expense": 45760000.0,
        "Other Gand A": 45760000.0,
        "Gross Profit": 132465000.0,
        "Cost Of Revenue": 394201000.0,
        "Total Revenue": 526666000.0,
        "Operating Revenue": 526666000.0
    },
    "2022-03-31": {
        "Diluted EPS": 1.45,
        "Total Revenue": 509,
        "Gross Profit": 120,
        "Operating Income": 55,
        "EBIT": 58,
        "Net Income": 45
    },
    "2021-12-31": {
        "Diluted EPS": 1.14,
        "Total Revenue": 454,
        "Gross Profit": 97,
        "Operating Income": 41,
        "EBIT": 44,
        "Net Income": 35
    },
    "2021-09-30": {
        "Diluted EPS": 1.58,
        "Total Revenue": 591,
        "Gross Profit": 116,
        "Operating Income": 47,
        "EBIT": 50,
        "Net Income": 48
    },
    "2021-06-30": {
        "Diluted EPS": 1.22,
        "Total Revenue": 571,
        "Gross Profit": 116,
        "Operating Income": 49,
        "EBIT": 52,
        "Net Income": 37
    },
    "2021-03-31": {
        "Diluted EPS": 0.81,
        "Total Revenue": 550,
        "Gross Profit": 98,
        "Operating Income": 34,
        "EBIT": 37,
        "Net Income": 25
    },
    "2020-12-31": {
        "Diluted EPS": 0.4,
        "Total Revenue": 429,
        "Gross Profit": 75,
        "Operating Income": 18,
        "EBIT": 21,
        "Net Income": 12
    },
    "2020-09-30": {
        "Diluted EPS": 0.79,
        "Total Revenue": 687,
        "Gross Profit": 117,
        "Operating Income": 36,
        "EBIT": 40,
        "Net Income": 24
    },
    "2020-06-30": {
        "Diluted EPS": 0.51,
        "Total Revenue": 533,
        "Gross Profit": 89,
        "Operating Income": 23,
        "EBIT": 27,
        "Net Income": 15
    },
    "2020-03-31": {
        "Diluted EPS": 0.35,
        "Total Revenue": 489,
        "Gross Profit": 79,
        "Operating Income": 16,
        "EBIT": 20,
        "Net Income": 11
    },
    "2019-12-31": {
        "Diluted EPS": 0.09,
        "Total Revenue": 418,
        "Gross Profit": 63,
        "Operating Income": 4,
        "EBIT": 7,
        "Net Income": 3
    },
    "2019-09-30": {
        "Diluted EPS": 0.07,
        "Total Revenue": 782,
        "Gross Profit": 116,
        "Operating Income": 36,
        "EBIT": 42,
        "Net Income": 2
    },
    "2019-06-30": {
        "Diluted EPS": 0.38,
        "Total Revenue": 483,
        "Gross Profit": 72,
        "Operating Income": 10,
        "EBIT": 13,
        "Net Income": 12
    },
    "2019-03-31": {
        "Diluted EPS": -3.28,
        "Total Revenue": 421,
        "Gross Profit": -83,
        "Operating Income": -139,
        "EBIT": -136,
        "Net Income": -101
    },
    "2018-12-31": {
        "Diluted EPS": 0.23,
        "Total Revenue": 402,
        "Gross Profit": 61,
        "Operating Income": 4,
        "EBIT": 6,
        "Net Income": 7
    },
    "2018-09-30": {
        "Diluted EPS": 1.91,
        "Total Revenue": 768,
        "Gross Profit": 126,
        "Operating Income": 43,
        "EBIT": 48,
        "Net Income": 61
    },
    "2018-06-30": {
        "Diluted EPS": 0.41,
        "Total Revenue": 512,
        "Gross Profit": 83,
        "Operating Income": 18,
        "EBIT": 21,
        "Net Income": 13
    },
    "2018-03-31": {
        "Diluted EPS": 0.35,
        "Total Revenue": 455,
        "Gross Profit": 75,
        "Operating Income": 14,
        "EBIT": 17,
        "Net Income": 12
    },
    "2017-12-31": {
        "Diluted EPS": -4.08,
        "Total Revenue": 372,
        "Gross Profit": 61,
        "Operating Income": 7,
        "EBIT": 9,
        "Net Income": -131
    },
    "2017-09-30": {
        "Diluted EPS": 1.04,
        "Total Revenue": 673,
        "Gross Profit": 113,
        "Operating Income": 38,
        "EBIT": 43,
        "Net Income": 34
    },
    "2017-06-30": {
        "Diluted EPS": 0.22,
        "Total Revenue": 479,
        "Gross Profit": 78,
        "Operating Income": 16,
        "EBIT": 19,
        "Net Income": 7
    },
    "2017-03-31": {
        "Diluted EPS": -0.23,
        "Total Revenue": 425,
        "Gross Profit": 67,
        "Operating Income": 8,
        "EBIT": 11,
        "Net Income": -8
    },
    "2016-12-31": {
        "Diluted EPS": -0.04,
        "Total Revenue": 339,
        "Gross Profit": 54,
        "Operating Income": 1,
        "EBIT": 4,
        "Net Income": -1
    },
    "2016-09-30": {
        "Diluted EPS": -0.02,
        "Total Revenue": 632,
        "Gross Profit": 102,
        "Operating Income": 31,
        "EBIT": 35,
        "Net Income": -1
    },
    "2016-06-30": {
        "Diluted EPS": 0.18,
        "Total Revenue": 460,
        "Gross Profit": 78,
        "Operating Income": 16,
        "EBIT": 20,
        "Net Income": 6
    },
    "2016-03-31": {
        "Diluted EPS": -0.04,
        "Total Revenue": 386,
        "Gross Profit": 60,
        "Operating Income": 3,
        "EBIT": 6,
        "Net Income": -1
    },
    "2015-12-31": {
        "Diluted EPS": 0.03,
        "Total Revenue": 344,
        "Gross Profit": 58,
        "Operating Income": 9,
        "EBIT": 12,
        "Net Income": 1
    },
    "2015-09-30": {
        "Diluted EPS": 11.37,
        "Total Revenue": 633,
        "Gross Profit": 107,
        "Operating Income": 37,
        "EBIT": 42,
        "Net Income": 356
    },
    "2015-06-30": {
        "Diluted EPS": 0.38,
        "Total Revenue": 429,
        "Gross Profit": 76,
        "Operating Income": 18,
        "EBIT": 21,
        "Net Income": 12
    },
    "2015-03-31": {
        "Diluted EPS": -0.08,
        "Total Revenue": 299,
        "Gross Profit": 54,
        "Operating Income": 6,
        "EBIT": 9,
        "Net Income": -2
    },
    "2014-12-31": {
        "Diluted EPS": -0.84,
        "Total Revenue": 266,
        "Gross Profit": 35,
        "Operating Income": -9,
        "EBIT": -7,
        "Net Income": -22
    },
    "2014-09-30": {
        "Diluted EPS": 2.07,
        "Total Revenue": 546,
        "Gross Profit": 88,
        "Operating Income": 23,
        "EBIT": 28,
        "Net Income": 60
    },
    "2014-06-30": {
        "Diluted EPS": -0.47,
        "Total Revenue": 355,
        "Gross Profit": 69,
        "Operating Income": 15,
        "EBIT": 18,
        "Net Income": -12
    },
    "2014-03-31": {
        "Diluted EPS": -0.31,
        "Total Revenue": 270,
        "Gross Profit": 52,
        "Operating Income": 6,
        "EBIT": 8,
        "Net Income": -8
    },
    "2013-12-31": {
        "Diluted EPS": -0.21,
        "Total Revenue": 293,
        "Gross Profit": 55,
        "Operating Income": 12,
        "EBIT": 14,
        "Net Income": -5
    },
    "2013-09-30": {
        "Diluted EPS": 0.5,
        "Total Revenue": 438,
        "Gross Profit": 80,
        "Operating Income": 22,
        "EBIT": 26,
        "Net Income": 12
    },
    "2013-06-30": {
        "Diluted EPS": -0.23,
        "Total Revenue": 314,
        "Gross Profit": 54,
        "Operating Income": 8,
        "EBIT": 11,
        "Net Income": -6
    },
    "2013-03-31": {
        "Diluted EPS": -0.8,
        "Total Revenue": 288,
        "Gross Profit": 44,
        "Operating Income": 0,
        "EBIT": 3,
        "Net Income": -20
    },
    "2012-12-31": {
        "Diluted EPS": -0.84,
        "Total Revenue": 247,
        "Gross Profit": 36,
        "Operating Income": -4,
        "EBIT": -1,
        "Net Income": -20
    },
    "2012-09-30": {
        "Diluted EPS": -3.36,
        "Total Revenue": 371,
        "Gross Profit": 41,
        "Operating Income": -7,
        "EBIT": -2,
        "Net Income": -66
    },
    "2012-06-30": {
        "Diluted EPS": -2.01,
        "Total Revenue": 255,
        "Gross Profit": 21,
        "Operating Income": -21,
        "EBIT": -17,
        "Net Income": -40
    },
    "2012-03-31": {
        "Diluted EPS": -2.54,
        "Total Revenue": 192,
        "Gross Profit": 20,
        "Operating Income": -18,
        "EBIT": -15,
        "Net Income": -40
    },
    "2011-12-31": {
        "Diluted EPS": 0.04,
        "Total Revenue": 189,
        "Gross Profit": 22,
        "Operating Income": -17,
        "EBIT": -14,
        "Net Income": 1
    },
    "2011-09-30": {
        "Diluted EPS": -2.89,
        "Total Revenue": 335,
        "Gross Profit": 24,
        "Operating Income": -24,
        "EBIT": -20,
        "Net Income": -43
    },
    "2011-06-30": {
        "Diluted EPS": -4.0,
        "Total Revenue": 173,
        "Gross Profit": 14,
        "Operating Income": -35,
        "EBIT": -32,
        "Net Income": -59
    },
    "2011-03-31": {
        "Diluted EPS": -3.65,
        "Total Revenue": 126,
        "Gross Profit": -1,
        "Operating Income": -45,
        "EBIT": -43,
        "Net Income": -54
    },
    "2010-12-31": {
        "Diluted EPS": -3.3,
        "Total Revenue": 109,
        "Gross Profit": 11,
        "Operating Income": -28,
        "EBIT": -26,
        "Net Income": -49
    },
    "2010-09-30": {
        "Diluted EPS": -7.1,
        "Total Revenue": 264,
        "Gross Profit": 4,
        "Operating Income": -43,
        "EBIT": -39,
        "Net Income": -60
    },
    "2010-06-30": {
        "Diluted EPS": -2.05,
        "Total Revenue": 322,
        "Gross Profit": 37,
        "Operating Income": -19,
        "EBIT": -16,
        "Net Income": -28
    },
    "2010-03-31": {
        "Diluted EPS": 0.45,
        "Total Revenue": 192,
        "Gross Profit": 25,
        "Operating Income": -22,
        "EBIT": -19,
        "Net Income": 5
    },
    "2009-12-31": {
        "Diluted EPS": 5.85,
        "Total Revenue": 213,
        "Gross Profit": 18,
        "Operating Income": -30,
        "EBIT": -26,
        "Net Income": 48
    },
    "2009-09-30": {
        "Diluted EPS": 4.35,
        "Total Revenue": 333,
        "Gross Profit": 21,
        "Operating Income": -53,
        "EBIT": -47,
        "Net Income": 34
    },
    "2009-06-30": {
        "Diluted EPS": -3.6,
        "Total Revenue": 224,
        "Gross Profit": 6,
        "Operating Income": -49,
        "EBIT": -44,
        "Net Income": -28
    },
    "2009-03-31": {
        "Diluted EPS": -14.85,
        "Total Revenue": 187,
        "Gross Profit": -22,
        "Operating Income": -93,
        "EBIT": -88,
        "Net Income": -115
    },
    "2023-09-30": {
        "Tax Effect Of Unusual Items": NaN,
        "Tax Rate For Calcs": NaN,
        "Normalized EBITDA": NaN,
        "Total Unusual Items": NaN,
        "Total Unusual Items Excluding Goodwill": NaN,
        "Net Income From Continuing Operation Net Minority Interest": NaN,
        "Reconciled Depreciation": NaN,
        "Reconciled Cost Of Revenue": NaN,
        "EBITDA": NaN,
        "EBIT": NaN,
        "Normalized Income": NaN,
        "Net Income From Continuing And Discontinued Operation": NaN,
        "Total Expenses": NaN,
        "Total Operating Income As Reported": NaN,
        "Diluted Average Shares": 31040000.0,
        "Basic Average Shares": 30405000.0,
        "Diluted EPS": 1.8,
        "Basic EPS": 1.83,
        "Diluted NI Availto Com Stockholders": NaN,
        "Net Income Common Stockholders": NaN,
        "Net Income": NaN,
        "Net Income Including Noncontrolling Interests": NaN,
        "Net Income Discontinuous Operations": NaN,
        "Net Income Continuous Operations": NaN,
        "Tax Provision": NaN,
        "Pretax Income": NaN,
        "Other Income Expense": NaN,
        "Other Non Operating Income Expenses": NaN,
        "Special Income Charges": NaN,
        "Other Special Charges": 13000.0,
        "Operating Income": NaN,
        "Operating Expense": NaN,
        "Other Operating Expenses": NaN,
        "Depreciation Amortization Depletion Income Statement": NaN,
        "Depreciation And Amortization In Income Statement": NaN,
        "Selling General And Administration": NaN,
        "General And Administrative Expense": NaN,
        "Other Gand A": NaN,
        "Gross Profit": NaN,
        "Cost Of Revenue": NaN,
        "Total Revenue": NaN,
        "Operating Revenue": NaN
    },
    "2023-12-31": {
        "Tax Effect Of Unusual Items": -676.0,
        "Tax Rate For Calcs": 0.052,
        "Normalized EBITDA": 22511000.0,
        "Total Unusual Items": -13000.0,
        "Total Unusual Items Excluding Goodwill": -13000.0,
        "Net Income From Continuing Operation Net Minority Interest": 21728000.0,
        "Reconciled Depreciation": 2233000.0,
        "Reconciled Cost Of Revenue": 309088000.0,
        "EBITDA": 22498000.0,
        "EBIT": 20265000.0,
        "Normalized Income": 21740324.0,
        "Net Income From Continuing And Discontinued Operation": 21728000.0,
        "Total Expenses": 366553000.0,
        "Total Operating Income As Reported": 20265000.0,
        "Diluted Average Shares": 30982000.0,
        "Basic Average Shares": 30595000.0,
        "Diluted EPS": 0.7,
        "Basic EPS": 0.71,
        "Diluted NI Availto Com Stockholders": 21728000.0,
        "Net Income Common Stockholders": 21728000.0,
        "Net Income": 21728000.0,
        "Net Income Including Noncontrolling Interests": 21728000.0,
        "Net Income Discontinuous Operations": 0.0,
        "Net Income Continuous Operations": 21728000.0,
        "Tax Provision": 1181000.0,
        "Pretax Income": 22909000.0,
        "Other Income Expense": 2644000.0,
        "Other Non Operating Income Expenses": 2657000.0,
        "Special Income Charges": -13000.0,
        "Other Special Charges": 13000.0,
        "Operating Income": 20265000.0,
        "Operating Expense": 57465000.0,
        "Other Operating Expenses": 13246000.0,
        "Depreciation Amortization Depletion Income Statement": 2233000.0,
        "Depreciation And Amortization In Income Statement": 2233000.0,
        "Selling General And Administration": 41986000.0,
        "General And Administrative Expense": 41986000.0,
        "Other Gand A": 41986000.0,
        "Gross Profit": 77730000.0,
        "Cost Of Revenue": 309088000.0,
        "Total Revenue": 386818000.0,
        "Operating Revenue": 386818000.0
    },
    "2024-03-31": {
        "Tax Effect Of Unusual Items": -62328.0,
        "Tax Rate For Calcs": 0.147,
        "Normalized EBITDA": 39988000.0,
        "Total Unusual Items": -424000.0,
        "Total Unusual Items Excluding Goodwill": -424000.0,
        "Net Income From Continuing Operation Net Minority Interest": 39171000.0,
        "Reconciled Depreciation": 3573000.0,
        "Reconciled Cost Of Revenue": 439687000.0,
        "EBITDA": 39564000.0,
        "EBIT": 35991000.0,
        "Normalized Income": 39532672.0,
        "Net Income From Continuing And Discontinued Operation": 39171000.0,
        "Total Expenses": 505549000.0,
        "Total Operating Income As Reported": 35991000.0,
        "Diluted Average Shares": 31133000.0,
        "Basic Average Shares": 30769000.0,
        "Diluted EPS": 1.26,
        "Basic EPS": 1.27,
        "Diluted NI Availto Com Stockholders": 39171000.0,
        "Net Income Common Stockholders": 39171000.0,
        "Net Income": 39171000.0,
        "Net Income Including Noncontrolling Interests": 39171000.0,
        "Net Income Discontinuous Operations": 0.0,
        "Net Income Continuous Operations": 39171000.0,
        "Tax Provision": 6739000.0,
        "Pretax Income": 45910000.0,
        "Other Income Expense": 9919000.0,
        "Other Non Operating Income Expenses": 10343000.0,
        "Special Income Charges": -424000.0,
        "Other Special Charges": 424000.0,
        "Operating Income": 35991000.0,
        "Operating Expense": 65862000.0,
        "Other Operating Expenses": 18285000.0,
        "Depreciation Amortization Depletion Income Statement": 3573000.0,
        "Depreciation And Amortization In Income Statement": 3573000.0,
        "Selling General And Administration": 44004000.0,
        "General And Administrative Expense": 44004000.0,
        "Other Gand A": 44004000.0,
        "Gross Profit": 101853000.0,
        "Cost Of Revenue": 439687000.0,
        "Total Revenue": 541540000.0,
        "Operating Revenue": 541540000.0
    },
    "2024-06-30": {
        "Tax Effect Of Unusual Items": 0.0,
        "Tax Rate For Calcs": 0.083,
        "Normalized EBITDA": 32416000.0,
        "Total Unusual Items": 0.0,
        "Total Unusual Items Excluding Goodwill": 0.0,
        "Net Income From Continuing Operation Net Minority Interest": 27208000.0,
        "Reconciled Depreciation": 3892000.0,
        "Reconciled Cost Of Revenue": 492378000.0,
        "EBITDA": 32416000.0,
        "EBIT": 28524000.0,
        "Normalized Income": 27208000.0,
        "Net Income From Continuing And Discontinued Operation": 27210000.0,
        "Total Expenses": 567158000.0,
        "Total Operating Income As Reported": 28524000.0,
        "Diluted Average Shares": 30935000.0,
        "Basic Average Shares": 30513000.0,
        "Diluted EPS": 0.88,
        "Basic EPS": 0.89,
        "Diluted NI Availto Com Stockholders": 27210000.0,
        "Net Income Common Stockholders": 27210000.0,
        "Net Income": 27210000.0,
        "Net Income Including Noncontrolling Interests": 27210000.0,
        "Net Income Discontinuous Operations": 2000.0,
        "Net Income Continuous Operations": 27208000.0,
        "Tax Provision": 2452000.0,
        "Pretax Income": 29660000.0,
        "Other Income Expense": 1136000.0,
        "Other Non Operating Income Expenses": 1136000.0,
        "Special Income Charges": 0.0,
        "Other Special Charges": NaN,
        "Operating Income": 28524000.0,
        "Operating Expense": 74780000.0,
        "Other Operating Expenses": 21233000.0,
        "Depreciation Amortization Depletion Income Statement": 3892000.0,
        "Depreciation And Amortization In Income Statement": 3892000.0,
        "Selling General And Administration": 49655000.0,
        "General And Administrative Expense": 49655000.0,
        "Other Gand A": 49655000.0,
        "Gross Profit": 103304000.0,
        "Cost Of Revenue": 492378000.0,
        "Total Revenue": 595682000.0,
        "Operating Revenue": 595682000.0
    },
    "2024-09-30": {
        "Tax Effect Of Unusual Items": 0.0,
        "Tax Rate For Calcs": 0.140877,
        "Normalized EBITDA": 63415000.0,
        "Total Unusual Items": 0.0,
        "Total Unusual Items Excluding Goodwill": 0.0,
        "Net Income From Continuing Operation Net Minority Interest": 52068000.0,
        "Reconciled Depreciation": 5169000.0,
        "Reconciled Cost Of Revenue": 664750000.0,
        "EBITDA": 63415000.0,
        "EBIT": 58246000.0,
        "Normalized Income": 52068000.0,
        "Net Income From Continuing And Discontinued Operation": 52066000.0,
        "Total Expenses": 747911000.0,
        "Total Operating Income As Reported": 58246000.0,
        "Diluted Average Shares": NaN,
        "Basic Average Shares": NaN,
        "Diluted EPS": NaN,
        "Basic EPS": NaN,
        "Diluted NI Availto Com Stockholders": 52066000.0,
        "Net Income Common Stockholders": 52066000.0,
        "Net Income": 52066000.0,
        "Net Income Including Noncontrolling Interests": 52066000.0,
        "Net Income Discontinuous Operations": -2000.0,
        "Net Income Continuous Operations": 52068000.0,
        "Tax Provision": 8538000.0,
        "Pretax Income": 60606000.0,
        "Other Income Expense": 2360000.0,
        "Other Non Operating Income Expenses": 2360000.0,
        "Special Income Charges": 0.0,
        "Other Special Charges": 0.0,
        "Operating Income": 58246000.0,
        "Operating Expense": 83161000.0,
        "Other Operating Expenses": 27292000.0,
        "Depreciation Amortization Depletion Income Statement": 5169000.0,
        "Depreciation And Amortization In Income Statement": 5169000.0,
        "Selling General And Administration": 50700000.0,
        "General And Administrative Expense": 50700000.0,
        "Other Gand A": 50700000.0,
        "Gross Profit": 141407000.0,
        "Cost Of Revenue": 664750000.0,
        "Total Revenue": 806157000.0,
        "Operating Revenue": 806157000.0
    },
    "2024-12-31": {
        "Tax Effect Of Unusual Items": 0.0,
        "Tax Rate For Calcs": 0.011,
        "Normalized EBITDA": 6193000.0,
        "Total Unusual Items": 0.0,
        "Total Unusual Items Excluding Goodwill": 0.0,
        "Net Income From Continuing Operation Net Minority Interest": 3130000.0,
        "Reconciled Depreciation": 4055000.0,
        "Reconciled Cost Of Revenue": 396875000.0,
        "EBITDA": 6193000.0,
        "EBIT": 2138000.0,
        "Normalized Income": 3130000.0,
        "Net Income From Continuing And Discontinued Operation": 3130000.0,
        "Total Expenses": 466815000.0,
        "Total Operating Income As Reported": 2138000.0,
        "Diluted Average Shares": 30800000.0,
        "Basic Average Shares": 30426000.0,
        "Diluted EPS": 0.1,
        "Basic EPS": 0.1,
        "Diluted NI Availto Com Stockholders": 3130000.0,
        "Net Income Common Stockholders": 3130000.0,
        "Net Income": 3130000.0,
        "Net Income Including Noncontrolling Interests": 3130000.0,
        "Net Income Discontinuous Operations": 0.0,
        "Net Income Continuous Operations": 3130000.0,
        "Tax Provision": 36000.0,
        "Pretax Income": 3166000.0,
        "Other Income Expense": 1028000.0,
        "Other Non Operating Income Expenses": 1028000.0,
        "Special Income Charges": 0.0,
        "Other Special Charges": NaN,
        "Operating Income": 2138000.0,
        "Operating Expense": 69940000.0,
        "Other Operating Expenses": 16113000.0,
        "Depreciation Amortization Depletion Income Statement": 4055000.0,
        "Depreciation And Amortization In Income Statement": 4055000.0,
        "Selling General And Administration": 49772000.0,
        "General And Administrative Expense": 49772000.0,
        "Other Gand A": 49772000.0,
        "Gross Profit": 72078000.0,
        "Cost Of Revenue": 396875000.0,
        "Total Revenue": 468953000.0,
        "Operating Revenue": 468953000.0
    }
}