{
    "2023-03-31": {
        "Tax Effect Of Unusual Items": NaN,
        "Tax Rate For Calcs": NaN,
        "Normalized EBITDA": NaN,
        "Total Unusual Items": NaN,
        "Total Unusual Items Excluding Goodwill": NaN,
        "Net Income From Continuing Operation Net Minority Interest": NaN,
        "Reconciled Cost Of Revenue": NaN,
        "EBITDA": NaN,
        "EBIT": NaN,
        "Net Interest Income": NaN,
        "Interest Expense": NaN,
        "Interest Income": NaN,
        "Normalized Income": NaN,
        "Net Income From Continuing And Discontinued Operation": NaN,
        "Total Expenses": NaN,
        "Total Operating Income As Reported": NaN,
        "Diluted Average Shares": NaN,
        "Basic Average Shares": NaN,
        "Diluted EPS": NaN,
        "Basic EPS": NaN,
        "Diluted NI Availto Com Stockholders": NaN,
        "Net Income Common Stockholders": NaN,
        "Net Income": NaN,
        "Minority Interests": NaN,
        "Net Income Including Noncontrolling Interests": NaN,
        "Net Income Continuous Operations": NaN,
        "Earnings From Equity Interest Net Of Tax": NaN,
        "Tax Provision": NaN,
        "Pretax Income": NaN,
        "Other Income Expense": NaN,
        "Special Income Charges": 0.0,
        "Gain On Sale Of Business": NaN,
        "Write Off": NaN,
        "Restructuring And Mergern Acquisition": NaN,
        "Gain On Sale Of Security": NaN,
        "Net Non Operating Interest Income Expense": NaN,
        "Interest Expense Non Operating": NaN,
        "Interest Income Non Operating": NaN,
        "Operating Income": NaN,
        "Operating Expense": NaN,
        "Other Operating Expenses": NaN,
        "Selling General And Administration": NaN,
        "Selling And Marketing Expense": NaN,
        "General And Administrative Expense": NaN,
        "Other Gand A": NaN,
        "Salaries And Wages": NaN,
        "Gross Profit": NaN,
        "Cost Of Revenue": NaN,
        "Total Revenue": NaN,
        "Operating Revenue": NaN
    },
    "2022-12-31": {
        "Tax Effect Of Unusual Items": NaN,
        "Tax Rate For Calcs": NaN,
        "Normalized EBITDA": NaN,
        "Total Unusual Items": NaN,
        "Total Unusual Items Excluding Goodwill": NaN,
        "Net Income From Continuing Operation Net Minority Interest": NaN,
        "Reconciled Cost Of Revenue": NaN,
        "EBITDA": NaN,
        "EBIT": NaN,
        "Net Interest Income": NaN,
        "Interest Expense": NaN,
        "Interest Income": NaN,
        "Normalized Income": NaN,
        "Net Income From Continuing And Discontinued Operation": NaN,
        "Total Expenses": NaN,
        "Total Operating Income As Reported": NaN,
        "Diluted Average Shares": 58780504.0,
        "Basic Average Shares": 58780504.0,
        "Diluted EPS": -4.83,
        "Basic EPS": -4.83,
        "Diluted NI Availto Com Stockholders": NaN,
        "Net Income Common Stockholders": NaN,
        "Net Income": NaN,
        "Minority Interests": NaN,
        "Net Income Including Noncontrolling Interests": NaN,
        "Net Income Continuous Operations": NaN,
        "Earnings From Equity Interest Net Of Tax": NaN,
        "Tax Provision": NaN,
        "Pretax Income": NaN,
        "Other Income Expense": NaN,
        "Special Income Charges": -5248000.0,
        "Gain On Sale Of Business": NaN,
        "Write Off": NaN,
        "Restructuring And Mergern Acquisition": NaN,
        "Gain On Sale Of Security": NaN,
        "Net Non Operating Interest Income Expense": NaN,
        "Interest Expense Non Operating": NaN,
        "Interest Income Non Operating": NaN,
        "Operating Income": NaN,
        "Operating Expense": NaN,
        "Other Operating Expenses": NaN,
        "Selling General And Administration": NaN,
        "Selling And Marketing Expense": NaN,
        "General And Administrative Expense": NaN,
        "Other Gand A": NaN,
        "Salaries And Wages": NaN,
        "Gross Profit": NaN,
        "Cost Of Revenue": NaN,
        "Total Revenue": NaN,
        "Operating Revenue": NaN
    },
    "2022-09-30": {
        "Tax Effect Of Unusual Items": NaN,
        "Tax Rate For Calcs": NaN,
        "Normalized EBITDA": NaN,
        "Total Unusual Items": NaN,
        "Total Unusual Items Excluding Goodwill": NaN,
        "Net Income From Continuing Operation Net Minority Interest": NaN,
        "Reconciled Cost Of Revenue": NaN,
        "EBITDA": NaN,
        "EBIT": NaN,
        "Net Interest Income": NaN,
        "Interest Expense": NaN,
        "Interest Income": NaN,
        "Normalized Income": NaN,
        "Net Income From Continuing And Discontinued Operation": NaN,
        "Total Expenses": NaN,
        "Total Operating Income As Reported": NaN,
        "Diluted Average Shares": NaN,
        "Basic Average Shares": NaN,
        "Diluted EPS": NaN,
        "Basic EPS": NaN,
        "Diluted NI Availto Com Stockholders": NaN,
        "Net Income Common Stockholders": NaN,
        "Net Income": NaN,
        "Minority Interests": NaN,
        "Net Income Including Noncontrolling Interests": NaN,
        "Net Income Continuous Operations": NaN,
        "Earnings From Equity Interest Net Of Tax": NaN,
        "Tax Provision": NaN,
        "Pretax Income": NaN,
        "Other Income Expense": NaN,
        "Special Income Charges": NaN,
        "Gain On Sale Of Business": -99521000.0,
        "Write Off": 8400000.0,
        "Restructuring And Mergern Acquisition": NaN,
        "Gain On Sale Of Security": NaN,
        "Net Non Operating Interest Income Expense": NaN,
        "Interest Expense Non Operating": NaN,
        "Interest Income Non Operating": NaN,
        "Operating Income": NaN,
        "Operating Expense": NaN,
        "Other Operating Expenses": NaN,
        "Selling General And Administration": NaN,
        "Selling And Marketing Expense": NaN,
        "General And Administrative Expense": NaN,
        "Other Gand A": NaN,
        "Salaries And Wages": NaN,
        "Gross Profit": NaN,
        "Cost Of Revenue": NaN,
        "Total Revenue": NaN,
        "Operating Revenue": NaN
    },
    "2022-06-30": {
        "Tax Effect Of Unusual Items": -16679200.0,
        "Tax Rate For Calcs": 0.4,
        "Normalized EBITDA": -16020000.0,
        "Total Unusual Items": -41698000.0,
        "Total Unusual Items Excluding Goodwill": -41698000.0,
        "Net Income From Continuing Operation Net Minority Interest": -77759000.0,
        "Reconciled Cost Of Revenue": 1327219000.0,
        "EBITDA": -57718000.0,
        "EBIT": -57718000.0,
        "Net Interest Income": -6471000.0,
        "Interest Expense": 13806000.0,
        "Interest Income": 7335000.0,
        "Normalized Income": -52740200.0,
        "Net Income From Continuing And Discontinued Operation": -77759000.0,
        "Total Expenses": 2145392000.0,
        "Total Operating Income As Reported": -23355000.0,
        "Diluted Average Shares": 61582216.0,
        "Basic Average Shares": 61582216.0,
        "Diluted EPS": -1.26,
        "Basic EPS": -1.26,
        "Diluted NI Availto Com Stockholders": -77759000.0,
        "Net Income Common Stockholders": -77759000.0,
        "Net Income": -77759000.0,
        "Minority Interests": -6371000.0,
        "Net Income Including Noncontrolling Interests": -71388000.0,
        "Net Income Continuous Operations": -71388000.0,
        "Earnings From Equity Interest Net Of Tax": 3795000.0,
        "Tax Provision": 3659000.0,
        "Pretax Income": -71524000.0,
        "Other Income Expense": -41698000.0,
        "Special Income Charges": 0.0,
        "Gain On Sale Of Business": NaN,
        "Write Off": 0.0,
        "Impairment Of Capital Assets": NaN,
        "Restructuring And Mergern Acquisition": NaN,
        "Gain On Sale Of Security": -41698000.0,
        "Net Non Operating Interest Income Expense": -6471000.0,
        "Interest Expense Non Operating": 13806000.0,
        "Interest Income Non Operating": 7335000.0,
        "Operating Income": -23355000.0,
        "Operating Expense": 818173000.0,
        "Other Operating Expenses": -54088000.0,
        "Selling General And Administration": 872261000.0,
        "Selling And Marketing Expense": 668331000.0,
        "General And Administrative Expense": 203930000.0,
        "Other Gand A": 203930000.0,
        "Salaries And Wages": NaN,
        "Gross Profit": 794818000.0,
        "Cost Of Revenue": 1327219000.0,
        "Total Revenue": 2122037000.0,
        "Operating Revenue": 2122037000.0
    },
    "2022-03-31": {
        "Diluted EPS": -0.29,
        "Total Revenue": 313,
        "Gross Profit": 219,
        "Operating Income": -6,
        "EBIT": -6,
        "Net Income": -19
    },
    "2021-12-31": {
        "Diluted EPS": -0.02,
        "Total Revenue": 515,
        "Gross Profit": 345,
        "Operating Income": 1,
        "EBIT": 1,
        "Net Income": -2
    },
    "2021-09-30": {
        "Diluted EPS": -0.62,
        "Total Revenue": 295,
        "Gross Profit": 202,
        "Operating Income": -24,
        "EBIT": -24,
        "Net Income": -45
    },
    "2021-06-30": {
        "Diluted EPS": 0.16,
        "Total Revenue": 357,
        "Gross Profit": 231,
        "Operating Income": 17,
        "EBIT": 17,
        "Net Income": 12
    },
    "2021-03-31": {
        "Diluted EPS": 0.0,
        "Total Revenue": 308,
        "Gross Profit": 183,
        "Operating Income": 8,
        "EBIT": 8,
        "Net Income": 0
    },
    "2020-12-31": {
        "Diluted EPS": 0.58,
        "Total Revenue": 567,
        "Gross Profit": 350,
        "Operating Income": 49,
        "EBIT": 49,
        "Net Income": 39
    },
    "2020-09-30": {
        "Diluted EPS": 0.16,
        "Total Revenue": 269,
        "Gross Profit": 170,
        "Operating Income": 12,
        "EBIT": 12,
        "Net Income": 10
    },
    "2020-06-30": {
        "Diluted EPS": 0.28,
        "Total Revenue": 305,
        "Gross Profit": 195,
        "Operating Income": 23,
        "EBIT": 23,
        "Net Income": 17
    },
    "2020-03-31": {
        "Diluted EPS": 0.01,
        "Total Revenue": 215,
        "Gross Profit": 132,
        "Operating Income": 2,
        "EBIT": 2,
        "Net Income": 0
    },
    "2019-12-31": {
        "Diluted EPS": 0.35,
        "Total Revenue": 395,
        "Gross Profit": 245,
        "Operating Income": 28,
        "EBIT": 28,
        "Net Income": 20
    },
    "2019-09-30": {
        "Diluted EPS": 0.09,
        "Total Revenue": 210,
        "Gross Profit": 136,
        "Operating Income": 8,
        "EBIT": 8,
        "Net Income": 6
    },
    "2019-06-30": {
        "Diluted EPS": 0.16,
        "Total Revenue": 248,
        "Gross Profit": 149,
        "Operating Income": 12,
        "EBIT": 12,
        "Net Income": 10
    },
    "2019-03-31": {
        "Diluted EPS": 0.08,
        "Total Revenue": 192,
        "Gross Profit": 116,
        "Operating Income": 7,
        "EBIT": 7,
        "Net Income": 5
    },
    "2018-12-31": {
        "Diluted EPS": 0.46,
        "Total Revenue": 301,
        "Gross Profit": 194,
        "Operating Income": 33,
        "EBIT": 33,
        "Net Income": 27
    },
    "2018-09-30": {
        "Diluted EPS": 0.07,
        "Total Revenue": 162,
        "Gross Profit": 103,
        "Operating Income": 6,
        "EBIT": 6,
        "Net Income": 4
    },
    "2018-06-30": {
        "Diluted EPS": 0.09,
        "Total Revenue": 175,
        "Gross Profit": 105,
        "Operating Income": 9,
        "EBIT": 9,
        "Net Income": 6
    },
    "2018-03-31": {
        "Diluted EPS": 0.04,
        "Total Revenue": 147,
        "Gross Profit": 86,
        "Operating Income": 5,
        "EBIT": 5,
        "Net Income": 2
    },
    "2017-12-31": {
        "Diluted EPS": 0.38,
        "Total Revenue": 256,
        "Gross Profit": 151,
        "Operating Income": 27,
        "EBIT": 27,
        "Net Income": 23
    },
    "2017-09-30": {
        "Diluted EPS": 0.06,
        "Total Revenue": 134,
        "Gross Profit": 73,
        "Operating Income": 4,
        "EBIT": 4,
        "Net Income": 3
    },
    "2017-06-30": {
        "Diluted EPS": 0.08,
        "Total Revenue": 131,
        "Gross Profit": 66,
        "Operating Income": 6,
        "EBIT": 6,
        "Net Income": 4
    },
    "2017-03-31": {
        "Diluted EPS": 0.03,
        "Total Revenue": 117,
        "Gross Profit": 53,
        "Operating Income": 2,
        "EBIT": 2,
        "Net Income": 2
    },
    "2016-12-31": {
        "Diluted EPS": 0.17,
        "Total Revenue": 167,
        "Gross Profit": 79,
        "Operating Income": 9,
        "EBIT": 9,
        "Net Income": 9
    },
    "2016-09-30": {
        "Diluted EPS": 0.05,
        "Total Revenue": 112,
        "Gross Profit": 49,
        "Operating Income": 3,
        "EBIT": 3,
        "Net Income": 3
    },
    "2016-06-30": {
        "Diluted EPS": 0.0,
        "Total Revenue": 105,
        "Gross Profit": 43,
        "Operating Income": 0,
        "EBIT": 0,
        "Net Income": 0
    },
    "2016-03-31": {
        "Diluted EPS": 0.01,
        "Total Revenue": 104,
        "Gross Profit": 40,
        "Operating Income": 1,
        "EBIT": 1,
        "Net Income": 1
    },
    "2015-12-31": {
        "Diluted EPS": 0.34,
        "Total Revenue": 148,
        "Gross Profit": 51,
        "Operating Income": 0,
        "EBIT": 0,
        "Net Income": 2
    },
    "2015-09-30": {
        "Diluted EPS": 0.0,
        "Total Revenue": 92,
        "Gross Profit": 30,
        "Operating Income": 0,
        "EBIT": 0,
        "Net Income": 1
    },
    "2015-06-30": {
        "Diluted EPS": 0.04,
        "Total Revenue": 83,
        "Gross Profit": 28,
        "Operating Income": 1,
        "EBIT": 1,
        "Net Income": 0
    },
    "2015-03-31": {
        "Diluted EPS": -0.39,
        "Total Revenue": 77,
        "Gross Profit": 25,
        "Operating Income": 0,
        "EBIT": 1,
        "Net Income": -4
    },
    "2014-12-31": {
        "Diluted EPS": -0.32,
        "Total Revenue": 111,
        "Gross Profit": 111,
        "Operating Income": 111,
        "EBIT": 111,
        "Net Income": -3
    },
    "2014-09-30": {
        "Diluted EPS": -1.8,
        "Total Revenue": 60,
        "Gross Profit": 60,
        "Operating Income": 60,
        "EBIT": 60,
        "Net Income": -12
    },
    "2014-06-30": {
        "Diluted EPS": -0.23,
        "Total Revenue": 42,
        "Gross Profit": 42,
        "Operating Income": 42,
        "EBIT": 42,
        "Net Income": 1
    },
    "2023-06-30": {
        "Tax Effect Of Unusual Items": NaN,
        "Tax Rate For Calcs": NaN,
        "Normalized EBITDA": NaN,
        "Total Unusual Items": NaN,
        "Total Unusual Items Excluding Goodwill": NaN,
        "Net Income From Continuing Operation Net Minority Interest": NaN,
        "Reconciled Cost Of Revenue": NaN,
        "EBITDA": NaN,
        "EBIT": NaN,
        "Net Interest Income": NaN,
        "Interest Expense": NaN,
        "Interest Income": NaN,
        "Normalized Income": NaN,
        "Net Income From Continuing And Discontinued Operation": NaN,
        "Total Expenses": NaN,
        "Total Operating Income As Reported": NaN,
        "Diluted Average Shares": NaN,
        "Basic Average Shares": NaN,
        "Diluted EPS": NaN,
        "Basic EPS": NaN,
        "Diluted NI Availto Com Stockholders": NaN,
        "Net Income Common Stockholders": NaN,
        "Net Income": NaN,
        "Minority Interests": NaN,
        "Net Income Including Noncontrolling Interests": NaN,
        "Net Income Continuous Operations": NaN,
        "Earnings From Equity Interest Net Of Tax": NaN,
        "Tax Provision": NaN,
        "Pretax Income": NaN,
        "Other Income Expense": NaN,
        "Special Income Charges": 3251000.0,
        "Gain On Sale Of Business": NaN,
        "Write Off": NaN,
        "Restructuring And Mergern Acquisition": -3251000.0,
        "Gain On Sale Of Security": NaN,
        "Net Non Operating Interest Income Expense": NaN,
        "Interest Expense Non Operating": NaN,
        "Interest Income Non Operating": NaN,
        "Operating Income": NaN,
        "Operating Expense": NaN,
        "Other Operating Expenses": NaN,
        "Selling General And Administration": NaN,
        "Selling And Marketing Expense": NaN,
        "General And Administrative Expense": NaN,
        "Other Gand A": NaN,
        "Salaries And Wages": 24039000.0,
        "Gross Profit": NaN,
        "Cost Of Revenue": NaN,
        "Total Revenue": NaN,
        "Operating Revenue": NaN
    },
    "2023-09-30": {
        "Tax Effect Of Unusual Items": NaN,
        "Tax Rate For Calcs": NaN,
        "Normalized EBITDA": NaN,
        "Total Unusual Items": NaN,
        "Total Unusual Items Excluding Goodwill": NaN,
        "Net Income From Continuing Operation Net Minority Interest": NaN,
        "Reconciled Cost Of Revenue": NaN,
        "EBITDA": NaN,
        "EBIT": NaN,
        "Net Interest Income": NaN,
        "Interest Expense": NaN,
        "Interest Income": NaN,
        "Normalized Income": NaN,
        "Net Income From Continuing And Discontinued Operation": NaN,
        "Total Expenses": NaN,
        "Total Operating Income As Reported": NaN,
        "Diluted Average Shares": NaN,
        "Basic Average Shares": NaN,
        "Diluted EPS": NaN,
        "Basic EPS": NaN,
        "Diluted NI Availto Com Stockholders": NaN,
        "Net Income Common Stockholders": NaN,
        "Net Income": NaN,
        "Minority Interests": NaN,
        "Net Income Including Noncontrolling Interests": NaN,
        "Net Income Continuous Operations": NaN,
        "Earnings From Equity Interest Net Of Tax": NaN,
        "Tax Provision": NaN,
        "Pretax Income": NaN,
        "Other Income Expense": NaN,
        "Special Income Charges": 0.0,
        "Gain On Sale Of Business": 0.0,
        "Write Off": 0.0,
        "Restructuring And Mergern Acquisition": NaN,
        "Gain On Sale Of Security": NaN,
        "Net Non Operating Interest Income Expense": NaN,
        "Interest Expense Non Operating": NaN,
        "Interest Income Non Operating": NaN,
        "Operating Income": NaN,
        "Operating Expense": NaN,
        "Other Operating Expenses": NaN,
        "Selling General And Administration": NaN,
        "Selling And Marketing Expense": NaN,
        "General And Administrative Expense": NaN,
        "Other Gand A": NaN,
        "Gross Profit": NaN,
        "Cost Of Revenue": NaN,
        "Total Revenue": NaN,
        "Operating Revenue": NaN
    },
    "2023-12-31": {
        "Tax Effect Of Unusual Items": NaN,
        "Tax Rate For Calcs": NaN,
        "Normalized EBITDA": NaN,
        "Total Unusual Items": NaN,
        "Total Unusual Items Excluding Goodwill": NaN,
        "Net Income From Continuing Operation Net Minority Interest": NaN,
        "Reconciled Cost Of Revenue": NaN,
        "EBITDA": NaN,
        "EBIT": NaN,
        "Net Interest Income": NaN,
        "Interest Expense": NaN,
        "Interest Income": NaN,
        "Normalized Income": NaN,
        "Net Income From Continuing And Discontinued Operation": NaN,
        "Total Expenses": NaN,
        "Total Operating Income As Reported": NaN,
        "Diluted Average Shares": NaN,
        "Basic Average Shares": NaN,
        "Diluted EPS": NaN,
        "Basic EPS": NaN,
        "Diluted NI Availto Com Stockholders": NaN,
        "Net Income Common Stockholders": NaN,
        "Net Income": NaN,
        "Minority Interests": NaN,
        "Net Income Including Noncontrolling Interests": NaN,
        "Net Income Continuous Operations": NaN,
        "Earnings From Equity Interest Net Of Tax": NaN,
        "Tax Provision": NaN,
        "Pretax Income": NaN,
        "Other Income Expense": NaN,
        "Special Income Charges": -37832000.0,
        "Restructuring And Mergern Acquisition": NaN,
        "Gain On Sale Of Security": NaN,
        "Net Non Operating Interest Income Expense": NaN,
        "Interest Expense Non Operating": NaN,
        "Interest Income Non Operating": NaN,
        "Operating Income": NaN,
        "Operating Expense": NaN,
        "Other Operating Expenses": NaN,
        "Selling General And Administration": NaN,
        "Selling And Marketing Expense": NaN,
        "General And Administrative Expense": NaN,
        "Other Gand A": NaN,
        "Gross Profit": NaN,
        "Cost Of Revenue": NaN,
        "Total Revenue": NaN,
        "Operating Revenue": NaN
    },
    "2024-03-31": {
        "Tax Effect Of Unusual Items": NaN,
        "Tax Rate For Calcs": NaN,
        "Normalized EBITDA": NaN,
        "Total Unusual Items": NaN,
        "Total Unusual Items Excluding Goodwill": NaN,
        "Net Income From Continuing Operation Net Minority Interest": NaN,
        "Reconciled Cost Of Revenue": NaN,
        "EBITDA": NaN,
        "EBIT": NaN,
        "Net Interest Income": NaN,
        "Interest Expense": NaN,
        "Interest Income": NaN,
        "Normalized Income": NaN,
        "Net Income From Continuing And Discontinued Operation": NaN,
        "Total Expenses": NaN,
        "Total Operating Income As Reported": NaN,
        "Diluted Average Shares": 60544917.0,
        "Basic Average Shares": 60544917.0,
        "Diluted EPS": -1.11,
        "Basic EPS": -1.11,
        "Diluted NI Availto Com Stockholders": NaN,
        "Net Income Common Stockholders": NaN,
        "Net Income": NaN,
        "Minority Interests": NaN,
        "Net Income Including Noncontrolling Interests": NaN,
        "Net Income Continuous Operations": NaN,
        "Earnings From Equity Interest Net Of Tax": NaN,
        "Tax Provision": NaN,
        "Pretax Income": NaN,
        "Other Income Expense": NaN,
        "Special Income Charges": NaN,
        "Restructuring And Mergern Acquisition": NaN,
        "Gain On Sale Of Security": NaN,
        "Net Non Operating Interest Income Expense": NaN,
        "Interest Expense Non Operating": NaN,
        "Interest Income Non Operating": NaN,
        "Operating Income": NaN,
        "Operating Expense": NaN,
        "Other Operating Expenses": NaN,
        "Selling General And Administration": NaN,
        "Selling And Marketing Expense": NaN,
        "General And Administrative Expense": NaN,
        "Other Gand A": NaN,
        "Gross Profit": NaN,
        "Cost Of Revenue": NaN,
        "Total Revenue": NaN,
        "Operating Revenue": NaN
    },
    "2024-06-30": {
        "Tax Effect Of Unusual Items": -524000.0,
        "Tax Rate For Calcs": 0.25,
        "Normalized EBITDA": -2078000.0,
        "Total Unusual Items": -2096000.0,
        "Total Unusual Items Excluding Goodwill": -2096000.0,
        "Net Income From Continuing Operation Net Minority Interest": -30620000.0,
        "Reconciled Cost Of Revenue": 1276654000.0,
        "EBITDA": -4174000.0,
        "EBIT": -4174000.0,
        "Net Interest Income": 6259000.0,
        "Interest Expense": 10436000.0,
        "Interest Income": 16695000.0,
        "Normalized Income": -29048000.0,
        "Net Income From Continuing And Discontinued Operation": -30620000.0,
        "Total Expenses": 2409767000.0,
        "Total Operating Income As Reported": -18773000.0,
        "Diluted Average Shares": 60633189.0,
        "Basic Average Shares": 60633189.0,
        "Diluted EPS": -0.51,
        "Basic EPS": -0.51,
        "Diluted NI Availto Com Stockholders": -30620000.0,
        "Net Income Common Stockholders": -30620000.0,
        "Net Income": -30620000.0,
        "Minority Interests": -8631000.0,
        "Net Income Including Noncontrolling Interests": -21989000.0,
        "Net Income Continuous Operations": -21989000.0,
        "Earnings From Equity Interest Net Of Tax": -3616000.0,
        "Tax Provision": 3763000.0,
        "Pretax Income": -14610000.0,
        "Other Income Expense": -2096000.0,
        "Special Income Charges": 0.0,
        "Restructuring And Mergern Acquisition": 0.0,
        "Gain On Sale Of Security": -2096000.0,
        "Net Non Operating Interest Income Expense": 6259000.0,
        "Interest Expense Non Operating": 10436000.0,
        "Interest Income Non Operating": 16695000.0,
        "Operating Income": -18773000.0,
        "Operating Expense": 1133113000.0,
        "Other Operating Expenses": 116778000.0,
        "Selling General And Administration": 1016335000.0,
        "Selling And Marketing Expense": 844698000.0,
        "General And Administrative Expense": 171637000.0,
        "Other Gand A": 171637000.0,
        "Gross Profit": 1114340000.0,
        "Cost Of Revenue": 1276654000.0,
        "Total Revenue": 2390994000.0,
        "Operating Revenue": 2390994000.0
    },
    "2024-09-30": {
        "Tax Effect Of Unusual Items": -213258.085652,
        "Tax Rate For Calcs": 0.168984,
        "Normalized EBITDA": -99897000.0,
        "Total Unusual Items": -1262000.0,
        "Total Unusual Items Excluding Goodwill": -1262000.0,
        "Net Income From Continuing Operation Net Minority Interest": -88070000.0,
        "Reconciled Cost Of Revenue": 1082489000.0,
        "EBITDA": -101159000.0,
        "EBIT": -101159000.0,
        "Net Interest Income": 5858000.0,
        "Interest Expense": 8727000.0,
        "Interest Income": 14585000.0,
        "Normalized Income": -87021258.085652,
        "Net Income From Continuing And Discontinued Operation": -88070000.0,
        "Total Expenses": 2171502000.0,
        "Total Operating Income As Reported": -114482000.0,
        "Diluted Average Shares": 59428273.0,
        "Basic Average Shares": 59428273.0,
        "Diluted EPS": -1.47,
        "Basic EPS": -1.47,
        "Diluted NI Availto Com Stockholders": -88070000.0,
        "Net Income Common Stockholders": -88070000.0,
        "Net Income": -88070000.0,
        "Minority Interests": 5185000.0,
        "Net Income Including Noncontrolling Interests": -93255000.0,
        "Net Income Continuous Operations": -93255000.0,
        "Earnings From Equity Interest Net Of Tax": -1938000.0,
        "Tax Provision": -18569000.0,
        "Pretax Income": -109886000.0,
        "Other Income Expense": -1262000.0,
        "Special Income Charges": NaN,
        "Restructuring And Mergern Acquisition": NaN,
        "Gain On Sale Of Security": -1262000.0,
        "Net Non Operating Interest Income Expense": 5858000.0,
        "Interest Expense Non Operating": 8727000.0,
        "Interest Income Non Operating": 14585000.0,
        "Operating Income": -114482000.0,
        "Operating Expense": 1089013000.0,
        "Other Operating Expenses": 111840000.0,
        "Selling General And Administration": 977173000.0,
        "Selling And Marketing Expense": 800562000.0,
        "General And Administrative Expense": 176611000.0,
        "Other Gand A": 176611000.0,
        "Gross Profit": 974531000.0,
        "Cost Of Revenue": 1082489000.0,
        "Total Revenue": 2057020000.0,
        "Operating Revenue": 2057020000.0
    },
    "2024-12-31": {
        "Tax Effect Of Unusual Items": 1715757.58794,
        "Tax Rate For Calcs": 0.300905,
        "Normalized EBITDA": 98442000.0,
        "Total Unusual Items": 5702000.0,
        "Total Unusual Items Excluding Goodwill": 5702000.0,
        "Net Income From Continuing Operation Net Minority Interest": 129000.0,
        "Reconciled Cost Of Revenue": 1542750000.0,
        "EBITDA": 104144000.0,
        "EBIT": 104144000.0,
        "Net Interest Income": 8679000.0,
        "Interest Expense": 9619000.0,
        "Interest Income": 18298000.0,
        "Normalized Income": -3857242.41206,
        "Net Income From Continuing And Discontinued Operation": 129000.0,
        "Total Expenses": 2914301000.0,
        "Total Operating Income As Reported": 73210000.0,
        "Diluted Average Shares": 59561822.0,
        "Basic Average Shares": 58980734.0,
        "Diluted EPS": 0.0,
        "Basic EPS": 0.0,
        "Diluted NI Availto Com Stockholders": 129000.0,
        "Net Income Common Stockholders": 129000.0,
        "Net Income": 129000.0,
        "Minority Interests": -42023000.0,
        "Net Income Including Noncontrolling Interests": 42152000.0,
        "Net Income Continuous Operations": 42152000.0,
        "Earnings From Equity Interest Net Of Tax": -23930000.0,
        "Tax Provision": 28443000.0,
        "Pretax Income": 94525000.0,
        "Other Income Expense": 5702000.0,
        "Special Income Charges": NaN,
        "Restructuring And Mergern Acquisition": NaN,
        "Gain On Sale Of Security": 27039000.0,
        "Net Non Operating Interest Income Expense": 8679000.0,
        "Interest Expense Non Operating": 9619000.0,
        "Interest Income Non Operating": 18298000.0,
        "Operating Income": 80144000.0,
        "Operating Expense": 1371551000.0,
        "Other Operating Expenses": 138308000.0,
        "Selling General And Administration": 1233243000.0,
        "Selling And Marketing Expense": 1041421000.0,
        "General And Administrative Expense": 191822000.0,
        "Other Gand A": 191822000.0,
        "Gross Profit": 1451695000.0,
        "Cost Of Revenue": 1542750000.0,
        "Total Revenue": 2994445000.0,
        "Operating Revenue": 2994445000.0
    },
    "2025-03-31": {
        "Tax Effect Of Unusual Items": 572910.100287,
        "Tax Rate For Calcs": 0.08202,
        "Normalized EBITDA": -72633000.0,
        "Total Unusual Items": 6985000.0,
        "Total Unusual Items Excluding Goodwill": 6985000.0,
        "Net Income From Continuing Operation Net Minority Interest": -63080000.0,
        "Reconciled Cost Of Revenue": 1071703000.0,
        "EBITDA": -65648000.0,
        "EBIT": -65648000.0,
        "Net Interest Income": -1171000.0,
        "Interest Expense": 12528000.0,
        "Interest Income": 11357000.0,
        "Normalized Income": -69492089.899713,
        "Net Income From Continuing And Discontinued Operation": -63080000.0,
        "Total Expenses": 2148350000.0,
        "Total Operating Income As Reported": -83990000.0,
        "Diluted Average Shares": 57784423.0,
        "Basic Average Shares": 57784423.0,
        "Diluted EPS": -1.08,
        "Basic EPS": -1.08,
        "Diluted NI Availto Com Stockholders": -63080000.0,
        "Net Income Common Stockholders": -63080000.0,
        "Net Income": -63080000.0,
        "Minority Interests": 9188000.0,
        "Net Income Including Noncontrolling Interests": -72268000.0,
        "Net Income Continuous Operations": -72268000.0,
        "Earnings From Equity Interest Net Of Tax": -504000.0,
        "Tax Provision": -6412000.0,
        "Pretax Income": -78176000.0,
        "Other Income Expense": 6985000.0,
        "Special Income Charges": NaN,
        "Restructuring And Mergern Acquisition": NaN,
        "Gain On Sale Of Security": 6985000.0,
        "Net Non Operating Interest Income Expense": -1171000.0,
        "Interest Expense Non Operating": 12528000.0,
        "Interest Income Non Operating": 11357000.0,
        "Operating Income": -83990000.0,
        "Operating Expense": 1076647000.0,
        "Other Operating Expenses": 105811000.0,
        "Selling General And Administration": 970836000.0,
        "Selling And Marketing Expense": 800351000.0,
        "General And Administrative Expense": 170485000.0,
        "Other Gand A": 170485000.0,
        "Gross Profit": 992657000.0,
        "Cost Of Revenue": 1071703000.0,
        "Total Revenue": 2064360000.0,
        "Operating Revenue": 2064360000.0
    },
    "2025-06-30": {
        "Tax Effect Of Unusual Items": -10750.0,
        "Tax Rate For Calcs": 0.25,
        "Normalized EBITDA": 1517000.0,
        "Total Unusual Items": -43000.0,
        "Total Unusual Items Excluding Goodwill": -43000.0,
        "Net Income From Continuing Operation Net Minority Interest": -33958000.0,
        "Reconciled Cost Of Revenue": 1317457000.0,
        "EBITDA": 1474000.0,
        "EBIT": 1474000.0,
        "Net Interest Income": -886000.0,
        "Interest Expense": 11781000.0,
        "Interest Income": 10895000.0,
        "Normalized Income": -33925750.0,
        "Net Income From Continuing And Discontinued Operation": -33958000.0,
        "Total Expenses": 2562039000.0,
        "Total Operating Income As Reported": -9378000.0,
        "Diluted Average Shares": NaN,
        "Basic Average Shares": NaN,
        "Diluted EPS": NaN,
        "Basic EPS": NaN,
        "Diluted NI Availto Com Stockholders": -33958000.0,
        "Net Income Common Stockholders": -33958000.0,
        "Net Income": -33958000.0,
        "Minority Interests": -13504000.0,
        "Net Income Including Noncontrolling Interests": -20454000.0,
        "Net Income Continuous Operations": -20454000.0,
        "Earnings From Equity Interest Net Of Tax": 3212000.0,
        "Tax Provision": 13359000.0,
        "Pretax Income": -10307000.0,
        "Other Income Expense": -43000.0,
        "Special Income Charges": NaN,
        "Restructuring And Mergern Acquisition": NaN,
        "Gain On Sale Of Security": -43000.0,
        "Net Non Operating Interest Income Expense": -886000.0,
        "Interest Expense Non Operating": 11781000.0,
        "Interest Income Non Operating": 10895000.0,
        "Operating Income": -9378000.0,
        "Operating Expense": 1244582000.0,
        "Other Operating Expenses": 82359000.0,
        "Selling General And Administration": 1162223000.0,
        "Selling And Marketing Expense": 937846000.0,
        "General And Administrative Expense": 224377000.0,
        "Other Gand A": 224377000.0,
        "Gross Profit": 1235204000.0,
        "Cost Of Revenue": 1317457000.0,
        "Total Revenue": 2552661000.0,
        "Operating Revenue": 2552661000.0
    }
}