{
    "2023-03-31": {
        "Tax Effect Of Unusual Items": NaN,
        "Tax Rate For Calcs": NaN,
        "Normalized EBITDA": NaN,
        "Total Unusual Items": NaN,
        "Total Unusual Items Excluding Goodwill": NaN,
        "Net Income From Continuing Operation Net Minority Interest": NaN,
        "Reconciled Depreciation": NaN,
        "Reconciled Cost Of Revenue": NaN,
        "EBITDA": NaN,
        "EBIT": NaN,
        "Net Interest Income": NaN,
        "Interest Expense": NaN,
        "Interest Income": NaN,
        "Normalized Income": NaN,
        "Net Income From Continuing And Discontinued Operation": NaN,
        "Total Expenses": NaN,
        "Total Operating Income As Reported": NaN,
        "Diluted Average Shares": NaN,
        "Basic Average Shares": NaN,
        "Diluted EPS": NaN,
        "Basic EPS": NaN,
        "Diluted NI Availto Com Stockholders": NaN,
        "Net Income Common Stockholders": NaN,
        "Net Income": NaN,
        "Minority Interests": NaN,
        "Net Income Including Noncontrolling Interests": NaN,
        "Net Income Continuous Operations": NaN,
        "Earnings From Equity Interest Net Of Tax": NaN,
        "Tax Provision": NaN,
        "Pretax Income": NaN,
        "Other Income Expense": NaN,
        "Other Non Operating Income Expenses": NaN,
        "Gain On Sale Of Security": NaN,
        "Net Non Operating Interest Income Expense": NaN,
        "Total Other Finance Cost": NaN,
        "Interest Expense Non Operating": NaN,
        "Interest Income Non Operating": NaN,
        "Operating Income": NaN,
        "Operating Expense": NaN,
        "Other Operating Expenses": -653000.0,
        "Research And Development": NaN,
        "Selling General And Administration": NaN,
        "Selling And Marketing Expense": NaN,
        "General And Administrative Expense": NaN,
        "Other Gand A": NaN,
        "Gross Profit": NaN,
        "Cost Of Revenue": NaN,
        "Total Revenue": NaN,
        "Operating Revenue": NaN
    },
    "2022-12-31": {
        "Tax Effect Of Unusual Items": NaN,
        "Tax Rate For Calcs": NaN,
        "Normalized EBITDA": NaN,
        "Total Unusual Items": NaN,
        "Total Unusual Items Excluding Goodwill": NaN,
        "Net Income From Continuing Operation Net Minority Interest": NaN,
        "Reconciled Depreciation": NaN,
        "Reconciled Cost Of Revenue": NaN,
        "EBITDA": NaN,
        "EBIT": NaN,
        "Net Interest Income": NaN,
        "Interest Expense": NaN,
        "Interest Income": NaN,
        "Normalized Income": NaN,
        "Net Income From Continuing And Discontinued Operation": NaN,
        "Total Expenses": NaN,
        "Total Operating Income As Reported": NaN,
        "Diluted Average Shares": NaN,
        "Basic Average Shares": NaN,
        "Diluted EPS": NaN,
        "Basic EPS": NaN,
        "Diluted NI Availto Com Stockholders": NaN,
        "Net Income Common Stockholders": NaN,
        "Net Income": NaN,
        "Minority Interests": NaN,
        "Net Income Including Noncontrolling Interests": NaN,
        "Net Income Continuous Operations": NaN,
        "Earnings From Equity Interest Net Of Tax": NaN,
        "Tax Provision": NaN,
        "Pretax Income": NaN,
        "Other Income Expense": NaN,
        "Other Non Operating Income Expenses": NaN,
        "Gain On Sale Of Security": NaN,
        "Net Non Operating Interest Income Expense": NaN,
        "Total Other Finance Cost": NaN,
        "Interest Expense Non Operating": NaN,
        "Interest Income Non Operating": NaN,
        "Operating Income": NaN,
        "Operating Expense": NaN,
        "Other Operating Expenses": 2779000.0,
        "Research And Development": NaN,
        "Selling General And Administration": NaN,
        "Selling And Marketing Expense": NaN,
        "General And Administrative Expense": NaN,
        "Other Gand A": NaN,
        "Gross Profit": NaN,
        "Cost Of Revenue": NaN,
        "Total Revenue": NaN,
        "Operating Revenue": NaN
    },
    "2022-09-30": {
        "Tax Effect Of Unusual Items": NaN,
        "Tax Rate For Calcs": NaN,
        "Normalized EBITDA": NaN,
        "Total Unusual Items": NaN,
        "Total Unusual Items Excluding Goodwill": NaN,
        "Net Income From Continuing Operation Net Minority Interest": NaN,
        "Reconciled Depreciation": NaN,
        "Reconciled Cost Of Revenue": NaN,
        "EBITDA": NaN,
        "EBIT": NaN,
        "Net Interest Income": NaN,
        "Interest Expense": NaN,
        "Interest Income": NaN,
        "Normalized Income": NaN,
        "Net Income From Continuing And Discontinued Operation": NaN,
        "Total Expenses": NaN,
        "Total Operating Income As Reported": NaN,
        "Diluted Average Shares": 30640260.0,
        "Basic Average Shares": 30637876.0,
        "Diluted EPS": 0.24,
        "Basic EPS": 0.24,
        "Diluted NI Availto Com Stockholders": NaN,
        "Net Income Common Stockholders": NaN,
        "Net Income": NaN,
        "Minority Interests": NaN,
        "Net Income Including Noncontrolling Interests": NaN,
        "Net Income Continuous Operations": NaN,
        "Earnings From Equity Interest Net Of Tax": NaN,
        "Tax Provision": NaN,
        "Pretax Income": NaN,
        "Other Income Expense": NaN,
        "Other Non Operating Income Expenses": NaN,
        "Gain On Sale Of Security": NaN,
        "Net Non Operating Interest Income Expense": NaN,
        "Total Other Finance Cost": NaN,
        "Interest Expense Non Operating": NaN,
        "Interest Income Non Operating": NaN,
        "Operating Income": NaN,
        "Operating Expense": NaN,
        "Other Operating Expenses": NaN,
        "Research And Development": NaN,
        "Selling General And Administration": NaN,
        "Selling And Marketing Expense": NaN,
        "General And Administrative Expense": NaN,
        "Other Gand A": NaN,
        "Gross Profit": NaN,
        "Cost Of Revenue": NaN,
        "Total Revenue": NaN,
        "Operating Revenue": NaN
    },
    "2022-06-30": {
        "Tax Effect Of Unusual Items": 0.0,
        "Tax Rate For Calcs": 0.259177,
        "Normalized EBITDA": 18352000.0,
        "Total Unusual Items": 2325000.0,
        "Total Unusual Items Excluding Goodwill": 2325000.0,
        "Net Income From Continuing Operation Net Minority Interest": 9428000.0,
        "Reconciled Depreciation": 5805000.0,
        "Reconciled Cost Of Revenue": 104450000.0,
        "EBITDA": 18352000.0,
        "EBIT": 12547000.0,
        "Net Interest Income": 2173000.0,
        "Interest Expense": 370000.0,
        "Interest Income": NaN,
        "Normalized Income": 9428000.0,
        "Net Income From Continuing And Discontinued Operation": 9428000.0,
        "Total Expenses": 119961000.0,
        "Total Operating Income As Reported": 7200000.0,
        "Diluted Average Shares": 30849009.0,
        "Basic Average Shares": 30847706.0,
        "Diluted EPS": 0.31,
        "Basic EPS": 0.31,
        "Diluted NI Availto Com Stockholders": 9428000.0,
        "Net Income Common Stockholders": 9428000.0,
        "Net Income": 9428000.0,
        "Minority Interests": -507000.0,
        "Net Income Including Noncontrolling Interests": 9935000.0,
        "Net Income Continuous Operations": 9935000.0,
        "Earnings From Equity Interest Net Of Tax": 914000.0,
        "Tax Provision": 3156000.0,
        "Pretax Income": 12177000.0,
        "Other Income Expense": 2804000.0,
        "Other Non Operating Income Expenses": 2804000.0,
        "Gain On Sale Of Security": 2325000.0,
        "Net Non Operating Interest Income Expense": 2173000.0,
        "Total Other Finance Cost": 94000.0,
        "Interest Expense Non Operating": 370000.0,
        "Interest Income Non Operating": 2543000.0,
        "Operating Income": 7200000.0,
        "Operating Expense": 15511000.0,
        "Other Operating Expenses": -2105000.0,
        "Research And Development": 7886000.0,
        "Selling General And Administration": 9730000.0,
        "Selling And Marketing Expense": 4068000.0,
        "General And Administrative Expense": 5662000.0,
        "Other Gand A": 5662000.0,
        "Gross Profit": 22711000.0,
        "Cost Of Revenue": 104450000.0,
        "Total Revenue": 127161000.0,
        "Operating Revenue": 127161000.0
    },
    "2022-03-31": {
        "Diluted EPS": 0.0,
        "Total Revenue": 136,
        "Gross Profit": 15,
        "Operating Income": -2,
        "EBIT": 5,
        "Net Income": 0
    },
    "2021-12-31": {
        "Diluted EPS": 0.17,
        "Total Revenue": 139,
        "Gross Profit": 20,
        "Operating Income": 1,
        "EBIT": 8,
        "Net Income": 5
    },
    "2021-09-30": {
        "Diluted EPS": -0.01,
        "Total Revenue": 108,
        "Gross Profit": 17,
        "Operating Income": 1,
        "EBIT": 7,
        "Net Income": 0
    },
    "2021-06-30": {
        "Diluted EPS": 0.1,
        "Total Revenue": 121,
        "Gross Profit": 16,
        "Operating Income": 0,
        "EBIT": 7,
        "Net Income": 3
    },
    "2021-03-31": {
        "Diluted EPS": 0.1,
        "Total Revenue": 130,
        "Gross Profit": 20,
        "Operating Income": 4,
        "EBIT": 11,
        "Net Income": 3
    },
    "2020-12-31": {
        "Diluted EPS": -0.11,
        "Total Revenue": 146,
        "Gross Profit": 23,
        "Operating Income": -4,
        "EBIT": 2,
        "Net Income": -3
    },
    "2020-09-30": {
        "Diluted EPS": 0.08,
        "Total Revenue": 114,
        "Gross Profit": 14,
        "Operating Income": 0,
        "EBIT": 5,
        "Net Income": 2
    },
    "2020-06-30": {
        "Diluted EPS": -0.13,
        "Total Revenue": 83,
        "Gross Profit": 8,
        "Operating Income": -5,
        "EBIT": 0,
        "Net Income": -4
    },
    "2020-03-31": {
        "Diluted EPS": -0.0,
        "Total Revenue": 74,
        "Gross Profit": 11,
        "Operating Income": 1,
        "EBIT": 6,
        "Net Income": 0
    },
    "2019-12-31": {
        "Diluted EPS": 0.05,
        "Total Revenue": 116,
        "Gross Profit": 17,
        "Operating Income": -2,
        "EBIT": 3,
        "Net Income": 2
    },
    "2019-09-30": {
        "Diluted EPS": 0.14,
        "Total Revenue": 101,
        "Gross Profit": 17,
        "Operating Income": 4,
        "EBIT": 8,
        "Net Income": 4
    },
    "2019-06-30": {
        "Diluted EPS": 0.08,
        "Total Revenue": 106,
        "Gross Profit": 15,
        "Operating Income": 3,
        "EBIT": 8,
        "Net Income": 2
    },
    "2019-03-31": {
        "Diluted EPS": 0.05,
        "Total Revenue": 109,
        "Gross Profit": 14,
        "Operating Income": 1,
        "EBIT": 5,
        "Net Income": 1
    },
    "2018-12-31": {
        "Diluted EPS": -0.1,
        "Total Revenue": 124,
        "Gross Profit": 11,
        "Operating Income": -10,
        "EBIT": -7,
        "Net Income": -3
    },
    "2018-09-30": {
        "Diluted EPS": 0.01,
        "Total Revenue": 112,
        "Gross Profit": 15,
        "Operating Income": 2,
        "EBIT": 7,
        "Net Income": 0
    },
    "2018-06-30": {
        "Diluted EPS": 0.03,
        "Total Revenue": 126,
        "Gross Profit": 17,
        "Operating Income": 1,
        "EBIT": 5,
        "Net Income": 1
    },
    "2018-03-31": {
        "Diluted EPS": 0.14,
        "Total Revenue": 134,
        "Gross Profit": 22,
        "Operating Income": 5,
        "EBIT": 9,
        "Net Income": 4
    },
    "2017-12-31": {
        "Diluted EPS": -1.23,
        "Total Revenue": 144,
        "Gross Profit": 16,
        "Operating Income": -4,
        "EBIT": 0,
        "Net Income": -39
    },
    "2017-09-30": {
        "Diluted EPS": 0.16,
        "Total Revenue": 118,
        "Gross Profit": 22,
        "Operating Income": 5,
        "EBIT": 8,
        "Net Income": 5
    },
    "2017-06-30": {
        "Diluted EPS": 0.28,
        "Total Revenue": 118,
        "Gross Profit": 24,
        "Operating Income": 11,
        "EBIT": 15,
        "Net Income": 9
    },
    "2017-03-31": {
        "Diluted EPS": 0.18,
        "Total Revenue": 119,
        "Gross Profit": 22,
        "Operating Income": 7,
        "EBIT": 11,
        "Net Income": 6
    },
    "2016-12-31": {
        "Diluted EPS": 0.17,
        "Total Revenue": 150,
        "Gross Profit": 22,
        "Operating Income": 5,
        "EBIT": 8,
        "Net Income": 6
    },
    "2016-09-30": {
        "Diluted EPS": 0.18,
        "Total Revenue": 95,
        "Gross Profit": 20,
        "Operating Income": 6,
        "EBIT": 9,
        "Net Income": 6
    },
    "2016-06-30": {
        "Diluted EPS": 0.17,
        "Total Revenue": 101,
        "Gross Profit": 18,
        "Operating Income": 5,
        "EBIT": 9,
        "Net Income": 5
    },
    "2016-03-31": {
        "Diluted EPS": 0.18,
        "Total Revenue": 117,
        "Gross Profit": 21,
        "Operating Income": 7,
        "EBIT": 11,
        "Net Income": 6
    },
    "2015-12-31": {
        "Diluted EPS": 0.22,
        "Total Revenue": 120,
        "Gross Profit": 20,
        "Operating Income": 7,
        "EBIT": 11,
        "Net Income": 7
    },
    "2015-09-30": {
        "Diluted EPS": 0.13,
        "Total Revenue": 91,
        "Gross Profit": 16,
        "Operating Income": 5,
        "EBIT": 9,
        "Net Income": 4
    },
    "2015-06-30": {
        "Diluted EPS": 0.24,
        "Total Revenue": 109,
        "Gross Profit": 22,
        "Operating Income": 8,
        "EBIT": 12,
        "Net Income": 8
    },
    "2015-03-31": {
        "Diluted EPS": 0.26,
        "Total Revenue": 123,
        "Gross Profit": 22,
        "Operating Income": 9,
        "EBIT": 13,
        "Net Income": 9
    },
    "2014-12-31": {
        "Diluted EPS": 0.28,
        "Total Revenue": 135,
        "Gross Profit": 24,
        "Operating Income": 9,
        "EBIT": 13,
        "Net Income": 9
    },
    "2014-09-30": {
        "Diluted EPS": 0.24,
        "Total Revenue": 102,
        "Gross Profit": 21,
        "Operating Income": 9,
        "EBIT": 13,
        "Net Income": 7
    },
    "2014-06-30": {
        "Diluted EPS": 0.39,
        "Total Revenue": 115,
        "Gross Profit": 22,
        "Operating Income": 17,
        "EBIT": 21,
        "Net Income": 11
    },
    "2014-03-31": {
        "Diluted EPS": 0.24,
        "Total Revenue": 114,
        "Gross Profit": 21,
        "Operating Income": 10,
        "EBIT": 13,
        "Net Income": 7
    },
    "2013-12-31": {
        "Diluted EPS": 0.25,
        "Total Revenue": 129,
        "Gross Profit": 22,
        "Operating Income": 9,
        "EBIT": 12,
        "Net Income": 7
    },
    "2013-09-30": {
        "Diluted EPS": 0.31,
        "Total Revenue": 91,
        "Gross Profit": 17,
        "Operating Income": 11,
        "EBIT": 15,
        "Net Income": 9
    },
    "2013-06-30": {
        "Diluted EPS": 0.18,
        "Total Revenue": 98,
        "Gross Profit": 18,
        "Operating Income": 8,
        "EBIT": 12,
        "Net Income": 5
    },
    "2013-03-31": {
        "Diluted EPS": 0.21,
        "Total Revenue": 97,
        "Gross Profit": 19,
        "Operating Income": 9,
        "EBIT": 13,
        "Net Income": 6
    },
    "2012-12-31": {
        "Diluted EPS": 0.32,
        "Total Revenue": 102,
        "Gross Profit": 17,
        "Operating Income": 7,
        "EBIT": 11,
        "Net Income": 5
    },
    "2012-09-30": {
        "Diluted EPS": 0.12,
        "Total Revenue": 73,
        "Gross Profit": 13,
        "Operating Income": 5,
        "EBIT": 9,
        "Net Income": 3
    },
    "2012-06-30": {
        "Diluted EPS": 0.29,
        "Total Revenue": 80,
        "Gross Profit": 16,
        "Operating Income": 9,
        "EBIT": 12,
        "Net Income": 12
    },
    "2012-03-31": {
        "Diluted EPS": -0.03,
        "Total Revenue": 81,
        "Gross Profit": 15,
        "Operating Income": 6,
        "EBIT": 10,
        "Net Income": -1
    },
    "2011-12-31": {
        "Diluted EPS": 0.22,
        "Total Revenue": 90,
        "Gross Profit": 17,
        "Operating Income": 7,
        "EBIT": 10,
        "Net Income": 6
    },
    "2011-09-30": {
        "Diluted EPS": 0.1,
        "Total Revenue": 71,
        "Gross Profit": 13,
        "Operating Income": 5,
        "EBIT": 9,
        "Net Income": 9
    },
    "2011-06-30": {
        "Diluted EPS": 0.14,
        "Total Revenue": 78,
        "Gross Profit": 14,
        "Operating Income": 7,
        "EBIT": 10,
        "Net Income": 4
    },
    "2011-03-31": {
        "Diluted EPS": 0.23,
        "Total Revenue": 91,
        "Gross Profit": 20,
        "Operating Income": 12,
        "EBIT": 15,
        "Net Income": 17
    },
    "2010-12-31": {
        "Diluted EPS": 0.71,
        "Total Revenue": 101,
        "Gross Profit": 20,
        "Operating Income": 12,
        "EBIT": 15,
        "Net Income": 11
    },
    "2010-09-30": {
        "Diluted EPS": 0.26,
        "Total Revenue": 76,
        "Gross Profit": 18,
        "Operating Income": 12,
        "EBIT": 14,
        "Net Income": 14
    },
    "2010-06-30": {
        "Diluted EPS": 0.28,
        "Total Revenue": 85,
        "Gross Profit": 20,
        "Operating Income": 14,
        "EBIT": 16,
        "Net Income": 24
    },
    "2010-03-31": {
        "Diluted EPS": -0.15,
        "Total Revenue": 84,
        "Gross Profit": 23,
        "Operating Income": 16,
        "EBIT": 18,
        "Net Income": -4
    },
    "2009-12-31": {
        "Diluted EPS": -1.55,
        "Total Revenue": 84,
        "Gross Profit": 19,
        "Operating Income": 9,
        "EBIT": 15,
        "Net Income": -43
    },
    "2009-09-30": {
        "Diluted EPS": 0.28,
        "Total Revenue": 65,
        "Gross Profit": 15,
        "Operating Income": 10,
        "EBIT": 12,
        "Net Income": 9
    },
    "2009-06-30": {
        "Diluted EPS": 0.21,
        "Total Revenue": 62,
        "Gross Profit": 16,
        "Operating Income": 12,
        "EBIT": 14,
        "Net Income": 6
    },
    "2009-03-31": {
        "Diluted EPS": 0.08,
        "Total Revenue": 45,
        "Gross Profit": 11,
        "Operating Income": 7,
        "EBIT": 9,
        "Net Income": 2
    },
    "2023-06-30": {
        "Tax Effect Of Unusual Items": NaN,
        "Tax Rate For Calcs": NaN,
        "Normalized EBITDA": NaN,
        "Total Unusual Items": NaN,
        "Total Unusual Items Excluding Goodwill": NaN,
        "Net Income From Continuing Operation Net Minority Interest": NaN,
        "Reconciled Depreciation": NaN,
        "Reconciled Cost Of Revenue": NaN,
        "EBITDA": NaN,
        "EBIT": NaN,
        "Net Interest Income": NaN,
        "Interest Expense": NaN,
        "Interest Income": NaN,
        "Normalized Income": NaN,
        "Net Income From Continuing And Discontinued Operation": NaN,
        "Total Expenses": NaN,
        "Total Operating Income As Reported": NaN,
        "Diluted Average Shares": 30189537.0,
        "Basic Average Shares": 30185702.0,
        "Diluted EPS": 0.35,
        "Basic EPS": 0.35,
        "Diluted NI Availto Com Stockholders": NaN,
        "Net Income Common Stockholders": NaN,
        "Net Income": NaN,
        "Minority Interests": NaN,
        "Net Income Including Noncontrolling Interests": NaN,
        "Net Income Continuous Operations": NaN,
        "Earnings From Equity Interest Net Of Tax": NaN,
        "Tax Provision": NaN,
        "Pretax Income": NaN,
        "Other Income Expense": NaN,
        "Other Non Operating Income Expenses": NaN,
        "Gain On Sale Of Security": NaN,
        "Net Non Operating Interest Income Expense": NaN,
        "Total Other Finance Cost": NaN,
        "Interest Expense Non Operating": NaN,
        "Interest Income Non Operating": NaN,
        "Operating Income": NaN,
        "Operating Expense": NaN,
        "Other Operating Expenses": NaN,
        "Research And Development": NaN,
        "Selling General And Administration": NaN,
        "Selling And Marketing Expense": NaN,
        "General And Administrative Expense": NaN,
        "Other Gand A": NaN,
        "Gross Profit": NaN,
        "Cost Of Revenue": NaN,
        "Total Revenue": NaN,
        "Operating Revenue": NaN
    },
    "2023-09-30": {
        "Tax Effect Of Unusual Items": NaN,
        "Tax Rate For Calcs": NaN,
        "Normalized EBITDA": NaN,
        "Total Unusual Items": NaN,
        "Total Unusual Items Excluding Goodwill": NaN,
        "Net Income From Continuing Operation Net Minority Interest": NaN,
        "Reconciled Depreciation": NaN,
        "Reconciled Cost Of Revenue": NaN,
        "EBITDA": NaN,
        "EBIT": NaN,
        "Net Interest Income": NaN,
        "Interest Expense": NaN,
        "Interest Income": NaN,
        "Normalized Income": NaN,
        "Net Income From Continuing And Discontinued Operation": NaN,
        "Total Expenses": NaN,
        "Total Operating Income As Reported": NaN,
        "Diluted Average Shares": 30189363.0,
        "Basic Average Shares": 30185702.0,
        "Diluted EPS": 0.31,
        "Basic EPS": 0.31,
        "Diluted NI Availto Com Stockholders": NaN,
        "Net Income Common Stockholders": NaN,
        "Net Income": NaN,
        "Minority Interests": NaN,
        "Net Income Including Noncontrolling Interests": NaN,
        "Net Income Continuous Operations": NaN,
        "Earnings From Equity Interest Net Of Tax": NaN,
        "Tax Provision": NaN,
        "Pretax Income": NaN,
        "Other Income Expense": NaN,
        "Other Non Operating Income Expenses": NaN,
        "Gain On Sale Of Security": NaN,
        "Net Non Operating Interest Income Expense": NaN,
        "Total Other Finance Cost": NaN,
        "Interest Expense Non Operating": NaN,
        "Interest Income Non Operating": NaN,
        "Operating Income": NaN,
        "Operating Expense": NaN,
        "Other Operating Expenses": NaN,
        "Research And Development": NaN,
        "Selling General And Administration": NaN,
        "Selling And Marketing Expense": NaN,
        "General And Administrative Expense": NaN,
        "Other Gand A": NaN,
        "Gross Profit": NaN,
        "Cost Of Revenue": NaN,
        "Total Revenue": NaN,
        "Operating Revenue": NaN
    },
    "2023-12-31": {
        "Tax Effect Of Unusual Items": NaN,
        "Tax Rate For Calcs": NaN,
        "Normalized EBITDA": NaN,
        "Total Unusual Items": NaN,
        "Total Unusual Items Excluding Goodwill": NaN,
        "Net Income From Continuing Operation Net Minority Interest": NaN,
        "Reconciled Depreciation": NaN,
        "Reconciled Cost Of Revenue": NaN,
        "EBITDA": NaN,
        "EBIT": NaN,
        "Net Interest Income": NaN,
        "Interest Expense": NaN,
        "Interest Income": NaN,
        "Normalized Income": NaN,
        "Net Income From Continuing And Discontinued Operation": NaN,
        "Total Expenses": NaN,
        "Total Operating Income As Reported": NaN,
        "Diluted Average Shares": NaN,
        "Basic Average Shares": NaN,
        "Diluted EPS": NaN,
        "Basic EPS": NaN,
        "Diluted NI Availto Com Stockholders": NaN,
        "Net Income Common Stockholders": NaN,
        "Net Income": NaN,
        "Minority Interests": NaN,
        "Net Income Including Noncontrolling Interests": NaN,
        "Net Income Continuous Operations": NaN,
        "Earnings From Equity Interest Net Of Tax": NaN,
        "Tax Provision": NaN,
        "Pretax Income": NaN,
        "Other Income Expense": NaN,
        "Other Non Operating Income Expenses": -4517000.0,
        "Gain On Sale Of Security": NaN,
        "Net Non Operating Interest Income Expense": NaN,
        "Total Other Finance Cost": NaN,
        "Interest Expense Non Operating": NaN,
        "Interest Income Non Operating": NaN,
        "Operating Income": NaN,
        "Operating Expense": NaN,
        "Other Operating Expenses": -4981000.0,
        "Research And Development": NaN,
        "Selling General And Administration": NaN,
        "Selling And Marketing Expense": NaN,
        "General And Administrative Expense": NaN,
        "Other Gand A": NaN,
        "Gross Profit": NaN,
        "Cost Of Revenue": NaN,
        "Total Revenue": NaN,
        "Operating Revenue": NaN
    },
    "2024-03-31": {
        "Tax Effect Of Unusual Items": -53100.560081,
        "Tax Rate For Calcs": 0.147912,
        "Normalized EBITDA": 17515000.0,
        "Total Unusual Items": -359000.0,
        "Total Unusual Items Excluding Goodwill": -359000.0,
        "Net Income From Continuing Operation Net Minority Interest": 8267000.0,
        "Reconciled Depreciation": 5114000.0,
        "Reconciled Cost Of Revenue": 115325000.0,
        "EBITDA": 17156000.0,
        "EBIT": 12042000.0,
        "Net Interest Income": 89000.0,
        "Interest Expense": 258000.0,
        "Interest Income": 444000.0,
        "Normalized Income": 8572899.439919,
        "Net Income From Continuing And Discontinued Operation": 8267000.0,
        "Total Expenses": 129743000.0,
        "Total Operating Income As Reported": 9651000.0,
        "Diluted Average Shares": 30185702.0,
        "Basic Average Shares": 30185702.0,
        "Diluted EPS": 0.27,
        "Basic EPS": 0.27,
        "Diluted NI Availto Com Stockholders": 8267000.0,
        "Net Income Common Stockholders": 8267000.0,
        "Net Income": 8267000.0,
        "Minority Interests": -997000.0,
        "Net Income Including Noncontrolling Interests": 9264000.0,
        "Net Income Continuous Operations": 9264000.0,
        "Earnings From Equity Interest Net Of Tax": -777000.0,
        "Tax Provision": 1743000.0,
        "Pretax Income": 11784000.0,
        "Other Income Expense": 2044000.0,
        "Other Non Operating Income Expenses": 2403000.0,
        "Gain On Sale Of Security": -359000.0,
        "Net Non Operating Interest Income Expense": 89000.0,
        "Total Other Finance Cost": 97000.0,
        "Interest Expense Non Operating": 258000.0,
        "Interest Income Non Operating": 444000.0,
        "Operating Income": 9651000.0,
        "Operating Expense": 14418000.0,
        "Other Operating Expenses": -514000.0,
        "Research And Development": 5312000.0,
        "Selling General And Administration": 9620000.0,
        "Selling And Marketing Expense": 4073000.0,
        "General And Administrative Expense": 5547000.0,
        "Other Gand A": 5547000.0,
        "Gross Profit": 24069000.0,
        "Cost Of Revenue": 115325000.0,
        "Total Revenue": 139394000.0,
        "Operating Revenue": 139394000.0
    },
    "2024-06-30": {
        "Tax Effect Of Unusual Items": -185904.353788,
        "Tax Rate For Calcs": 0.180665,
        "Normalized EBITDA": 17634000.0,
        "Total Unusual Items": -1029000.0,
        "Total Unusual Items Excluding Goodwill": -1029000.0,
        "Net Income From Continuing Operation Net Minority Interest": 7140000.0,
        "Reconciled Depreciation": 4754000.0,
        "Reconciled Cost Of Revenue": 129306000.0,
        "EBITDA": 16605000.0,
        "EBIT": 11851000.0,
        "Net Interest Income": 156000.0,
        "Interest Expense": 183000.0,
        "Interest Income": 393000.0,
        "Normalized Income": 7983095.646212,
        "Net Income From Continuing And Discontinued Operation": 7140000.0,
        "Total Expenses": 149522000.0,
        "Total Operating Income As Reported": 10806000.0,
        "Diluted Average Shares": 30185702.0,
        "Basic Average Shares": 30185702.0,
        "Diluted EPS": 0.24,
        "Basic EPS": 0.24,
        "Diluted NI Availto Com Stockholders": 7140000.0,
        "Net Income Common Stockholders": 7140000.0,
        "Net Income": 7140000.0,
        "Minority Interests": -1615000.0,
        "Net Income Including Noncontrolling Interests": 8755000.0,
        "Net Income Continuous Operations": 8755000.0,
        "Earnings From Equity Interest Net Of Tax": -805000.0,
        "Tax Provision": 2108000.0,
        "Pretax Income": 11668000.0,
        "Other Income Expense": 2426000.0,
        "Other Non Operating Income Expenses": 3455000.0,
        "Gain On Sale Of Security": -1029000.0,
        "Net Non Operating Interest Income Expense": 156000.0,
        "Total Other Finance Cost": 54000.0,
        "Interest Expense Non Operating": 183000.0,
        "Interest Income Non Operating": 393000.0,
        "Operating Income": 9086000.0,
        "Operating Expense": 20216000.0,
        "Other Operating Expenses": NaN,
        "Research And Development": 8184000.0,
        "Selling General And Administration": 12032000.0,
        "Selling And Marketing Expense": 4614000.0,
        "General And Administrative Expense": 7418000.0,
        "Other Gand A": 7418000.0,
        "Gross Profit": 29302000.0,
        "Cost Of Revenue": 129306000.0,
        "Total Revenue": 158608000.0,
        "Operating Revenue": 158608000.0
    },
    "2024-09-30": {
        "Tax Effect Of Unusual Items": -196467.259906,
        "Tax Rate For Calcs": 0.339322,
        "Normalized EBITDA": 17468000.0,
        "Total Unusual Items": -579000.0,
        "Total Unusual Items Excluding Goodwill": -579000.0,
        "Net Income From Continuing Operation Net Minority Interest": 5504000.0,
        "Reconciled Depreciation": 4706000.0,
        "Reconciled Cost Of Revenue": 137859000.0,
        "EBITDA": 16889000.0,
        "EBIT": 12183000.0,
        "Net Interest Income": 141000.0,
        "Interest Expense": 271000.0,
        "Interest Income": 508000.0,
        "Normalized Income": 5886532.740094,
        "Net Income From Continuing And Discontinued Operation": 5504000.0,
        "Total Expenses": 153116000.0,
        "Total Operating Income As Reported": 11099000.0,
        "Diluted Average Shares": 30185702.0,
        "Basic Average Shares": 30185702.0,
        "Diluted EPS": 0.18,
        "Basic EPS": 0.18,
        "Diluted NI Availto Com Stockholders": 5504000.0,
        "Net Income Common Stockholders": 5504000.0,
        "Net Income": 5504000.0,
        "Minority Interests": -2569000.0,
        "Net Income Including Noncontrolling Interests": 8073000.0,
        "Net Income Continuous Operations": 8073000.0,
        "Earnings From Equity Interest Net Of Tax": 203000.0,
        "Tax Provision": 4042000.0,
        "Pretax Income": 11912000.0,
        "Other Income Expense": 672000.0,
        "Other Non Operating Income Expenses": 1251000.0,
        "Gain On Sale Of Security": -579000.0,
        "Net Non Operating Interest Income Expense": 141000.0,
        "Total Other Finance Cost": 96000.0,
        "Interest Expense Non Operating": 271000.0,
        "Interest Income Non Operating": 508000.0,
        "Operating Income": 11099000.0,
        "Operating Expense": 15257000.0,
        "Other Operating Expenses": -553000.0,
        "Research And Development": 6383000.0,
        "Selling General And Administration": 9427000.0,
        "Selling And Marketing Expense": 4357000.0,
        "General And Administrative Expense": 5070000.0,
        "Other Gand A": 5070000.0,
        "Gross Profit": 26356000.0,
        "Cost Of Revenue": 137859000.0,
        "Total Revenue": 164215000.0,
        "Operating Revenue": 164215000.0
    },
    "2024-12-31": {
        "Tax Effect Of Unusual Items": 143750.0,
        "Tax Rate For Calcs": 0.25,
        "Normalized EBITDA": 14943000.0,
        "Total Unusual Items": 575000.0,
        "Total Unusual Items Excluding Goodwill": 575000.0,
        "Net Income From Continuing Operation Net Minority Interest": 9068000.0,
        "Reconciled Depreciation": 5650000.0,
        "Reconciled Cost Of Revenue": 159261000.0,
        "EBITDA": 15518000.0,
        "EBIT": 9868000.0,
        "Net Interest Income": -179000.0,
        "Interest Expense": 1101000.0,
        "Interest Income": 1018000.0,
        "Normalized Income": 8636750.0,
        "Net Income From Continuing And Discontinued Operation": 9068000.0,
        "Total Expenses": 174958000.0,
        "Total Operating Income As Reported": 8699000.0,
        "Diluted Average Shares": NaN,
        "Basic Average Shares": NaN,
        "Diluted EPS": NaN,
        "Basic EPS": NaN,
        "Diluted NI Availto Com Stockholders": 9068000.0,
        "Net Income Common Stockholders": 9068000.0,
        "Net Income": 9068000.0,
        "Minority Interests": -2739000.0,
        "Net Income Including Noncontrolling Interests": 11807000.0,
        "Net Income Continuous Operations": 11807000.0,
        "Earnings From Equity Interest Net Of Tax": 1039000.0,
        "Tax Provision": -2001000.0,
        "Pretax Income": 8767000.0,
        "Other Income Expense": -4814000.0,
        "Other Non Operating Income Expenses": NaN,
        "Gain On Sale Of Security": 1790000.0,
        "Net Non Operating Interest Income Expense": -179000.0,
        "Total Other Finance Cost": 96000.0,
        "Interest Expense Non Operating": 1101000.0,
        "Interest Income Non Operating": 1018000.0,
        "Operating Income": 13760000.0,
        "Operating Expense": 15697000.0,
        "Other Operating Expenses": -5146000.0,
        "Research And Development": 7770000.0,
        "Selling General And Administration": 9527000.0,
        "Selling And Marketing Expense": 4811000.0,
        "General And Administrative Expense": 4716000.0,
        "Other Gand A": -10385000.0,
        "Gross Profit": 29457000.0,
        "Cost Of Revenue": 159261000.0,
        "Total Revenue": 188718000.0,
        "Operating Revenue": 188718000.0
    },
    "2025-03-31": {
        "Tax Effect Of Unusual Items": 414915.700563,
        "Tax Rate For Calcs": 0.24321,
        "Normalized EBITDA": 15497000.0,
        "Total Unusual Items": 1706000.0,
        "Total Unusual Items Excluding Goodwill": 1706000.0,
        "Net Income From Continuing Operation Net Minority Interest": 7122000.0,
        "Reconciled Depreciation": 4644000.0,
        "Reconciled Cost Of Revenue": 138509000.0,
        "EBITDA": 17203000.0,
        "EBIT": 12559000.0,
        "Net Interest Income": -211000.0,
        "Interest Expense": 483000.0,
        "Interest Income": 378000.0,
        "Normalized Income": 5830915.700563,
        "Net Income From Continuing And Discontinued Operation": 7122000.0,
        "Total Expenses": 158454000.0,
        "Total Operating Income As Reported": 8640000.0,
        "Diluted Average Shares": 30170702.0,
        "Basic Average Shares": 30170702.0,
        "Diluted EPS": 0.24,
        "Basic EPS": 0.24,
        "Diluted NI Availto Com Stockholders": 7122000.0,
        "Net Income Common Stockholders": 7122000.0,
        "Net Income": 7122000.0,
        "Minority Interests": -1333000.0,
        "Net Income Including Noncontrolling Interests": 8455000.0,
        "Net Income Continuous Operations": 8455000.0,
        "Earnings From Equity Interest Net Of Tax": -684000.0,
        "Tax Provision": 2937000.0,
        "Pretax Income": 12076000.0,
        "Other Income Expense": 3647000.0,
        "Other Non Operating Income Expenses": 1941000.0,
        "Gain On Sale Of Security": 1706000.0,
        "Net Non Operating Interest Income Expense": -211000.0,
        "Total Other Finance Cost": 106000.0,
        "Interest Expense Non Operating": 483000.0,
        "Interest Income Non Operating": 378000.0,
        "Operating Income": 8640000.0,
        "Operating Expense": 19945000.0,
        "Other Operating Expenses": -1151000.0,
        "Research And Development": 8713000.0,
        "Selling General And Administration": 12383000.0,
        "Selling And Marketing Expense": 4818000.0,
        "General And Administrative Expense": 7565000.0,
        "Other Gand A": 7565000.0,
        "Gross Profit": 28585000.0,
        "Cost Of Revenue": 138509000.0,
        "Total Revenue": 167094000.0,
        "Operating Revenue": 167094000.0
    }
}