{
    "2023-03-31": {
        "Tax Effect Of Unusual Items": NaN,
        "Tax Rate For Calcs": NaN,
        "Normalized EBITDA": NaN,
        "Total Unusual Items": NaN,
        "Total Unusual Items Excluding Goodwill": NaN,
        "Net Income From Continuing Operation Net Minority Interest": NaN,
        "Reconciled Depreciation": NaN,
        "Reconciled Cost Of Revenue": NaN,
        "EBITDA": NaN,
        "EBIT": NaN,
        "Net Interest Income": NaN,
        "Interest Expense": NaN,
        "Interest Income": 3941000.0,
        "Normalized Income": NaN,
        "Net Income From Continuing And Discontinued Operation": NaN,
        "Total Expenses": NaN,
        "Total Operating Income As Reported": NaN,
        "Diluted Average Shares": NaN,
        "Basic Average Shares": NaN,
        "Diluted EPS": NaN,
        "Basic EPS": NaN,
        "Diluted NI Availto Com Stockholders": NaN,
        "Average Dilution Earnings": NaN,
        "Net Income Common Stockholders": NaN,
        "Net Income": NaN,
        "Net Income Including Noncontrolling Interests": NaN,
        "Net Income Continuous Operations": NaN,
        "Earnings From Equity Interest Net Of Tax": NaN,
        "Tax Provision": NaN,
        "Pretax Income": NaN,
        "Other Income Expense": NaN,
        "Other Non Operating Income Expenses": -3340000.0,
        "Special Income Charges": NaN,
        "Gain On Sale Of Ppe": NaN,
        "Gain On Sale Of Business": 0.0,
        "Other Special Charges": 3340000.0,
        "Write Off": NaN,
        "Impairment Of Capital Assets": 3340000.0,
        "Gain On Sale Of Security": NaN,
        "Net Non Operating Interest Income Expense": NaN,
        "Interest Expense Non Operating": NaN,
        "Interest Income Non Operating": 3941000.0,
        "Operating Income": NaN,
        "Operating Expense": NaN,
        "Depreciation Amortization Depletion Income Statement": NaN,
        "Depreciation And Amortization In Income Statement": NaN,
        "Selling General And Administration": NaN,
        "Gross Profit": NaN,
        "Cost Of Revenue": NaN,
        "Total Revenue": NaN,
        "Operating Revenue": NaN
    },
    "2022-12-31": {
        "Tax Effect Of Unusual Items": NaN,
        "Tax Rate For Calcs": NaN,
        "Normalized EBITDA": NaN,
        "Total Unusual Items": NaN,
        "Total Unusual Items Excluding Goodwill": NaN,
        "Net Income From Continuing Operation Net Minority Interest": NaN,
        "Reconciled Depreciation": NaN,
        "Reconciled Cost Of Revenue": NaN,
        "EBITDA": NaN,
        "EBIT": NaN,
        "Net Interest Income": NaN,
        "Interest Expense": NaN,
        "Interest Income": NaN,
        "Normalized Income": NaN,
        "Net Income From Continuing And Discontinued Operation": NaN,
        "Total Expenses": NaN,
        "Total Operating Income As Reported": NaN,
        "Diluted Average Shares": NaN,
        "Basic Average Shares": NaN,
        "Diluted EPS": NaN,
        "Basic EPS": NaN,
        "Diluted NI Availto Com Stockholders": NaN,
        "Average Dilution Earnings": NaN,
        "Net Income Common Stockholders": NaN,
        "Net Income": NaN,
        "Net Income Including Noncontrolling Interests": NaN,
        "Net Income Continuous Operations": NaN,
        "Earnings From Equity Interest Net Of Tax": NaN,
        "Tax Provision": NaN,
        "Pretax Income": NaN,
        "Other Income Expense": NaN,
        "Other Non Operating Income Expenses": NaN,
        "Special Income Charges": NaN,
        "Gain On Sale Of Ppe": NaN,
        "Gain On Sale Of Business": 0.0,
        "Other Special Charges": NaN,
        "Write Off": NaN,
        "Impairment Of Capital Assets": NaN,
        "Gain On Sale Of Security": NaN,
        "Net Non Operating Interest Income Expense": NaN,
        "Interest Expense Non Operating": NaN,
        "Interest Income Non Operating": NaN,
        "Operating Income": NaN,
        "Operating Expense": NaN,
        "Depreciation Amortization Depletion Income Statement": NaN,
        "Depreciation And Amortization In Income Statement": NaN,
        "Selling General And Administration": NaN,
        "Gross Profit": NaN,
        "Cost Of Revenue": NaN,
        "Total Revenue": NaN,
        "Operating Revenue": NaN
    },
    "2022-09-30": {
        "Tax Effect Of Unusual Items": NaN,
        "Tax Rate For Calcs": NaN,
        "Normalized EBITDA": NaN,
        "Total Unusual Items": NaN,
        "Total Unusual Items Excluding Goodwill": NaN,
        "Net Income From Continuing Operation Net Minority Interest": NaN,
        "Reconciled Depreciation": NaN,
        "Reconciled Cost Of Revenue": NaN,
        "EBITDA": NaN,
        "EBIT": NaN,
        "Net Interest Income": NaN,
        "Interest Expense": NaN,
        "Interest Income": 3358000.0,
        "Normalized Income": NaN,
        "Net Income From Continuing And Discontinued Operation": NaN,
        "Total Expenses": NaN,
        "Total Operating Income As Reported": NaN,
        "Diluted Average Shares": NaN,
        "Basic Average Shares": NaN,
        "Diluted EPS": NaN,
        "Basic EPS": NaN,
        "Diluted NI Availto Com Stockholders": NaN,
        "Average Dilution Earnings": 1561000.0,
        "Net Income Common Stockholders": NaN,
        "Net Income": NaN,
        "Net Income Including Noncontrolling Interests": NaN,
        "Net Income Continuous Operations": NaN,
        "Earnings From Equity Interest Net Of Tax": NaN,
        "Tax Provision": NaN,
        "Pretax Income": NaN,
        "Other Income Expense": NaN,
        "Other Non Operating Income Expenses": 834000.0,
        "Special Income Charges": NaN,
        "Gain On Sale Of Ppe": NaN,
        "Gain On Sale Of Business": NaN,
        "Impairment Of Capital Assets": NaN,
        "Restructuring And Mergern Acquisition": 0.0,
        "Gain On Sale Of Security": NaN,
        "Net Non Operating Interest Income Expense": NaN,
        "Interest Expense Non Operating": NaN,
        "Interest Income Non Operating": 3358000.0,
        "Operating Income": NaN,
        "Operating Expense": NaN,
        "Depreciation Amortization Depletion Income Statement": NaN,
        "Depreciation And Amortization In Income Statement": NaN,
        "Selling General And Administration": NaN,
        "Gross Profit": NaN,
        "Cost Of Revenue": NaN,
        "Total Revenue": NaN,
        "Operating Revenue": NaN
    },
    "2022-06-30": {
        "Tax Effect Of Unusual Items": -2450110.0,
        "Tax Rate For Calcs": 0.235,
        "Normalized EBITDA": 227971000.0,
        "Total Unusual Items": -10426000.0,
        "Total Unusual Items Excluding Goodwill": -10426000.0,
        "Net Income From Continuing Operation Net Minority Interest": 69245000.0,
        "Reconciled Depreciation": 88423000.0,
        "Reconciled Cost Of Revenue": 118393000.0,
        "EBITDA": 217545000.0,
        "EBIT": 129122000.0,
        "Net Interest Income": -32080000.0,
        "Interest Expense": 32080000.0,
        "Interest Income": NaN,
        "Normalized Income": 77220890.0,
        "Net Income From Continuing And Discontinued Operation": 69245000.0,
        "Total Expenses": 297603000.0,
        "Total Operating Income As Reported": 121056000.0,
        "Diluted Average Shares": 6369649.0,
        "Basic Average Shares": 5946507.0,
        "Diluted EPS": 11.11,
        "Basic EPS": 11.64,
        "Diluted NI Availto Com Stockholders": 69245000.0,
        "Average Dilution Earnings": NaN,
        "Net Income Common Stockholders": 69245000.0,
        "Net Income": 69245000.0,
        "Net Income Including Noncontrolling Interests": 69245000.0,
        "Net Income Continuous Operations": 69245000.0,
        "Earnings From Equity Interest Net Of Tax": -5024000.0,
        "Tax Provision": 22773000.0,
        "Pretax Income": 97042000.0,
        "Other Income Expense": -2360000.0,
        "Other Non Operating Income Expenses": 8066000.0,
        "Special Income Charges": -10426000.0,
        "Gain On Sale Of Ppe": -2173000.0,
        "Gain On Sale Of Business": -8253000.0,
        "Restructuring And Mergern Acquisition": NaN,
        "Gain On Sale Of Security": NaN,
        "Net Non Operating Interest Income Expense": -32080000.0,
        "Interest Expense Non Operating": 32080000.0,
        "Interest Income Non Operating": NaN,
        "Operating Income": 131482000.0,
        "Operating Expense": 179210000.0,
        "Depreciation Amortization Depletion Income Statement": 88423000.0,
        "Depreciation And Amortization In Income Statement": 88423000.0,
        "Selling General And Administration": 90787000.0,
        "Gross Profit": 310692000.0,
        "Cost Of Revenue": 118393000.0,
        "Total Revenue": 429085000.0,
        "Operating Revenue": 405466000.0
    },
    "2022-03-31": {
        "Diluted EPS": 26.85,
        "Total Revenue": 427,
        "Gross Profit": 307,
        "Operating Income": 151,
        "EBIT": 239,
        "Net Income": 171
    },
    "2021-12-31": {
        "Diluted EPS": 10.29,
        "Total Revenue": 433,
        "Gross Profit": 313,
        "Operating Income": 121,
        "EBIT": 217,
        "Net Income": 65
    },
    "2021-09-30": {
        "Diluted EPS": 8.33,
        "Total Revenue": 430,
        "Gross Profit": 309,
        "Operating Income": 118,
        "EBIT": 217,
        "Net Income": 52
    },
    "2021-06-30": {
        "Diluted EPS": 16.68,
        "Total Revenue": 402,
        "Gross Profit": 289,
        "Operating Income": 115,
        "EBIT": 199,
        "Net Income": 106
    },
    "2021-03-31": {
        "Diluted EPS": 11.19,
        "Total Revenue": 341,
        "Gross Profit": 240,
        "Operating Income": 102,
        "EBIT": 172,
        "Net Income": 69
    },
    "2020-12-31": {
        "Diluted EPS": 17.63,
        "Total Revenue": 337,
        "Gross Profit": 237,
        "Operating Income": 190,
        "EBIT": 254,
        "Net Income": 106
    },
    "2020-09-30": {
        "Diluted EPS": 10.96,
        "Total Revenue": 339,
        "Gross Profit": 232,
        "Operating Income": 96,
        "EBIT": 169,
        "Net Income": 66
    },
    "2020-06-30": {
        "Diluted EPS": 10.63,
        "Total Revenue": 328,
        "Gross Profit": 222,
        "Operating Income": 91,
        "EBIT": 157,
        "Net Income": 63
    },
    "2020-03-31": {
        "Diluted EPS": 12.05,
        "Total Revenue": 321,
        "Gross Profit": 215,
        "Operating Income": 93,
        "EBIT": 159,
        "Net Income": 69
    },
    "2019-12-31": {
        "Diluted EPS": 9.31,
        "Total Revenue": 319,
        "Gross Profit": 215,
        "Operating Income": 89,
        "EBIT": 149,
        "Net Income": 54
    },
    "2019-09-30": {
        "Diluted EPS": 8.68,
        "Total Revenue": 285,
        "Gross Profit": 190,
        "Operating Income": 80,
        "EBIT": 130,
        "Net Income": 50
    },
    "2019-06-30": {
        "Diluted EPS": 6.35,
        "Total Revenue": 286,
        "Gross Profit": 190,
        "Operating Income": 74,
        "EBIT": 130,
        "Net Income": 36
    },
    "2019-03-31": {
        "Diluted EPS": 6.78,
        "Total Revenue": 279,
        "Gross Profit": 184,
        "Operating Income": 68,
        "EBIT": 123,
        "Net Income": 39
    },
    "2018-12-31": {
        "Diluted EPS": 7.34,
        "Total Revenue": 270,
        "Gross Profit": 178,
        "Operating Income": 69,
        "EBIT": 120,
        "Net Income": 42
    },
    "2018-09-30": {
        "Diluted EPS": 6.7,
        "Total Revenue": 268,
        "Gross Profit": 176,
        "Operating Income": 63,
        "EBIT": 115,
        "Net Income": 38
    },
    "2018-06-30": {
        "Diluted EPS": 7.65,
        "Total Revenue": 268,
        "Gross Profit": 177,
        "Operating Income": 71,
        "EBIT": 121,
        "Net Income": 44
    },
    "2018-03-31": {
        "Diluted EPS": 7.08,
        "Total Revenue": 266,
        "Gross Profit": 171,
        "Operating Income": 65,
        "EBIT": 114,
        "Net Income": 41
    },
    "2017-12-31": {
        "Diluted EPS": 25.1,
        "Total Revenue": 258,
        "Gross Profit": 166,
        "Operating Income": 59,
        "EBIT": 108,
        "Net Income": 144
    },
    "2017-09-30": {
        "Diluted EPS": 5.37,
        "Total Revenue": 254,
        "Gross Profit": 162,
        "Operating Income": 61,
        "EBIT": 109,
        "Net Income": 31
    },
    "2017-06-30": {
        "Diluted EPS": 4.85,
        "Total Revenue": 241,
        "Gross Profit": 157,
        "Operating Income": 57,
        "EBIT": 106,
        "Net Income": 28
    },
    "2017-03-31": {
        "Diluted EPS": 5.6,
        "Total Revenue": 207,
        "Gross Profit": 138,
        "Operating Income": 59,
        "EBIT": 99,
        "Net Income": 32
    },
    "2016-12-31": {
        "Diluted EPS": 4.48,
        "Total Revenue": 206,
        "Gross Profit": 138,
        "Operating Income": 45,
        "EBIT": 88,
        "Net Income": 26
    },
    "2016-09-30": {
        "Diluted EPS": 3.63,
        "Total Revenue": 206,
        "Gross Profit": 130,
        "Operating Income": 44,
        "EBIT": 80,
        "Net Income": 21
    },
    "2016-06-30": {
        "Diluted EPS": 4.62,
        "Total Revenue": 205,
        "Gross Profit": 129,
        "Operating Income": 51,
        "EBIT": 86,
        "Net Income": 27
    },
    "2016-03-31": {
        "Diluted EPS": 4.65,
        "Total Revenue": 203,
        "Gross Profit": 126,
        "Operating Income": 47,
        "EBIT": 82,
        "Net Income": 27
    },
    "2015-12-31": {
        "Diluted EPS": 4.92,
        "Total Revenue": 203,
        "Gross Profit": 134,
        "Operating Income": 53,
        "EBIT": 90,
        "Net Income": 29
    },
    "2015-09-30": {
        "Diluted EPS": 3.3,
        "Total Revenue": 198,
        "Gross Profit": 123,
        "Operating Income": 39,
        "EBIT": 75,
        "Net Income": 19
    },
    "2015-06-30": {
        "Diluted EPS": 3.67,
        "Total Revenue": 203,
        "Gross Profit": 124,
        "Operating Income": 36,
        "EBIT": 71,
        "Net Income": 21
    },
    "2015-03-31": {
        "Diluted EPS": 3.78,
        "Total Revenue": 203,
        "Gross Profit": 122,
        "Operating Income": 36,
        "EBIT": 72,
        "Net Income": 22
    },
    "2014-12-31": {
        "Diluted EPS": 4.6,
        "Total Revenue": 201,
        "Gross Profit": 122,
        "Operating Income": 44,
        "EBIT": 77,
        "Net Income": 27
    },
    "2014-09-30": {
        "Diluted EPS": 11.84,
        "Total Revenue": 200,
        "Gross Profit": 120,
        "Operating Income": 37,
        "EBIT": 71,
        "Net Income": 69
    },
    "2014-06-30": {
        "Diluted EPS": 4.6,
        "Total Revenue": 205,
        "Gross Profit": 124,
        "Operating Income": 43,
        "EBIT": 77,
        "Net Income": 27
    },
    "2014-03-31": {
        "Diluted EPS": NaN,
        "Total Revenue": 209,
        "Gross Profit": 121,
        "Operating Income": 39,
        "EBIT": 73,
        "Net Income": 24
    },
    "2013-12-31": {
        "Diluted EPS": 0.0,
        "Total Revenue": NaN,
        "Gross Profit": NaN,
        "Operating Income": NaN,
        "EBIT": NaN,
        "Net Income": NaN
    },
    "2012-12-31": {
        "Diluted EPS": 0.0,
        "Total Revenue": NaN,
        "Gross Profit": NaN,
        "Operating Income": NaN,
        "EBIT": NaN,
        "Net Income": NaN
    },
    "2023-06-30": {
        "Tax Effect Of Unusual Items": NaN,
        "Tax Rate For Calcs": NaN,
        "Normalized EBITDA": NaN,
        "Total Unusual Items": NaN,
        "Total Unusual Items Excluding Goodwill": NaN,
        "Net Income From Continuing Operation Net Minority Interest": NaN,
        "Reconciled Depreciation": NaN,
        "Reconciled Cost Of Revenue": NaN,
        "EBITDA": NaN,
        "EBIT": NaN,
        "Net Interest Income": NaN,
        "Interest Expense": NaN,
        "Interest Income": 4481000.0,
        "Normalized Income": NaN,
        "Net Income From Continuing And Discontinued Operation": NaN,
        "Total Expenses": NaN,
        "Total Operating Income As Reported": NaN,
        "Diluted Average Shares": NaN,
        "Basic Average Shares": NaN,
        "Diluted EPS": NaN,
        "Basic EPS": NaN,
        "Diluted NI Availto Com Stockholders": NaN,
        "Average Dilution Earnings": NaN,
        "Net Income Common Stockholders": NaN,
        "Net Income": NaN,
        "Net Income Including Noncontrolling Interests": NaN,
        "Net Income Continuous Operations": NaN,
        "Earnings From Equity Interest Net Of Tax": NaN,
        "Tax Provision": NaN,
        "Pretax Income": NaN,
        "Other Income Expense": NaN,
        "Other Non Operating Income Expenses": NaN,
        "Special Income Charges": NaN,
        "Gain On Sale Of Ppe": NaN,
        "Gain On Sale Of Business": 0.0,
        "Other Special Charges": NaN,
        "Write Off": 0.0,
        "Impairment Of Capital Assets": 0.0,
        "Gain On Sale Of Security": NaN,
        "Net Non Operating Interest Income Expense": NaN,
        "Interest Expense Non Operating": NaN,
        "Interest Income Non Operating": 4481000.0,
        "Operating Income": NaN,
        "Operating Expense": NaN,
        "Depreciation Amortization Depletion Income Statement": NaN,
        "Depreciation And Amortization In Income Statement": NaN,
        "Selling General And Administration": NaN,
        "Gross Profit": NaN,
        "Cost Of Revenue": NaN,
        "Total Revenue": NaN,
        "Operating Revenue": NaN
    },
    "2023-09-30": {
        "Tax Effect Of Unusual Items": NaN,
        "Tax Rate For Calcs": NaN,
        "Normalized EBITDA": NaN,
        "Total Unusual Items": NaN,
        "Total Unusual Items Excluding Goodwill": NaN,
        "Net Income From Continuing Operation Net Minority Interest": NaN,
        "Reconciled Depreciation": NaN,
        "Reconciled Cost Of Revenue": NaN,
        "EBITDA": NaN,
        "EBIT": NaN,
        "Net Interest Income": NaN,
        "Interest Expense": NaN,
        "Interest Income": 4836000.0,
        "Normalized Income": NaN,
        "Net Income From Continuing And Discontinued Operation": NaN,
        "Total Expenses": NaN,
        "Total Operating Income As Reported": NaN,
        "Diluted Average Shares": NaN,
        "Basic Average Shares": NaN,
        "Diluted EPS": NaN,
        "Basic EPS": NaN,
        "Diluted NI Availto Com Stockholders": NaN,
        "Average Dilution Earnings": NaN,
        "Net Income Common Stockholders": NaN,
        "Net Income": NaN,
        "Net Income Including Noncontrolling Interests": NaN,
        "Net Income Continuous Operations": NaN,
        "Earnings From Equity Interest Net Of Tax": NaN,
        "Tax Provision": NaN,
        "Pretax Income": NaN,
        "Other Income Expense": NaN,
        "Other Non Operating Income Expenses": 51000.0,
        "Special Income Charges": NaN,
        "Gain On Sale Of Ppe": NaN,
        "Gain On Sale Of Business": 0.0,
        "Other Special Charges": NaN,
        "Write Off": 0.0,
        "Impairment Of Capital Assets": 0.0,
        "Gain On Sale Of Security": NaN,
        "Net Non Operating Interest Income Expense": NaN,
        "Interest Expense Non Operating": NaN,
        "Interest Income Non Operating": 4836000.0,
        "Operating Income": NaN,
        "Operating Expense": NaN,
        "Depreciation Amortization Depletion Income Statement": NaN,
        "Depreciation And Amortization In Income Statement": NaN,
        "Selling General And Administration": NaN,
        "Gross Profit": NaN,
        "Cost Of Revenue": NaN,
        "Total Revenue": NaN,
        "Operating Revenue": NaN
    },
    "2023-12-31": {
        "Tax Effect Of Unusual Items": NaN,
        "Tax Rate For Calcs": NaN,
        "Normalized EBITDA": NaN,
        "Total Unusual Items": NaN,
        "Total Unusual Items Excluding Goodwill": NaN,
        "Net Income From Continuing Operation Net Minority Interest": NaN,
        "Reconciled Depreciation": NaN,
        "Reconciled Cost Of Revenue": NaN,
        "EBITDA": NaN,
        "EBIT": NaN,
        "Net Interest Income": NaN,
        "Interest Expense": NaN,
        "Interest Income": 5311000.0,
        "Normalized Income": NaN,
        "Net Income From Continuing And Discontinued Operation": NaN,
        "Total Expenses": NaN,
        "Total Operating Income As Reported": NaN,
        "Diluted Average Shares": NaN,
        "Basic Average Shares": NaN,
        "Diluted EPS": NaN,
        "Basic EPS": NaN,
        "Diluted NI Availto Com Stockholders": NaN,
        "Average Dilution Earnings": NaN,
        "Net Income Common Stockholders": NaN,
        "Net Income": NaN,
        "Net Income Including Noncontrolling Interests": NaN,
        "Net Income Continuous Operations": NaN,
        "Earnings From Equity Interest Net Of Tax": NaN,
        "Tax Provision": NaN,
        "Pretax Income": NaN,
        "Other Income Expense": NaN,
        "Other Non Operating Income Expenses": 0.0,
        "Special Income Charges": NaN,
        "Gain On Sale Of Ppe": NaN,
        "Gain On Sale Of Business": 0.0,
        "Other Special Charges": 0.0,
        "Write Off": 0.0,
        "Impairment Of Capital Assets": 0.0,
        "Gain On Sale Of Security": NaN,
        "Net Non Operating Interest Income Expense": NaN,
        "Interest Expense Non Operating": NaN,
        "Interest Income Non Operating": 5311000.0,
        "Operating Income": NaN,
        "Operating Expense": NaN,
        "Depreciation Amortization Depletion Income Statement": NaN,
        "Depreciation And Amortization In Income Statement": NaN,
        "Selling General And Administration": NaN,
        "Gross Profit": NaN,
        "Cost Of Revenue": NaN,
        "Total Revenue": NaN,
        "Operating Revenue": NaN
    },
    "2024-03-31": {
        "Tax Effect Of Unusual Items": -2060466.639814,
        "Tax Rate For Calcs": 0.228382,
        "Normalized EBITDA": 207410000.0,
        "Total Unusual Items": -9022000.0,
        "Total Unusual Items Excluding Goodwill": -9022000.0,
        "Net Income From Continuing Operation Net Minority Interest": 37350000.0,
        "Reconciled Depreciation": 85641000.0,
        "Reconciled Cost Of Revenue": 106512000.0,
        "EBITDA": 198388000.0,
        "EBIT": 112747000.0,
        "Net Interest Income": -35784000.0,
        "Interest Expense": 35784000.0,
        "Interest Income": NaN,
        "Normalized Income": 44311533.360186,
        "Net Income From Continuing And Discontinued Operation": 37350000.0,
        "Total Expenses": 282543000.0,
        "Total Operating Income As Reported": 119862000.0,
        "Diluted Average Shares": 6026462.0,
        "Basic Average Shares": 5618745.0,
        "Diluted EPS": 8.11,
        "Basic EPS": 8.43,
        "Diluted NI Availto Com Stockholders": 38901000.0,
        "Average Dilution Earnings": 1551000.0,
        "Net Income Common Stockholders": 37350000.0,
        "Net Income": 37350000.0,
        "Net Income Including Noncontrolling Interests": 37350000.0,
        "Net Income Continuous Operations": 37350000.0,
        "Earnings From Equity Interest Net Of Tax": -22036000.0,
        "Tax Provision": 17577000.0,
        "Pretax Income": 76963000.0,
        "Other Income Expense": -9022000.0,
        "Other Non Operating Income Expenses": NaN,
        "Special Income Charges": -1907000.0,
        "Gain On Sale Of Ppe": -1907000.0,
        "Gain On Sale Of Business": NaN,
        "Other Special Charges": NaN,
        "Write Off": 0.0,
        "Impairment Of Capital Assets": 0.0,
        "Gain On Sale Of Security": -7115000.0,
        "Net Non Operating Interest Income Expense": -35784000.0,
        "Interest Expense Non Operating": 35784000.0,
        "Interest Income Non Operating": NaN,
        "Operating Income": 121769000.0,
        "Operating Expense": 176031000.0,
        "Depreciation Amortization Depletion Income Statement": 85641000.0,
        "Depreciation And Amortization In Income Statement": 85641000.0,
        "Selling General And Administration": 90390000.0,
        "Gross Profit": 297800000.0,
        "Cost Of Revenue": 106512000.0,
        "Total Revenue": 404312000.0,
        "Operating Revenue": 380564000.0
    },
    "2024-06-30": {
        "Tax Effect Of Unusual Items": -573089.196587,
        "Tax Rate For Calcs": 0.188765,
        "Normalized EBITDA": 197846000.0,
        "Total Unusual Items": -3036000.0,
        "Total Unusual Items Excluding Goodwill": -3036000.0,
        "Net Income From Continuing Operation Net Minority Interest": 38152000.0,
        "Reconciled Depreciation": 85314000.0,
        "Reconciled Cost Of Revenue": 105845000.0,
        "EBITDA": 194810000.0,
        "EBIT": 109496000.0,
        "Net Interest Income": -34964000.0,
        "Interest Expense": 34964000.0,
        "Interest Income": NaN,
        "Normalized Income": 40614910.803413,
        "Net Income From Continuing And Discontinued Operation": 38152000.0,
        "Total Expenses": 281929000.0,
        "Total Operating Income As Reported": 110137000.0,
        "Diluted Average Shares": 6029382.0,
        "Basic Average Shares": 5620592.0,
        "Diluted EPS": 8.16,
        "Basic EPS": 8.48,
        "Diluted NI Availto Com Stockholders": 39703000.0,
        "Average Dilution Earnings": 1551000.0,
        "Net Income Common Stockholders": 38152000.0,
        "Net Income": 38152000.0,
        "Net Income Including Noncontrolling Interests": 38152000.0,
        "Net Income Continuous Operations": 38152000.0,
        "Earnings From Equity Interest Net Of Tax": -22311000.0,
        "Tax Provision": 14069000.0,
        "Pretax Income": 74532000.0,
        "Other Income Expense": -3036000.0,
        "Other Non Operating Income Expenses": NaN,
        "Special Income Charges": 5274000.0,
        "Gain On Sale Of Ppe": -2395000.0,
        "Gain On Sale Of Business": NaN,
        "Other Special Charges": -7669000.0,
        "Write Off": 0.0,
        "Impairment Of Capital Assets": NaN,
        "Gain On Sale Of Security": -8310000.0,
        "Net Non Operating Interest Income Expense": -34964000.0,
        "Interest Expense Non Operating": 34964000.0,
        "Interest Income Non Operating": NaN,
        "Operating Income": 112532000.0,
        "Operating Expense": 176084000.0,
        "Depreciation Amortization Depletion Income Statement": 85314000.0,
        "Depreciation And Amortization In Income Statement": 85314000.0,
        "Selling General And Administration": 90770000.0,
        "Gross Profit": 288616000.0,
        "Cost Of Revenue": 105845000.0,
        "Total Revenue": 394461000.0,
        "Operating Revenue": 371135000.0
    },
    "2024-09-30": {
        "Tax Effect Of Unusual Items": -1282125.0,
        "Tax Rate For Calcs": 0.195,
        "Normalized EBITDA": 207291000.0,
        "Total Unusual Items": -6575000.0,
        "Total Unusual Items Excluding Goodwill": -6575000.0,
        "Net Income From Continuing Operation Net Minority Interest": 44215000.0,
        "Reconciled Depreciation": 85164000.0,
        "Reconciled Cost Of Revenue": 104604000.0,
        "EBITDA": 200716000.0,
        "EBIT": 115551000.0,
        "Net Interest Income": -34210000.0,
        "Interest Expense": 34210000.0,
        "Interest Income": NaN,
        "Normalized Income": 49507875.0,
        "Net Income From Continuing And Discontinued Operation": 44215000.0,
        "Total Expenses": 278211000.0,
        "Total Operating Income As Reported": 110299000.0,
        "Diluted Average Shares": 6037624.0,
        "Basic Average Shares": 5622512.0,
        "Diluted EPS": 7.58,
        "Basic EPS": 7.86,
        "Diluted NI Availto Com Stockholders": 45776000.0,
        "Average Dilution Earnings": 1561000.0,
        "Net Income Common Stockholders": 44215000.0,
        "Net Income": 44215000.0,
        "Net Income Including Noncontrolling Interests": 44215000.0,
        "Net Income Continuous Operations": 44215000.0,
        "Earnings From Equity Interest Net Of Tax": -21256000.0,
        "Tax Provision": 15870000.0,
        "Pretax Income": 81341000.0,
        "Other Income Expense": 207000.0,
        "Other Non Operating Income Expenses": 6782000.0,
        "Special Income Charges": -5045000.0,
        "Gain On Sale Of Ppe": -5045000.0,
        "Gain On Sale Of Business": NaN,
        "Other Special Charges": NaN,
        "Write Off": NaN,
        "Impairment Of Capital Assets": NaN,
        "Gain On Sale Of Security": -1530000.0,
        "Net Non Operating Interest Income Expense": -34210000.0,
        "Interest Expense Non Operating": 34210000.0,
        "Interest Income Non Operating": NaN,
        "Operating Income": 115344000.0,
        "Operating Expense": 173608000.0,
        "Depreciation Amortization Depletion Income Statement": 85165000.0,
        "Depreciation And Amortization In Income Statement": 85165000.0,
        "Selling General And Administration": 88443000.0,
        "Gross Profit": 288952000.0,
        "Cost Of Revenue": 104603000.0,
        "Total Revenue": 393555000.0,
        "Operating Revenue": 367000000.0
    },
    "2024-12-31": {
        "Tax Effect Of Unusual Items": -27880230.0,
        "Tax Rate For Calcs": 0.21,
        "Normalized EBITDA": 262778000.0,
        "Total Unusual Items": -132763000.0,
        "Total Unusual Items Excluding Goodwill": -132763000.0,
        "Net Income From Continuing Operation Net Minority Interest": -105238000.0,
        "Reconciled Depreciation": 85635000.0,
        "Reconciled Cost Of Revenue": 99858000.0,
        "EBITDA": 130015000.0,
        "EBIT": 44380000.0,
        "Net Interest Income": -33040000.0,
        "Interest Expense": 33040000.0,
        "Interest Income": NaN,
        "Normalized Income": -355230.0,
        "Net Income From Continuing And Discontinued Operation": -105238000.0,
        "Total Expenses": 281846000.0,
        "Total Operating Income As Reported": 101581000.0,
        "Diluted Average Shares": 5623747.0,
        "Basic Average Shares": 5623747.0,
        "Diluted EPS": -18.71,
        "Basic EPS": -18.71,
        "Diluted NI Availto Com Stockholders": -103677000.0,
        "Average Dilution Earnings": 1561000.0,
        "Net Income Common Stockholders": -105238000.0,
        "Net Income": -105238000.0,
        "Net Income Including Noncontrolling Interests": -105238000.0,
        "Net Income Continuous Operations": -105238000.0,
        "Earnings From Equity Interest Net Of Tax": -138893000.0,
        "Tax Provision": -22315000.0,
        "Pretax Income": 11340000.0,
        "Other Income Expense": -60987000.0,
        "Other Non Operating Income Expenses": 290000.0,
        "Special Income Charges": -3786000.0,
        "Gain On Sale Of Ppe": -3786000.0,
        "Gain On Sale Of Business": NaN,
        "Other Special Charges": 0.0,
        "Write Off": NaN,
        "Impairment Of Capital Assets": NaN,
        "Gain On Sale Of Security": -128977000.0,
        "Net Non Operating Interest Income Expense": -33040000.0,
        "Interest Expense Non Operating": 33040000.0,
        "Interest Income Non Operating": NaN,
        "Operating Income": 105367000.0,
        "Operating Expense": 181988000.0,
        "Depreciation Amortization Depletion Income Statement": 85635000.0,
        "Depreciation And Amortization In Income Statement": 85635000.0,
        "Selling General And Administration": 96353000.0,
        "Gross Profit": 287355000.0,
        "Cost Of Revenue": 99858000.0,
        "Total Revenue": 387213000.0,
        "Operating Revenue": 361627000.0
    },
    "2025-03-31": {
        "Tax Effect Of Unusual Items": -19237.474916,
        "Tax Rate For Calcs": 0.003395,
        "Normalized EBITDA": 185395000.0,
        "Total Unusual Items": -5667000.0,
        "Total Unusual Items Excluding Goodwill": -5667000.0,
        "Net Income From Continuing Operation Net Minority Interest": 2607000.0,
        "Reconciled Depreciation": 85465000.0,
        "Reconciled Cost Of Revenue": 99851000.0,
        "EBITDA": 179728000.0,
        "EBIT": 94263000.0,
        "Net Interest Income": -34463000.0,
        "Interest Expense": 34463000.0,
        "Interest Income": NaN,
        "Normalized Income": 8254762.525084,
        "Net Income From Continuing And Discontinued Operation": 2607000.0,
        "Total Expenses": 280730000.0,
        "Total Operating Income As Reported": 95675000.0,
        "Diluted Average Shares": 5644766.0,
        "Basic Average Shares": 5633810.0,
        "Diluted EPS": 0.46,
        "Basic EPS": 0.46,
        "Diluted NI Availto Com Stockholders": 2607000.0,
        "Average Dilution Earnings": 0.0,
        "Net Income Common Stockholders": 2607000.0,
        "Net Income": 2607000.0,
        "Net Income Including Noncontrolling Interests": 2607000.0,
        "Net Income Continuous Operations": 2607000.0,
        "Earnings From Equity Interest Net Of Tax": -56990000.0,
        "Tax Provision": 203000.0,
        "Pretax Income": 59800000.0,
        "Other Income Expense": -5608000.0,
        "Other Non Operating Income Expenses": 59000.0,
        "Special Income Charges": -4196000.0,
        "Gain On Sale Of Ppe": -4196000.0,
        "Gain On Sale Of Business": NaN,
        "Other Special Charges": NaN,
        "Write Off": NaN,
        "Impairment Of Capital Assets": NaN,
        "Gain On Sale Of Security": -1471000.0,
        "Net Non Operating Interest Income Expense": -34463000.0,
        "Interest Expense Non Operating": 34463000.0,
        "Interest Income Non Operating": NaN,
        "Operating Income": 99871000.0,
        "Operating Expense": 180879000.0,
        "Depreciation Amortization Depletion Income Statement": 85465000.0,
        "Depreciation And Amortization In Income Statement": 85465000.0,
        "Selling General And Administration": 95414000.0,
        "Gross Profit": 280750000.0,
        "Cost Of Revenue": 99851000.0,
        "Total Revenue": 380601000.0,
        "Operating Revenue": 363718000.0
    }
}