{
    "2023-06-30": {
        "Tax Effect Of Unusual Items": NaN,
        "Tax Rate For Calcs": NaN,
        "Total Unusual Items": NaN,
        "Total Unusual Items Excluding Goodwill": NaN,
        "Net Income From Continuing Operation Net Minority Interest": NaN,
        "Reconciled Depreciation": NaN,
        "Net Interest Income": NaN,
        "Interest Expense": NaN,
        "Interest Income": NaN,
        "Normalized Income": NaN,
        "Net Income From Continuing And Discontinued Operation": NaN,
        "Diluted Average Shares": NaN,
        "Basic Average Shares": NaN,
        "Diluted EPS": NaN,
        "Basic EPS": NaN,
        "Diluted NI Availto Com Stockholders": NaN,
        "Net Income Common Stockholders": NaN,
        "Otherunder Preferred Stock Dividend": 17000.0,
        "Net Income": NaN,
        "Net Income Including Noncontrolling Interests": NaN,
        "Net Income Continuous Operations": NaN,
        "Tax Provision": NaN,
        "Pretax Income": NaN,
        "Special Income Charges": NaN,
        "Other Special Charges": NaN,
        "Restructuring And Mergern Acquisition": NaN,
        "Gain On Sale Of Security": NaN,
        "Depreciation Amortization Depletion Income Statement": NaN,
        "Depreciation And Amortization In Income Statement": NaN,
        "Amortization": NaN,
        "Amortization Of Intangibles Income Statement": NaN,
        "Selling General And Administration": NaN,
        "General And Administrative Expense": NaN,
        "Salaries And Wages": NaN,
        "Total Revenue": NaN,
        "Operating Revenue": NaN,
        "Occupancy And Equipment": NaN,
        "Professional Expense And Contract Services Expense": NaN,
        "Other Non Interest Expense": NaN
    },
    "2023-03-31": {
        "Tax Effect Of Unusual Items": 0.0,
        "Tax Rate For Calcs": 0.203517,
        "Total Unusual Items": NaN,
        "Total Unusual Items Excluding Goodwill": NaN,
        "Net Income From Continuing Operation Net Minority Interest": 12727000.0,
        "Reconciled Depreciation": 963000.0,
        "Net Interest Income": 34280000.0,
        "Interest Expense": 18445000.0,
        "Interest Income": 52725000.0,
        "Normalized Income": 12727000.0,
        "Net Income From Continuing And Discontinued Operation": 12727000.0,
        "Diluted Average Shares": 14631542.0,
        "Basic Average Shares": 14573122.0,
        "Diluted EPS": 0.87,
        "Basic EPS": 0.87,
        "Diluted NI Availto Com Stockholders": 12702000.0,
        "Net Income Common Stockholders": 12702000.0,
        "Otherunder Preferred Stock Dividend": 25000.0,
        "Net Income": 12727000.0,
        "Net Income Including Noncontrolling Interests": 12727000.0,
        "Net Income Continuous Operations": 12727000.0,
        "Tax Provision": 3252000.0,
        "Pretax Income": 15979000.0,
        "Special Income Charges": NaN,
        "Other Special Charges": NaN,
        "Gain On Sale Of Security": -1839000.0,
        "Depreciation Amortization Depletion Income Statement": 148000.0,
        "Depreciation And Amortization In Income Statement": 148000.0,
        "Amortization": 148000.0,
        "Amortization Of Intangibles Income Statement": 148000.0,
        "Selling General And Administration": 14573000.0,
        "General And Administrative Expense": 14573000.0,
        "Salaries And Wages": 14573000.0,
        "Total Revenue": 41106000.0,
        "Operating Revenue": 41106000.0,
        "Occupancy And Equipment": 5290000.0,
        "Professional Expense And Contract Services Expense": 1055000.0,
        "Other Non Interest Expense": 3898000.0
    },
    "2022-12-31": {
        "Tax Effect Of Unusual Items": NaN,
        "Tax Rate For Calcs": NaN,
        "Total Unusual Items": -204000.0,
        "Total Unusual Items Excluding Goodwill": -204000.0,
        "Net Income From Continuing Operation Net Minority Interest": NaN,
        "Reconciled Depreciation": NaN,
        "Net Interest Income": NaN,
        "Interest Expense": NaN,
        "Interest Income": NaN,
        "Normalized Income": NaN,
        "Net Income From Continuing And Discontinued Operation": NaN,
        "Diluted Average Shares": NaN,
        "Basic Average Shares": NaN,
        "Diluted EPS": NaN,
        "Basic EPS": NaN,
        "Diluted NI Availto Com Stockholders": NaN,
        "Net Income Common Stockholders": NaN,
        "Otherunder Preferred Stock Dividend": NaN,
        "Net Income": NaN,
        "Net Income Including Noncontrolling Interests": NaN,
        "Net Income Continuous Operations": NaN,
        "Tax Provision": NaN,
        "Pretax Income": NaN,
        "Special Income Charges": -204000.0,
        "Other Special Charges": NaN,
        "Gain On Sale Of Security": NaN,
        "Depreciation Amortization Depletion Income Statement": NaN,
        "Depreciation And Amortization In Income Statement": NaN,
        "Amortization": NaN,
        "Amortization Of Intangibles Income Statement": NaN,
        "Selling General And Administration": NaN,
        "General And Administrative Expense": NaN,
        "Salaries And Wages": NaN,
        "Total Revenue": NaN,
        "Operating Revenue": NaN,
        "Occupancy And Equipment": NaN,
        "Professional Expense And Contract Services Expense": NaN,
        "Other Non Interest Expense": NaN
    },
    "2022-09-30": {
        "Tax Effect Of Unusual Items": NaN,
        "Tax Rate For Calcs": NaN,
        "Total Unusual Items": 0.0,
        "Total Unusual Items Excluding Goodwill": 0.0,
        "Net Income From Continuing Operation Net Minority Interest": NaN,
        "Reconciled Depreciation": NaN,
        "Net Interest Income": NaN,
        "Interest Expense": NaN,
        "Interest Income": NaN,
        "Normalized Income": NaN,
        "Net Income From Continuing And Discontinued Operation": NaN,
        "Diluted Average Shares": NaN,
        "Basic Average Shares": NaN,
        "Diluted EPS": NaN,
        "Basic EPS": NaN,
        "Diluted NI Availto Com Stockholders": NaN,
        "Net Income Common Stockholders": NaN,
        "Otherunder Preferred Stock Dividend": NaN,
        "Net Income": NaN,
        "Net Income Including Noncontrolling Interests": NaN,
        "Net Income Continuous Operations": NaN,
        "Tax Provision": NaN,
        "Pretax Income": NaN,
        "Special Income Charges": 0.0,
        "Other Special Charges": NaN,
        "Gain On Sale Of Security": NaN,
        "Depreciation Amortization Depletion Income Statement": NaN,
        "Depreciation And Amortization In Income Statement": NaN,
        "Amortization": NaN,
        "Amortization Of Intangibles Income Statement": NaN,
        "Selling General And Administration": NaN,
        "General And Administrative Expense": NaN,
        "Other Gand A": 575000.0,
        "Salaries And Wages": NaN,
        "Total Revenue": NaN,
        "Operating Revenue": NaN
    },
    "2022-06-30": {
        "Tax Effect Of Unusual Items": 0.0,
        "Tax Rate For Calcs": 0.199638,
        "Total Unusual Items": 0.0,
        "Total Unusual Items Excluding Goodwill": 0.0,
        "Net Income From Continuing Operation Net Minority Interest": 15026000.0,
        "Reconciled Depreciation": 157000.0,
        "Net Interest Income": 36534000.0,
        "Interest Expense": 3496000.0,
        "Interest Income": 40030000.0,
        "Normalized Income": 15026000.0,
        "Net Income From Continuing And Discontinued Operation": 15026000.0,
        "Diluted Average Shares": 14704651.0,
        "Basic Average Shares": 14651851.0,
        "Diluted EPS": 1.02,
        "Basic EPS": 1.02,
        "Diluted NI Availto Com Stockholders": 15026000.0,
        "Net Income Common Stockholders": 15026000.0,
        "Otherunder Preferred Stock Dividend": 40000.0,
        "Net Income": 15026000.0,
        "Net Income Including Noncontrolling Interests": 15026000.0,
        "Net Income Continuous Operations": 15026000.0,
        "Tax Provision": 3748000.0,
        "Pretax Income": 18774000.0,
        "Special Income Charges": 0.0,
        "Gain On Sale Of Security": -9000.0,
        "Depreciation Amortization Depletion Income Statement": 157000.0,
        "Depreciation And Amortization In Income Statement": 157000.0,
        "Amortization": 157000.0,
        "Amortization Of Intangibles Income Statement": 157000.0,
        "Selling General And Administration": 15402000.0,
        "General And Administrative Expense": 15402000.0,
        "Other Gand A": 515000.0,
        "Salaries And Wages": 15402000.0,
        "Total Revenue": 46541000.0,
        "Operating Revenue": 46541000.0
    },
    "2023-09-30": {
        "Tax Effect Of Unusual Items": NaN,
        "Tax Rate For Calcs": NaN,
        "Total Unusual Items": NaN,
        "Total Unusual Items Excluding Goodwill": NaN,
        "Net Income From Continuing Operation Net Minority Interest": NaN,
        "Reconciled Depreciation": NaN,
        "Net Interest Income": NaN,
        "Interest Expense": NaN,
        "Interest Income": NaN,
        "Normalized Income": NaN,
        "Net Income From Continuing And Discontinued Operation": NaN,
        "Diluted Average Shares": NaN,
        "Basic Average Shares": NaN,
        "Diluted EPS": NaN,
        "Basic EPS": NaN,
        "Diluted NI Availto Com Stockholders": NaN,
        "Net Income Common Stockholders": NaN,
        "Otherunder Preferred Stock Dividend": 9000.0,
        "Net Income": NaN,
        "Net Income Including Noncontrolling Interests": NaN,
        "Net Income Continuous Operations": NaN,
        "Tax Provision": NaN,
        "Pretax Income": NaN,
        "Special Income Charges": NaN,
        "Other Special Charges": NaN,
        "Restructuring And Mergern Acquisition": 0.0,
        "Gain On Sale Of Security": NaN,
        "Depreciation Amortization Depletion Income Statement": NaN,
        "Depreciation And Amortization In Income Statement": NaN,
        "Amortization": NaN,
        "Amortization Of Intangibles Income Statement": NaN,
        "Selling General And Administration": NaN,
        "General And Administrative Expense": NaN,
        "Salaries And Wages": NaN,
        "Total Revenue": NaN,
        "Operating Revenue": NaN,
        "Occupancy And Equipment": NaN,
        "Professional Expense And Contract Services Expense": NaN,
        "Other Non Interest Expense": NaN
    },
    "2023-12-31": {
        "Tax Effect Of Unusual Items": NaN,
        "Tax Rate For Calcs": NaN,
        "Total Unusual Items": NaN,
        "Total Unusual Items Excluding Goodwill": NaN,
        "Net Income From Continuing Operation Net Minority Interest": NaN,
        "Reconciled Depreciation": NaN,
        "Net Interest Income": NaN,
        "Interest Expense": NaN,
        "Interest Income": NaN,
        "Normalized Income": NaN,
        "Net Income From Continuing And Discontinued Operation": NaN,
        "Diluted Average Shares": NaN,
        "Basic Average Shares": NaN,
        "Diluted EPS": NaN,
        "Basic EPS": NaN,
        "Diluted NI Availto Com Stockholders": NaN,
        "Net Income Common Stockholders": NaN,
        "Otherunder Preferred Stock Dividend": 5000.0,
        "Net Income": NaN,
        "Net Income Including Noncontrolling Interests": NaN,
        "Net Income Continuous Operations": NaN,
        "Tax Provision": NaN,
        "Pretax Income": NaN,
        "Special Income Charges": NaN,
        "Other Special Charges": 75000.0,
        "Restructuring And Mergern Acquisition": NaN,
        "Gain On Sale Of Security": NaN,
        "Depreciation Amortization Depletion Income Statement": NaN,
        "Depreciation And Amortization In Income Statement": NaN,
        "Amortization": NaN,
        "Amortization Of Intangibles Income Statement": NaN,
        "Selling General And Administration": NaN,
        "General And Administrative Expense": NaN,
        "Salaries And Wages": NaN,
        "Total Revenue": NaN,
        "Operating Revenue": NaN,
        "Occupancy And Equipment": NaN,
        "Professional Expense And Contract Services Expense": NaN,
        "Other Non Interest Expense": NaN
    },
    "2024-03-31": {
        "Tax Effect Of Unusual Items": NaN,
        "Tax Rate For Calcs": NaN,
        "Total Unusual Items": NaN,
        "Total Unusual Items Excluding Goodwill": NaN,
        "Net Income From Continuing Operation Net Minority Interest": NaN,
        "Reconciled Depreciation": NaN,
        "Net Interest Income": NaN,
        "Interest Expense": NaN,
        "Interest Income": NaN,
        "Normalized Income": NaN,
        "Net Income From Continuing And Discontinued Operation": NaN,
        "Diluted Average Shares": NaN,
        "Basic Average Shares": NaN,
        "Diluted EPS": NaN,
        "Basic EPS": NaN,
        "Diluted NI Availto Com Stockholders": NaN,
        "Net Income Common Stockholders": NaN,
        "Otherunder Preferred Stock Dividend": 11000.0,
        "Net Income": NaN,
        "Net Income Including Noncontrolling Interests": NaN,
        "Net Income Continuous Operations": NaN,
        "Tax Provision": NaN,
        "Pretax Income": NaN,
        "Special Income Charges": NaN,
        "Other Special Charges": NaN,
        "Restructuring And Mergern Acquisition": NaN,
        "Gain On Sale Of Security": NaN,
        "Depreciation Amortization Depletion Income Statement": NaN,
        "Depreciation And Amortization In Income Statement": NaN,
        "Amortization": NaN,
        "Amortization Of Intangibles Income Statement": NaN,
        "Selling General And Administration": NaN,
        "General And Administrative Expense": NaN,
        "Salaries And Wages": NaN,
        "Total Revenue": NaN,
        "Operating Revenue": NaN,
        "Occupancy And Equipment": NaN,
        "Professional Expense And Contract Services Expense": NaN,
        "Other Non Interest Expense": NaN
    },
    "2024-06-30": {
        "Tax Effect Of Unusual Items": 0.0,
        "Tax Rate For Calcs": 0.193423,
        "Total Unusual Items": 0.0,
        "Total Unusual Items Excluding Goodwill": 0.0,
        "Net Income From Continuing Operation Net Minority Interest": 11993000.0,
        "Reconciled Depreciation": 958000.0,
        "Net Interest Income": 32184000.0,
        "Interest Expense": 29978000.0,
        "Interest Income": 62162000.0,
        "Normalized Income": 11993000.0,
        "Net Income From Continuing And Discontinued Operation": 11993000.0,
        "Diluted Average Shares": 14647047.0,
        "Basic Average Shares": 14591189.0,
        "Diluted EPS": 0.81,
        "Basic EPS": 0.82,
        "Diluted NI Availto Com Stockholders": 11992000.0,
        "Net Income Common Stockholders": 11992000.0,
        "Otherunder Preferred Stock Dividend": 1000.0,
        "Net Income": 11993000.0,
        "Net Income Including Noncontrolling Interests": 11993000.0,
        "Net Income Continuous Operations": 11993000.0,
        "Tax Provision": 2876000.0,
        "Pretax Income": 14869000.0,
        "Special Income Charges": 0.0,
        "Other Special Charges": NaN,
        "Restructuring And Mergern Acquisition": 0.0,
        "Gain On Sale Of Security": 0.0,
        "Depreciation Amortization Depletion Income Statement": 139000.0,
        "Depreciation And Amortization In Income Statement": 139000.0,
        "Amortization": 139000.0,
        "Amortization Of Intangibles Income Statement": 139000.0,
        "Selling General And Administration": 15601000.0,
        "General And Administrative Expense": 15601000.0,
        "Salaries And Wages": 15601000.0,
        "Total Revenue": 41518000.0,
        "Operating Revenue": 41518000.0,
        "Occupancy And Equipment": 5478000.0,
        "Professional Expense And Contract Services Expense": 1149000.0,
        "Other Non Interest Expense": 3632000.0
    },
    "2024-09-30": {
        "Tax Effect Of Unusual Items": -127525.356377,
        "Tax Rate For Calcs": 0.175413,
        "Total Unusual Items": -727000.0,
        "Total Unusual Items Excluding Goodwill": -727000.0,
        "Net Income From Continuing Operation Net Minority Interest": 13073000.0,
        "Reconciled Depreciation": 958000.0,
        "Net Interest Income": 33587000.0,
        "Interest Expense": 30134000.0,
        "Interest Income": 63721000.0,
        "Normalized Income": 13672474.643623,
        "Net Income From Continuing And Discontinued Operation": 13073000.0,
        "Diluted Average Shares": 14645675.0,
        "Basic Average Shares": 14575550.0,
        "Diluted EPS": 0.9,
        "Basic EPS": 0.9,
        "Diluted NI Availto Com Stockholders": 13073000.0,
        "Net Income Common Stockholders": 13073000.0,
        "Otherunder Preferred Stock Dividend": NaN,
        "Net Income": 13073000.0,
        "Net Income Including Noncontrolling Interests": 13073000.0,
        "Net Income Continuous Operations": 13073000.0,
        "Tax Provision": 2781000.0,
        "Pretax Income": 15854000.0,
        "Special Income Charges": -727000.0,
        "Other Special Charges": NaN,
        "Restructuring And Mergern Acquisition": 727000.0,
        "Gain On Sale Of Security": 0.0,
        "Depreciation Amortization Depletion Income Statement": 139000.0,
        "Depreciation And Amortization In Income Statement": 139000.0,
        "Amortization": 139000.0,
        "Amortization Of Intangibles Income Statement": 139000.0,
        "Selling General And Administration": 16545000.0,
        "General And Administrative Expense": 16545000.0,
        "Salaries And Wages": 16545000.0,
        "Total Revenue": 43625000.0,
        "Operating Revenue": 43625000.0,
        "Occupancy And Equipment": 5468000.0,
        "Professional Expense And Contract Services Expense": 788000.0,
        "Other Non Interest Expense": 3865000.0
    },
    "2024-12-31": {
        "Tax Effect Of Unusual Items": -87705.249429,
        "Tax Rate For Calcs": 0.203021,
        "Total Unusual Items": -432000.0,
        "Total Unusual Items Excluding Goodwill": -432000.0,
        "Net Income From Continuing Operation Net Minority Interest": 14666000.0,
        "Reconciled Depreciation": 996000.0,
        "Net Interest Income": 35409000.0,
        "Interest Expense": 28082000.0,
        "Interest Income": 63491000.0,
        "Normalized Income": 15010294.750571,
        "Net Income From Continuing And Discontinued Operation": 14666000.0,
        "Diluted Average Shares": 14666000.0,
        "Basic Average Shares": 14520792.0,
        "Diluted EPS": 1.0,
        "Basic EPS": 1.01,
        "Diluted NI Availto Com Stockholders": 14666000.0,
        "Net Income Common Stockholders": 14666000.0,
        "Otherunder Preferred Stock Dividend": 0.0,
        "Net Income": 14666000.0,
        "Net Income Including Noncontrolling Interests": 14666000.0,
        "Net Income Continuous Operations": 14666000.0,
        "Tax Provision": 3736000.0,
        "Pretax Income": 18402000.0,
        "Special Income Charges": -432000.0,
        "Other Special Charges": NaN,
        "Restructuring And Mergern Acquisition": 432000.0,
        "Gain On Sale Of Security": 0.0,
        "Depreciation Amortization Depletion Income Statement": 139000.0,
        "Depreciation And Amortization In Income Statement": 139000.0,
        "Amortization": 139000.0,
        "Amortization Of Intangibles Income Statement": 139000.0,
        "Selling General And Administration": 15973000.0,
        "General And Administrative Expense": 15973000.0,
        "Salaries And Wages": 15973000.0,
        "Total Revenue": 46231000.0,
        "Operating Revenue": 46231000.0,
        "Occupancy And Equipment": 5631000.0,
        "Professional Expense And Contract Services Expense": 786000.0,
        "Other Non Interest Expense": 4059000.0
    },
    "2025-03-31": {
        "Tax Effect Of Unusual Items": -1580250.0,
        "Tax Rate For Calcs": 0.21,
        "Total Unusual Items": -7525000.0,
        "Total Unusual Items Excluding Goodwill": -7525000.0,
        "Net Income From Continuing Operation Net Minority Interest": 7326000.0,
        "Reconciled Depreciation": 2985000.0,
        "Net Interest Income": 48858000.0,
        "Interest Expense": 29537000.0,
        "Interest Income": 78395000.0,
        "Normalized Income": 13270750.0,
        "Net Income From Continuing And Discontinued Operation": 7326000.0,
        "Diluted Average Shares": 17037209.0,
        "Basic Average Shares": 17037209.0,
        "Diluted EPS": 0.43,
        "Basic EPS": 0.43,
        "Diluted NI Availto Com Stockholders": 7326000.0,
        "Net Income Common Stockholders": 7326000.0,
        "Otherunder Preferred Stock Dividend": NaN,
        "Net Income": 7326000.0,
        "Net Income Including Noncontrolling Interests": 7326000.0,
        "Net Income Continuous Operations": 7326000.0,
        "Tax Provision": -1152000.0,
        "Pretax Income": 6174000.0,
        "Special Income Charges": -7525000.0,
        "Other Special Charges": NaN,
        "Restructuring And Mergern Acquisition": 7525000.0,
        "Gain On Sale Of Security": 0.0,
        "Depreciation Amortization Depletion Income Statement": 1473000.0,
        "Depreciation And Amortization In Income Statement": 1473000.0,
        "Amortization": 1473000.0,
        "Amortization Of Intangibles Income Statement": 1473000.0,
        "Selling General And Administration": 20243000.0,
        "General And Administrative Expense": 20243000.0,
        "Salaries And Wages": 20243000.0,
        "Total Revenue": 58364000.0,
        "Operating Revenue": 58364000.0,
        "Occupancy And Equipment": 7764000.0,
        "Professional Expense And Contract Services Expense": 1498000.0,
        "Other Non Interest Expense": 4258000.0
    },
    "2025-06-30": {
        "Tax Effect Of Unusual Items": -291047.015766,
        "Tax Rate For Calcs": 0.207151,
        "Total Unusual Items": -1405000.0,
        "Total Unusual Items Excluding Goodwill": -1405000.0,
        "Net Income From Continuing Operation Net Minority Interest": 14081000.0,
        "Reconciled Depreciation": 2789000.0,
        "Net Interest Income": 49209000.0,
        "Interest Expense": 30114000.0,
        "Interest Income": 79323000.0,
        "Normalized Income": 15194952.984234,
        "Net Income From Continuing And Discontinued Operation": 14081000.0,
        "Diluted Average Shares": 16965060.0,
        "Basic Average Shares": 16763095.0,
        "Diluted EPS": 0.83,
        "Basic EPS": 0.84,
        "Diluted NI Availto Com Stockholders": 14081000.0,
        "Net Income Common Stockholders": 14081000.0,
        "Otherunder Preferred Stock Dividend": NaN,
        "Net Income": 14081000.0,
        "Net Income Including Noncontrolling Interests": 14081000.0,
        "Net Income Continuous Operations": 14081000.0,
        "Tax Provision": 3679000.0,
        "Pretax Income": 17760000.0,
        "Special Income Charges": -1405000.0,
        "Other Special Charges": NaN,
        "Restructuring And Mergern Acquisition": 1405000.0,
        "Gain On Sale Of Security": 0.0,
        "Depreciation Amortization Depletion Income Statement": 1473000.0,
        "Depreciation And Amortization In Income Statement": 1473000.0,
        "Amortization": 1473000.0,
        "Amortization Of Intangibles Income Statement": 1473000.0,
        "Selling General And Administration": 19392000.0,
        "General And Administrative Expense": 19392000.0,
        "Salaries And Wages": 19392000.0,
        "Total Revenue": 60551000.0,
        "Operating Revenue": 60551000.0,
        "Occupancy And Equipment": 6987000.0,
        "Professional Expense And Contract Services Expense": 1310000.0,
        "Other Non Interest Expense": 5304000.0
    }
}