{
    "2023-03-31": {
        "Tax Effect Of Unusual Items": NaN,
        "Tax Rate For Calcs": NaN,
        "Normalized EBITDA": NaN,
        "Total Unusual Items": NaN,
        "Total Unusual Items Excluding Goodwill": NaN,
        "Net Income From Continuing Operation Net Minority Interest": NaN,
        "Reconciled Depreciation": NaN,
        "Reconciled Cost Of Revenue": NaN,
        "EBITDA": NaN,
        "EBIT": NaN,
        "Net Interest Income": NaN,
        "Interest Income": NaN,
        "Normalized Income": NaN,
        "Net Income From Continuing And Discontinued Operation": NaN,
        "Total Expenses": NaN,
        "Diluted Average Shares": NaN,
        "Basic Average Shares": NaN,
        "Diluted EPS": NaN,
        "Basic EPS": NaN,
        "Diluted NI Availto Com Stockholders": NaN,
        "Net Income Common Stockholders": NaN,
        "Net Income": NaN,
        "Net Income Including Noncontrolling Interests": NaN,
        "Net Income Continuous Operations": NaN,
        "Tax Provision": NaN,
        "Pretax Income": NaN,
        "Other Income Expense": NaN,
        "Other Non Operating Income Expenses": NaN,
        "Special Income Charges": NaN,
        "Gain On Sale Of Ppe": NaN,
        "Net Non Operating Interest Income Expense": NaN,
        "Interest Income Non Operating": NaN,
        "Operating Income": NaN,
        "Operating Expense": NaN,
        "Other Operating Expenses": 17900000.0,
        "Provision For Doubtful Accounts": NaN,
        "Selling General And Administration": NaN,
        "Selling And Marketing Expense": NaN,
        "General And Administrative Expense": NaN,
        "Other Gand A": NaN,
        "Gross Profit": NaN,
        "Cost Of Revenue": NaN,
        "Total Revenue": NaN,
        "Operating Revenue": NaN
    },
    "2022-12-31": {
        "Tax Effect Of Unusual Items": NaN,
        "Tax Rate For Calcs": NaN,
        "Normalized EBITDA": NaN,
        "Total Unusual Items": NaN,
        "Total Unusual Items Excluding Goodwill": NaN,
        "Net Income From Continuing Operation Net Minority Interest": NaN,
        "Reconciled Depreciation": NaN,
        "Reconciled Cost Of Revenue": NaN,
        "EBITDA": NaN,
        "EBIT": NaN,
        "Net Interest Income": NaN,
        "Interest Income": NaN,
        "Normalized Income": NaN,
        "Net Income From Continuing And Discontinued Operation": NaN,
        "Total Expenses": NaN,
        "Diluted Average Shares": NaN,
        "Basic Average Shares": NaN,
        "Diluted EPS": NaN,
        "Basic EPS": NaN,
        "Diluted NI Availto Com Stockholders": NaN,
        "Net Income Common Stockholders": NaN,
        "Net Income": NaN,
        "Net Income Including Noncontrolling Interests": NaN,
        "Net Income Continuous Operations": NaN,
        "Tax Provision": NaN,
        "Pretax Income": NaN,
        "Other Income Expense": NaN,
        "Other Non Operating Income Expenses": NaN,
        "Special Income Charges": NaN,
        "Gain On Sale Of Ppe": NaN,
        "Net Non Operating Interest Income Expense": NaN,
        "Interest Income Non Operating": NaN,
        "Operating Income": NaN,
        "Operating Expense": NaN,
        "Other Operating Expenses": 12500000.0,
        "Provision For Doubtful Accounts": NaN,
        "Selling General And Administration": NaN,
        "Selling And Marketing Expense": NaN,
        "General And Administrative Expense": NaN,
        "Other Gand A": NaN,
        "Gross Profit": NaN,
        "Cost Of Revenue": NaN,
        "Total Revenue": NaN,
        "Operating Revenue": NaN
    },
    "2022-09-30": {
        "Tax Effect Of Unusual Items": NaN,
        "Tax Rate For Calcs": NaN,
        "Normalized EBITDA": NaN,
        "Net Income From Continuing Operation Net Minority Interest": NaN,
        "Reconciled Depreciation": NaN,
        "Reconciled Cost Of Revenue": NaN,
        "EBITDA": NaN,
        "EBIT": NaN,
        "Net Interest Income": NaN,
        "Interest Income": NaN,
        "Normalized Income": NaN,
        "Net Income From Continuing And Discontinued Operation": NaN,
        "Total Expenses": NaN,
        "Diluted Average Shares": NaN,
        "Basic Average Shares": NaN,
        "Diluted EPS": NaN,
        "Basic EPS": NaN,
        "Diluted NI Availto Com Stockholders": NaN,
        "Net Income Common Stockholders": NaN,
        "Net Income": NaN,
        "Net Income Including Noncontrolling Interests": NaN,
        "Net Income Continuous Operations": NaN,
        "Tax Provision": NaN,
        "Pretax Income": NaN,
        "Other Income Expense": NaN,
        "Other Non Operating Income Expenses": NaN,
        "Net Non Operating Interest Income Expense": NaN,
        "Interest Income Non Operating": NaN,
        "Operating Income": NaN,
        "Operating Expense": NaN,
        "Other Operating Expenses": 12900000.0,
        "Provision For Doubtful Accounts": NaN,
        "Selling General And Administration": NaN,
        "Selling And Marketing Expense": NaN,
        "General And Administrative Expense": NaN,
        "Other Gand A": NaN,
        "Gross Profit": NaN,
        "Cost Of Revenue": NaN,
        "Total Revenue": NaN,
        "Operating Revenue": NaN
    },
    "2022-06-30": {
        "Tax Effect Of Unusual Items": 0.0,
        "Tax Rate For Calcs": 0.244,
        "Normalized EBITDA": 148600000.0,
        "Net Income From Continuing Operation Net Minority Interest": 107400000.0,
        "Reconciled Depreciation": 6500000.0,
        "Reconciled Cost Of Revenue": 104300000.0,
        "EBITDA": 148600000.0,
        "EBIT": 142100000.0,
        "Net Interest Income": 700000.0,
        "Interest Income": 700000.0,
        "Normalized Income": 107400000.0,
        "Net Income From Continuing And Discontinued Operation": 107400000.0,
        "Total Expenses": 315300000.0,
        "Diluted Average Shares": 13517979.0,
        "Basic Average Shares": 13435507.0,
        "Diluted EPS": 7.94,
        "Basic EPS": 7.99,
        "Diluted NI Availto Com Stockholders": 107400000.0,
        "Net Income Common Stockholders": 107400000.0,
        "Net Income": 107400000.0,
        "Net Income Including Noncontrolling Interests": 107400000.0,
        "Net Income Continuous Operations": 107400000.0,
        "Tax Provision": 34700000.0,
        "Pretax Income": 142100000.0,
        "Other Income Expense": NaN,
        "Other Non Operating Income Expenses": NaN,
        "Net Non Operating Interest Income Expense": 700000.0,
        "Interest Income Non Operating": 700000.0,
        "Operating Income": 142100000.0,
        "Operating Expense": 211000000.0,
        "Other Operating Expenses": 12200000.0,
        "Provision For Doubtful Accounts": 147500000.0,
        "Selling General And Administration": 51300000.0,
        "Selling And Marketing Expense": 19000000.0,
        "General And Administrative Expense": 32300000.0,
        "Other Gand A": 32300000.0,
        "Gross Profit": 353100000.0,
        "Cost Of Revenue": 104300000.0,
        "Total Revenue": 457400000.0,
        "Operating Revenue": 457400000.0
    },
    "2023-06-30": {
        "Tax Effect Of Unusual Items": NaN,
        "Tax Rate For Calcs": NaN,
        "Normalized EBITDA": NaN,
        "Total Unusual Items": 0.0,
        "Total Unusual Items Excluding Goodwill": 0.0,
        "Net Income From Continuing Operation Net Minority Interest": NaN,
        "Reconciled Depreciation": NaN,
        "Reconciled Cost Of Revenue": NaN,
        "EBITDA": NaN,
        "EBIT": NaN,
        "Net Interest Income": NaN,
        "Interest Income": NaN,
        "Normalized Income": NaN,
        "Net Income From Continuing And Discontinued Operation": NaN,
        "Total Expenses": NaN,
        "Diluted Average Shares": NaN,
        "Basic Average Shares": NaN,
        "Diluted EPS": NaN,
        "Basic EPS": NaN,
        "Diluted NI Availto Com Stockholders": NaN,
        "Net Income Common Stockholders": NaN,
        "Net Income": NaN,
        "Net Income Including Noncontrolling Interests": NaN,
        "Net Income Continuous Operations": NaN,
        "Tax Provision": NaN,
        "Pretax Income": NaN,
        "Other Income Expense": NaN,
        "Other Non Operating Income Expenses": NaN,
        "Special Income Charges": 0.0,
        "Gain On Sale Of Ppe": 0.0,
        "Net Non Operating Interest Income Expense": NaN,
        "Interest Income Non Operating": NaN,
        "Operating Income": NaN,
        "Operating Expense": NaN,
        "Other Operating Expenses": -400000.0,
        "Provision For Doubtful Accounts": NaN,
        "Selling General And Administration": NaN,
        "Selling And Marketing Expense": NaN,
        "General And Administrative Expense": NaN,
        "Other Gand A": NaN,
        "Gross Profit": NaN,
        "Cost Of Revenue": NaN,
        "Total Revenue": NaN,
        "Operating Revenue": NaN
    },
    "2022-03-31": {
        "Diluted EPS": 14.94,
        "Total Revenue": 456,
        "Gross Profit": 456,
        "Operating Income": 330,
        "EBIT": 337,
        "Net Income": 214
    },
    "2021-12-31": {
        "Diluted EPS": 14.73,
        "Total Revenue": 463,
        "Gross Profit": 463,
        "Operating Income": 333,
        "EBIT": 339,
        "Net Income": 218
    },
    "2021-09-30": {
        "Diluted EPS": 15.79,
        "Total Revenue": 470,
        "Gross Profit": 470,
        "Operating Income": 382,
        "EBIT": 389,
        "Net Income": 250
    },
    "2021-06-30": {
        "Diluted EPS": 17.18,
        "Total Revenue": 472,
        "Gross Profit": 472,
        "Operating Income": 432,
        "EBIT": 438,
        "Net Income": 289
    },
    "2021-03-31": {
        "Diluted EPS": 11.82,
        "Total Revenue": 451,
        "Gross Profit": 451,
        "Operating Income": 317,
        "EBIT": 324,
        "Net Income": 202
    },
    "2020-12-31": {
        "Diluted EPS": 9.12,
        "Total Revenue": 447,
        "Gross Profit": 447,
        "Operating Income": 270,
        "EBIT": 277,
        "Net Income": 166
    },
    "2020-09-30": {
        "Diluted EPS": 13.56,
        "Total Revenue": 427,
        "Gross Profit": 427,
        "Operating Income": 376,
        "EBIT": 382,
        "Net Income": 242
    },
    "2020-06-30": {
        "Diluted EPS": 5.4,
        "Total Revenue": 406,
        "Gross Profit": 406,
        "Operating Income": 185,
        "EBIT": 191,
        "Net Income": 96
    },
    "2020-03-31": {
        "Diluted EPS": -4.61,
        "Total Revenue": 389,
        "Gross Profit": 389,
        "Operating Income": -45,
        "EBIT": -39,
        "Net Income": -84
    },
    "2019-12-31": {
        "Diluted EPS": 8.51,
        "Total Revenue": 386,
        "Gross Profit": 386,
        "Operating Income": 275,
        "EBIT": 281,
        "Net Income": 162
    },
    "2019-09-30": {
        "Diluted EPS": 8.73,
        "Total Revenue": 379,
        "Gross Profit": 379,
        "Operating Income": 278,
        "EBIT": 284,
        "Net Income": 165
    },
    "2019-06-30": {
        "Diluted EPS": 8.68,
        "Total Revenue": 371,
        "Gross Profit": 371,
        "Operating Income": 273,
        "EBIT": 279,
        "Net Income": 164
    },
    "2019-03-31": {
        "Diluted EPS": 8.65,
        "Total Revenue": 354,
        "Gross Profit": 354,
        "Operating Income": 258,
        "EBIT": 263,
        "Net Income": 164
    },
    "2018-12-31": {
        "Diluted EPS": 7.72,
        "Total Revenue": 343,
        "Gross Profit": 343,
        "Operating Income": 250,
        "EBIT": 255,
        "Net Income": 152
    },
    "2018-09-30": {
        "Diluted EPS": 7.75,
        "Total Revenue": 332,
        "Gross Profit": 332,
        "Operating Income": 247,
        "EBIT": 252,
        "Net Income": 151
    },
    "2018-06-30": {
        "Diluted EPS": 7.75,
        "Total Revenue": 315,
        "Gross Profit": 315,
        "Operating Income": 244,
        "EBIT": 249,
        "Net Income": 151
    },
    "2018-03-31": {
        "Diluted EPS": 6.17,
        "Total Revenue": 296,
        "Gross Profit": 296,
        "Operating Income": 197,
        "EBIT": 202,
        "Net Income": 120
    },
    "2017-12-31": {
        "Diluted EPS": 9.04,
        "Total Revenue": 287,
        "Gross Profit": 287,
        "Operating Income": 160,
        "EBIT": 164,
        "Net Income": 177
    },
    "2017-09-30": {
        "Diluted EPS": 5.19,
        "Total Revenue": 284,
        "Gross Profit": 284,
        "Operating Income": 196,
        "EBIT": 200,
        "Net Income": 101
    },
    "2017-06-30": {
        "Diluted EPS": 5.09,
        "Total Revenue": 276,
        "Gross Profit": 276,
        "Operating Income": 193,
        "EBIT": 197,
        "Net Income": 99
    },
    "2017-03-31": {
        "Diluted EPS": 4.72,
        "Total Revenue": 263,
        "Gross Profit": 263,
        "Operating Income": 178,
        "EBIT": 182,
        "Net Income": 93
    },
    "2016-12-31": {
        "Diluted EPS": 4.3,
        "Total Revenue": 256,
        "Gross Profit": 256,
        "Operating Income": 173,
        "EBIT": 177,
        "Net Income": 88
    },
    "2016-09-30": {
        "Diluted EPS": 4.21,
        "Total Revenue": 247,
        "Gross Profit": 247,
        "Operating Income": 168,
        "EBIT": 172,
        "Net Income": 86
    },
    "2016-06-30": {
        "Diluted EPS": 4.17,
        "Total Revenue": 239,
        "Gross Profit": 239,
        "Operating Income": 166,
        "EBIT": 170,
        "Net Income": 85
    },
    "2016-03-31": {
        "Diluted EPS": 3.63,
        "Total Revenue": 228,
        "Gross Profit": 228,
        "Operating Income": 147,
        "EBIT": 151,
        "Net Income": 74
    },
    "2015-12-31": {
        "Diluted EPS": 3.8,
        "Total Revenue": 218,
        "Gross Profit": 218,
        "Operating Income": 154,
        "EBIT": 158,
        "Net Income": 80
    },
    "2015-09-30": {
        "Diluted EPS": 3.53,
        "Total Revenue": 210,
        "Gross Profit": 210,
        "Operating Income": 147,
        "EBIT": 150,
        "Net Income": 74
    },
    "2015-06-30": {
        "Diluted EPS": 3.54,
        "Total Revenue": 203,
        "Gross Profit": 203,
        "Operating Income": 146,
        "EBIT": 150,
        "Net Income": 74
    },
    "2015-03-31": {
        "Diluted EPS": 3.41,
        "Total Revenue": 194,
        "Gross Profit": 194,
        "Operating Income": 137,
        "EBIT": 141,
        "Net Income": 72
    },
    "2014-12-31": {
        "Diluted EPS": 3.36,
        "Total Revenue": 185,
        "Gross Profit": 185,
        "Operating Income": 139,
        "EBIT": 142,
        "Net Income": 73
    },
    "2014-09-30": {
        "Diluted EPS": 3.38,
        "Total Revenue": 182,
        "Gross Profit": 182,
        "Operating Income": 138,
        "EBIT": 142,
        "Net Income": 74
    },
    "2014-06-30": {
        "Diluted EPS": 3.06,
        "Total Revenue": 180,
        "Gross Profit": 180,
        "Operating Income": 134,
        "EBIT": 137,
        "Net Income": 69
    },
    "2014-03-31": {
        "Diluted EPS": 2.12,
        "Total Revenue": 177,
        "Gross Profit": 177,
        "Operating Income": 129,
        "EBIT": 132,
        "Net Income": 50
    },
    "2013-12-31": {
        "Diluted EPS": 2.75,
        "Total Revenue": 175,
        "Gross Profit": 175,
        "Operating Income": 131,
        "EBIT": 134,
        "Net Income": 66
    },
    "2013-09-30": {
        "Diluted EPS": 2.75,
        "Total Revenue": 173,
        "Gross Profit": 173,
        "Operating Income": 129,
        "EBIT": 133,
        "Net Income": 65
    },
    "2013-06-30": {
        "Diluted EPS": 2.56,
        "Total Revenue": 169,
        "Gross Profit": 169,
        "Operating Income": 124,
        "EBIT": 127,
        "Net Income": 62
    },
    "2013-03-31": {
        "Diluted EPS": 2.48,
        "Total Revenue": 165,
        "Gross Profit": 165,
        "Operating Income": 120,
        "EBIT": 123,
        "Net Income": 61
    },
    "2012-12-31": {
        "Diluted EPS": 2.36,
        "Total Revenue": 159,
        "Gross Profit": 159,
        "Operating Income": 116,
        "EBIT": 119,
        "Net Income": 60
    },
    "2012-09-30": {
        "Diluted EPS": 2.12,
        "Total Revenue": 156,
        "Gross Profit": 156,
        "Operating Income": 109,
        "EBIT": 112,
        "Net Income": 53
    },
    "2012-06-30": {
        "Diluted EPS": 2.18,
        "Total Revenue": 152,
        "Gross Profit": 152,
        "Operating Income": 114,
        "EBIT": 117,
        "Net Income": 57
    },
    "2012-03-31": {
        "Diluted EPS": 1.92,
        "Total Revenue": 142,
        "Gross Profit": 142,
        "Operating Income": 103,
        "EBIT": 105,
        "Net Income": 50
    },
    "2011-12-31": {
        "Diluted EPS": 1.87,
        "Total Revenue": 138,
        "Gross Profit": 138,
        "Operating Income": 103,
        "EBIT": 105,
        "Net Income": 50
    },
    "2011-09-30": {
        "Diluted EPS": 1.91,
        "Total Revenue": 134,
        "Gross Profit": 134,
        "Operating Income": 102,
        "EBIT": 104,
        "Net Income": 50
    },
    "2011-06-30": {
        "Diluted EPS": 1.72,
        "Total Revenue": 130,
        "Gross Profit": 130,
        "Operating Income": 93,
        "EBIT": 96,
        "Net Income": 45
    },
    "2011-03-31": {
        "Diluted EPS": 1.57,
        "Total Revenue": 124,
        "Gross Profit": 124,
        "Operating Income": 86,
        "EBIT": 89,
        "Net Income": 43
    },
    "2010-12-31": {
        "Diluted EPS": 1.63,
        "Total Revenue": 115,
        "Gross Profit": 115,
        "Operating Income": 87,
        "EBIT": 89,
        "Net Income": 47
    },
    "2010-09-30": {
        "Diluted EPS": 1.48,
        "Total Revenue": 112,
        "Gross Profit": 112,
        "Operating Income": 83,
        "EBIT": 86,
        "Net Income": 42
    },
    "2010-06-30": {
        "Diluted EPS": 1.55,
        "Total Revenue": 112,
        "Gross Profit": 112,
        "Operating Income": 85,
        "EBIT": 88,
        "Net Income": 49
    },
    "2010-03-31": {
        "Diluted EPS": 1.01,
        "Total Revenue": 103,
        "Gross Profit": 103,
        "Operating Income": 69,
        "EBIT": 73,
        "Net Income": 32
    },
    "2009-12-31": {
        "Diluted EPS": 1.25,
        "Total Revenue": 100,
        "Gross Profit": 100,
        "Operating Income": 77,
        "EBIT": 80,
        "Net Income": 40
    },
    "2009-09-30": {
        "Diluted EPS": 1.29,
        "Total Revenue": 100,
        "Gross Profit": 100,
        "Operating Income": 76,
        "EBIT": 80,
        "Net Income": 41
    },
    "2009-06-30": {
        "Diluted EPS": 1.15,
        "Total Revenue": 92,
        "Gross Profit": 92,
        "Operating Income": 69,
        "EBIT": 71,
        "Net Income": 36
    },
    "2009-03-31": {
        "Diluted EPS": 0.93,
        "Total Revenue": 88,
        "Gross Profit": 88,
        "Operating Income": 59,
        "EBIT": 60,
        "Net Income": 29
    },
    "2023-09-30": {
        "Tax Effect Of Unusual Items": NaN,
        "Tax Rate For Calcs": NaN,
        "Normalized EBITDA": NaN,
        "Total Unusual Items": NaN,
        "Total Unusual Items Excluding Goodwill": NaN,
        "Net Income From Continuing Operation Net Minority Interest": NaN,
        "Reconciled Depreciation": NaN,
        "Reconciled Cost Of Revenue": NaN,
        "EBITDA": NaN,
        "EBIT": NaN,
        "Net Interest Income": NaN,
        "Interest Income": NaN,
        "Normalized Income": NaN,
        "Net Income From Continuing And Discontinued Operation": NaN,
        "Total Expenses": NaN,
        "Diluted Average Shares": NaN,
        "Basic Average Shares": NaN,
        "Diluted EPS": NaN,
        "Basic EPS": NaN,
        "Diluted NI Availto Com Stockholders": NaN,
        "Net Income Common Stockholders": NaN,
        "Net Income": NaN,
        "Net Income Including Noncontrolling Interests": NaN,
        "Net Income Continuous Operations": NaN,
        "Tax Provision": NaN,
        "Pretax Income": NaN,
        "Other Income Expense": NaN,
        "Other Non Operating Income Expenses": NaN,
        "Special Income Charges": NaN,
        "Gain On Sale Of Ppe": 0.0,
        "Other Special Charges": NaN,
        "Net Non Operating Interest Income Expense": NaN,
        "Interest Income Non Operating": NaN,
        "Operating Income": NaN,
        "Operating Expense": NaN,
        "Provision For Doubtful Accounts": NaN,
        "Selling General And Administration": NaN,
        "Selling And Marketing Expense": NaN,
        "General And Administrative Expense": NaN,
        "Other Gand A": NaN,
        "Gross Profit": NaN,
        "Cost Of Revenue": NaN,
        "Total Revenue": NaN,
        "Operating Revenue": NaN
    },
    "2023-12-31": {
        "Tax Effect Of Unusual Items": 0.0,
        "Tax Rate For Calcs": 0.195876,
        "Normalized EBITDA": 118700000.0,
        "Total Unusual Items": NaN,
        "Total Unusual Items Excluding Goodwill": NaN,
        "Net Income From Continuing Operation Net Minority Interest": 93600000.0,
        "Reconciled Depreciation": 6700000.0,
        "Reconciled Cost Of Revenue": 161500000.0,
        "EBITDA": 118700000.0,
        "EBIT": 112000000.0,
        "Net Interest Income": 5400000.0,
        "Interest Income": 5400000.0,
        "Normalized Income": 93600000.0,
        "Net Income From Continuing And Discontinued Operation": 93600000.0,
        "Total Expenses": 373400000.0,
        "Diluted Average Shares": 12837181.0,
        "Basic Average Shares": 12775616.0,
        "Diluted EPS": 7.29,
        "Basic EPS": 7.33,
        "Diluted NI Availto Com Stockholders": 93600000.0,
        "Net Income Common Stockholders": 93600000.0,
        "Net Income": 93600000.0,
        "Net Income Including Noncontrolling Interests": 93600000.0,
        "Net Income Continuous Operations": 93600000.0,
        "Tax Provision": 22800000.0,
        "Pretax Income": 116400000.0,
        "Other Income Expense": -1000000.0,
        "Other Non Operating Income Expenses": 800000.0,
        "Special Income Charges": NaN,
        "Gain On Sale Of Ppe": NaN,
        "Net Non Operating Interest Income Expense": 5400000.0,
        "Interest Income Non Operating": 5400000.0,
        "Operating Income": 112000000.0,
        "Operating Expense": 211900000.0,
        "Provision For Doubtful Accounts": 163700000.0,
        "Selling General And Administration": 48200000.0,
        "Selling And Marketing Expense": 20800000.0,
        "General And Administrative Expense": 27400000.0,
        "Other Gand A": 27400000.0,
        "Gross Profit": 323900000.0,
        "Cost Of Revenue": 161500000.0,
        "Total Revenue": 485400000.0,
        "Operating Revenue": 485400000.0
    },
    "2024-03-31": {
        "Tax Effect Of Unusual Items": NaN,
        "Tax Rate For Calcs": NaN,
        "Normalized EBITDA": NaN,
        "Total Unusual Items": NaN,
        "Total Unusual Items Excluding Goodwill": NaN,
        "Net Income From Continuing Operation Net Minority Interest": NaN,
        "Reconciled Depreciation": NaN,
        "Reconciled Cost Of Revenue": NaN,
        "EBITDA": NaN,
        "EBIT": NaN,
        "Net Interest Income": NaN,
        "Interest Income": NaN,
        "Normalized Income": NaN,
        "Net Income From Continuing And Discontinued Operation": NaN,
        "Total Expenses": NaN,
        "Diluted Average Shares": 12646529.0,
        "Basic Average Shares": 12481139.0,
        "Diluted EPS": 5.08,
        "Basic EPS": 5.15,
        "Diluted NI Availto Com Stockholders": NaN,
        "Net Income Common Stockholders": NaN,
        "Net Income": NaN,
        "Net Income Including Noncontrolling Interests": NaN,
        "Net Income Continuous Operations": NaN,
        "Tax Provision": NaN,
        "Pretax Income": NaN,
        "Other Income Expense": NaN,
        "Other Non Operating Income Expenses": NaN,
        "Special Income Charges": NaN,
        "Gain On Sale Of Ppe": NaN,
        "Other Special Charges": NaN,
        "Net Non Operating Interest Income Expense": NaN,
        "Interest Income Non Operating": NaN,
        "Operating Income": NaN,
        "Operating Expense": NaN,
        "Provision For Doubtful Accounts": NaN,
        "Selling General And Administration": NaN,
        "Selling And Marketing Expense": NaN,
        "General And Administrative Expense": NaN,
        "Other Gand A": NaN,
        "Gross Profit": NaN,
        "Cost Of Revenue": NaN,
        "Total Revenue": NaN,
        "Operating Revenue": NaN
    },
    "2024-06-30": {
        "Tax Effect Of Unusual Items": -3514285.714286,
        "Tax Rate For Calcs": 0.148282,
        "Normalized EBITDA": -7900000.0,
        "Total Unusual Items": -23700000.0,
        "Total Unusual Items Excluding Goodwill": -23700000.0,
        "Net Income From Continuing Operation Net Minority Interest": -47100000.0,
        "Reconciled Depreciation": 6900000.0,
        "Reconciled Cost Of Revenue": 200600000.0,
        "EBITDA": -31600000.0,
        "EBIT": -38500000.0,
        "Net Interest Income": 6400000.0,
        "Interest Income": 6400000.0,
        "Normalized Income": -26914285.714286,
        "Net Income From Continuing And Discontinued Operation": -47100000.0,
        "Total Expenses": 569800000.0,
        "Diluted Average Shares": 12282174.0,
        "Basic Average Shares": 12282174.0,
        "Diluted EPS": -3.83,
        "Basic EPS": -3.83,
        "Diluted NI Availto Com Stockholders": -47100000.0,
        "Net Income Common Stockholders": -47100000.0,
        "Net Income": -47100000.0,
        "Net Income Including Noncontrolling Interests": -47100000.0,
        "Net Income Continuous Operations": -47100000.0,
        "Tax Provision": -8200000.0,
        "Pretax Income": -55300000.0,
        "Other Income Expense": -23200000.0,
        "Other Non Operating Income Expenses": 500000.0,
        "Special Income Charges": -23700000.0,
        "Gain On Sale Of Ppe": -23700000.0,
        "Other Special Charges": NaN,
        "Net Non Operating Interest Income Expense": 6400000.0,
        "Interest Income Non Operating": 6400000.0,
        "Operating Income": -38500000.0,
        "Operating Expense": 369200000.0,
        "Provision For Doubtful Accounts": 320600000.0,
        "Selling General And Administration": 48600000.0,
        "Selling And Marketing Expense": 25400000.0,
        "General And Administrative Expense": 23200000.0,
        "Other Gand A": 23200000.0,
        "Gross Profit": 330700000.0,
        "Cost Of Revenue": 200600000.0,
        "Total Revenue": 531300000.0,
        "Operating Revenue": 531300000.0
    },
    "2024-09-30": {
        "Tax Effect Of Unusual Items": 0.0,
        "Tax Rate For Calcs": 0.26,
        "Normalized EBITDA": 106700000.0,
        "Total Unusual Items": 0.0,
        "Total Unusual Items Excluding Goodwill": 0.0,
        "Net Income From Continuing Operation Net Minority Interest": 78800000.0,
        "Reconciled Depreciation": 6900000.0,
        "Reconciled Cost Of Revenue": 207000000.0,
        "EBITDA": 106700000.0,
        "EBIT": 99800000.0,
        "Net Interest Income": 6400000.0,
        "Interest Income": 6400000.0,
        "Normalized Income": 78800000.0,
        "Net Income From Continuing And Discontinued Operation": 78800000.0,
        "Total Expenses": 443800000.0,
        "Diluted Average Shares": 12415143.0,
        "Basic Average Shares": 12274685.0,
        "Diluted EPS": 6.35,
        "Basic EPS": 6.42,
        "Diluted NI Availto Com Stockholders": 78800000.0,
        "Net Income Common Stockholders": 78800000.0,
        "Net Income": 78800000.0,
        "Net Income Including Noncontrolling Interests": 78800000.0,
        "Net Income Continuous Operations": 78800000.0,
        "Tax Provision": 27700000.0,
        "Pretax Income": 106500000.0,
        "Other Income Expense": 300000.0,
        "Other Non Operating Income Expenses": 300000.0,
        "Special Income Charges": 0.0,
        "Gain On Sale Of Ppe": 0.0,
        "Other Special Charges": NaN,
        "Net Non Operating Interest Income Expense": 6400000.0,
        "Interest Income Non Operating": 6400000.0,
        "Operating Income": 99800000.0,
        "Operating Expense": 236800000.0,
        "Provision For Doubtful Accounts": 184700000.0,
        "Selling General And Administration": 52100000.0,
        "Selling And Marketing Expense": 23100000.0,
        "General And Administrative Expense": 29000000.0,
        "Other Gand A": 29000000.0,
        "Gross Profit": 336600000.0,
        "Cost Of Revenue": 207000000.0,
        "Total Revenue": 543600000.0,
        "Operating Revenue": 543600000.0
    },
    "2024-12-31": {
        "Tax Effect Of Unusual Items": 0.0,
        "Tax Rate For Calcs": 0.208442,
        "Normalized EBITDA": 190600000.0,
        "Total Unusual Items": 0.0,
        "Total Unusual Items Excluding Goodwill": 0.0,
        "Net Income From Continuing Operation Net Minority Interest": 151900000.0,
        "Reconciled Depreciation": 6900000.0,
        "Reconciled Cost Of Revenue": 206600000.0,
        "EBITDA": 190600000.0,
        "EBIT": 183700000.0,
        "Net Interest Income": 7600000.0,
        "Interest Income": 7600000.0,
        "Normalized Income": 151900000.0,
        "Net Income From Continuing And Discontinued Operation": 151900000.0,
        "Total Expenses": 374000000.0,
        "Diluted Average Shares": 12388072.0,
        "Basic Average Shares": 12256198.0,
        "Diluted EPS": 12.26,
        "Basic EPS": 12.39,
        "Diluted NI Availto Com Stockholders": 151900000.0,
        "Net Income Common Stockholders": 151900000.0,
        "Net Income": 151900000.0,
        "Net Income Including Noncontrolling Interests": 151900000.0,
        "Net Income Continuous Operations": 151900000.0,
        "Tax Provision": 40000000.0,
        "Pretax Income": 191900000.0,
        "Other Income Expense": 600000.0,
        "Other Non Operating Income Expenses": 600000.0,
        "Special Income Charges": 0.0,
        "Gain On Sale Of Ppe": 0.0,
        "Other Special Charges": NaN,
        "Net Non Operating Interest Income Expense": 7600000.0,
        "Interest Income Non Operating": 7600000.0,
        "Operating Income": 183700000.0,
        "Operating Expense": 167400000.0,
        "Provision For Doubtful Accounts": 123400000.0,
        "Selling General And Administration": 44000000.0,
        "Selling And Marketing Expense": 22000000.0,
        "General And Administrative Expense": 22000000.0,
        "Other Gand A": 22000000.0,
        "Gross Profit": 351100000.0,
        "Cost Of Revenue": 206600000.0,
        "Total Revenue": 557700000.0,
        "Operating Revenue": 557700000.0
    },
    "2025-03-31": {
        "Tax Effect Of Unusual Items": -300000.0,
        "Tax Rate For Calcs": 0.25,
        "Normalized EBITDA": 142200000.0,
        "Total Unusual Items": -1200000.0,
        "Total Unusual Items Excluding Goodwill": -1200000.0,
        "Net Income From Continuing Operation Net Minority Interest": 106300000.0,
        "Reconciled Depreciation": 6900000.0,
        "Reconciled Cost Of Revenue": 219400000.0,
        "EBITDA": 141000000.0,
        "EBIT": 134100000.0,
        "Net Interest Income": 8400000.0,
        "Interest Income": 8400000.0,
        "Normalized Income": 107200000.0,
        "Net Income From Continuing And Discontinued Operation": 106300000.0,
        "Total Expenses": 428200000.0,
        "Diluted Average Shares": 12279446.0,
        "Basic Average Shares": 12091027.0,
        "Diluted EPS": 8.66,
        "Basic EPS": 8.79,
        "Diluted NI Availto Com Stockholders": 106300000.0,
        "Net Income Common Stockholders": 106300000.0,
        "Net Income": 106300000.0,
        "Net Income Including Noncontrolling Interests": 106300000.0,
        "Net Income Continuous Operations": 106300000.0,
        "Tax Provision": 35400000.0,
        "Pretax Income": 141700000.0,
        "Other Income Expense": -800000.0,
        "Other Non Operating Income Expenses": 400000.0,
        "Special Income Charges": -1200000.0,
        "Gain On Sale Of Ppe": NaN,
        "Other Special Charges": 1200000.0,
        "Net Non Operating Interest Income Expense": 8400000.0,
        "Interest Income Non Operating": 8400000.0,
        "Operating Income": 134100000.0,
        "Operating Expense": 208800000.0,
        "Provision For Doubtful Accounts": 161900000.0,
        "Selling General And Administration": 46900000.0,
        "Selling And Marketing Expense": 24800000.0,
        "General And Administrative Expense": 22100000.0,
        "Other Gand A": 22100000.0,
        "Gross Profit": 342900000.0,
        "Cost Of Revenue": 219400000.0,
        "Total Revenue": 562300000.0,
        "Operating Revenue": 562300000.0
    },
    "2025-06-30": {
        "Tax Effect Of Unusual Items": 0.0,
        "Tax Rate For Calcs": 0.258,
        "Normalized EBITDA": 116400000.0,
        "Total Unusual Items": 0.0,
        "Total Unusual Items Excluding Goodwill": 0.0,
        "Net Income From Continuing Operation Net Minority Interest": 87400000.0,
        "Reconciled Depreciation": 6800000.0,
        "Reconciled Cost Of Revenue": 221600000.0,
        "EBITDA": 116400000.0,
        "EBIT": 109600000.0,
        "Net Interest Income": 7800000.0,
        "Interest Income": 7800000.0,
        "Normalized Income": 87400000.0,
        "Net Income From Continuing And Discontinued Operation": 87400000.0,
        "Total Expenses": 466000000.0,
        "Diluted Average Shares": 11771525.0,
        "Basic Average Shares": 11574018.0,
        "Diluted EPS": 7.42,
        "Basic EPS": 7.55,
        "Diluted NI Availto Com Stockholders": 87400000.0,
        "Net Income Common Stockholders": 87400000.0,
        "Net Income": 87400000.0,
        "Net Income Including Noncontrolling Interests": 87400000.0,
        "Net Income Continuous Operations": 87400000.0,
        "Tax Provision": 30400000.0,
        "Pretax Income": 117800000.0,
        "Other Income Expense": 400000.0,
        "Other Non Operating Income Expenses": 400000.0,
        "Special Income Charges": 0.0,
        "Gain On Sale Of Ppe": 0.0,
        "Other Special Charges": NaN,
        "Net Non Operating Interest Income Expense": 7800000.0,
        "Interest Income Non Operating": 7800000.0,
        "Operating Income": 109600000.0,
        "Operating Expense": 244400000.0,
        "Provision For Doubtful Accounts": 172600000.0,
        "Selling General And Administration": 71800000.0,
        "Selling And Marketing Expense": 26600000.0,
        "General And Administrative Expense": 45200000.0,
        "Other Gand A": 45200000.0,
        "Gross Profit": 354000000.0,
        "Cost Of Revenue": 221600000.0,
        "Total Revenue": 575600000.0,
        "Operating Revenue": 575600000.0
    }
}