{
    "2023-03-31": {
        "Tax Effect Of Unusual Items": NaN,
        "Tax Rate For Calcs": NaN,
        "Total Unusual Items": NaN,
        "Total Unusual Items Excluding Goodwill": NaN,
        "Net Income From Continuing Operation Net Minority Interest": NaN,
        "Reconciled Depreciation": NaN,
        "Net Interest Income": NaN,
        "Interest Expense": NaN,
        "Interest Income": NaN,
        "Normalized Income": NaN,
        "Net Income From Continuing And Discontinued Operation": NaN,
        "Diluted Average Shares": 183909000.0,
        "Basic Average Shares": 182460000.0,
        "Diluted EPS": 0.4,
        "Basic EPS": 0.41,
        "Diluted NI Availto Com Stockholders": NaN,
        "Net Income Common Stockholders": NaN,
        "Preferred Stock Dividends": NaN,
        "Net Income": NaN,
        "Net Income Including Noncontrolling Interests": NaN,
        "Net Income Discontinuous Operations": 3622000.0,
        "Net Income Continuous Operations": NaN,
        "Tax Provision": NaN,
        "Pretax Income": NaN,
        "Special Income Charges": NaN,
        "Other Special Charges": NaN,
        "Restructuring And Mergern Acquisition": NaN,
        "Gain On Sale Of Security": NaN,
        "Depreciation Amortization Depletion Income Statement": NaN,
        "Depreciation And Amortization In Income Statement": NaN,
        "Amortization": NaN,
        "Amortization Of Intangibles Income Statement": NaN,
        "Selling General And Administration": NaN,
        "Selling And Marketing Expense": NaN,
        "General And Administrative Expense": NaN,
        "Insurance And Claims": NaN,
        "Salaries And Wages": NaN,
        "Total Revenue": NaN,
        "Operating Revenue": NaN,
        "Occupancy And Equipment": NaN,
        "Professional Expense And Contract Services Expense": NaN,
        "Other Non Interest Expense": NaN
    },
    "2022-12-31": {
        "Tax Effect Of Unusual Items": NaN,
        "Tax Rate For Calcs": NaN,
        "Total Unusual Items": NaN,
        "Total Unusual Items Excluding Goodwill": NaN,
        "Net Income From Continuing Operation Net Minority Interest": NaN,
        "Reconciled Depreciation": NaN,
        "Net Interest Income": NaN,
        "Interest Expense": NaN,
        "Interest Income": NaN,
        "Normalized Income": NaN,
        "Net Income From Continuing And Discontinued Operation": NaN,
        "Diluted Average Shares": NaN,
        "Basic Average Shares": NaN,
        "Diluted EPS": NaN,
        "Basic EPS": NaN,
        "Diluted NI Availto Com Stockholders": NaN,
        "Net Income Common Stockholders": NaN,
        "Preferred Stock Dividends": NaN,
        "Net Income": NaN,
        "Net Income Including Noncontrolling Interests": NaN,
        "Net Income Discontinuous Operations": NaN,
        "Net Income Continuous Operations": NaN,
        "Tax Provision": NaN,
        "Pretax Income": NaN,
        "Special Income Charges": NaN,
        "Other Special Charges": 6127000.0,
        "Restructuring And Mergern Acquisition": NaN,
        "Gain On Sale Of Security": NaN,
        "Depreciation Amortization Depletion Income Statement": NaN,
        "Depreciation And Amortization In Income Statement": NaN,
        "Amortization": NaN,
        "Amortization Of Intangibles Income Statement": NaN,
        "Selling General And Administration": NaN,
        "Selling And Marketing Expense": NaN,
        "General And Administrative Expense": NaN,
        "Insurance And Claims": NaN,
        "Salaries And Wages": NaN,
        "Total Revenue": NaN,
        "Operating Revenue": NaN,
        "Occupancy And Equipment": NaN,
        "Professional Expense And Contract Services Expense": NaN,
        "Other Non Interest Expense": NaN
    },
    "2022-09-30": {
        "Tax Effect Of Unusual Items": NaN,
        "Tax Rate For Calcs": NaN,
        "Total Unusual Items": NaN,
        "Total Unusual Items Excluding Goodwill": NaN,
        "Net Income From Continuing Operation Net Minority Interest": NaN,
        "Reconciled Depreciation": NaN,
        "Net Interest Income": NaN,
        "Interest Expense": NaN,
        "Interest Income": NaN,
        "Normalized Income": NaN,
        "Net Income From Continuing And Discontinued Operation": NaN,
        "Diluted Average Shares": 183314000.0,
        "Basic Average Shares": 182445000.0,
        "Diluted EPS": 0.66,
        "Basic EPS": 0.66,
        "Diluted NI Availto Com Stockholders": NaN,
        "Net Income Common Stockholders": NaN,
        "Preferred Stock Dividends": NaN,
        "Net Income": NaN,
        "Net Income Including Noncontrolling Interests": NaN,
        "Net Income Discontinuous Operations": NaN,
        "Net Income Continuous Operations": NaN,
        "Tax Provision": NaN,
        "Pretax Income": NaN,
        "Special Income Charges": NaN,
        "Other Special Charges": 2896000.0,
        "Restructuring And Mergern Acquisition": NaN,
        "Gain On Sale Of Security": NaN,
        "Depreciation Amortization Depletion Income Statement": NaN,
        "Depreciation And Amortization In Income Statement": NaN,
        "Amortization": NaN,
        "Amortization Of Intangibles Income Statement": NaN,
        "Selling General And Administration": NaN,
        "Selling And Marketing Expense": NaN,
        "General And Administrative Expense": NaN,
        "Other Gand A": 28079000.0,
        "Insurance And Claims": NaN,
        "Salaries And Wages": NaN,
        "Total Revenue": NaN,
        "Operating Revenue": NaN
    },
    "2022-06-30": {
        "Tax Effect Of Unusual Items": -1614828.0,
        "Tax Rate For Calcs": 0.222,
        "Total Unusual Items": -7274000.0,
        "Total Unusual Items Excluding Goodwill": -7274000.0,
        "Net Income From Continuing Operation Net Minority Interest": 126958000.0,
        "Reconciled Depreciation": 56091000.0,
        "Net Interest Income": 324766000.0,
        "Interest Expense": 24789000.0,
        "Interest Income": 349555000.0,
        "Normalized Income": 132617172.0,
        "Net Income From Continuing And Discontinued Operation": 126958000.0,
        "Diluted Average Shares": 183711000.0,
        "Basic Average Shares": 183067000.0,
        "Diluted EPS": 0.68,
        "Basic EPS": 0.68,
        "Diluted NI Availto Com Stockholders": 124586000.0,
        "Net Income Common Stockholders": 124586000.0,
        "Preferred Stock Dividends": 2372000.0,
        "Net Income": 126958000.0,
        "Net Income Including Noncontrolling Interests": 126958000.0,
        "Net Income Continuous Operations": 126958000.0,
        "Tax Provision": 36154000.0,
        "Pretax Income": 163112000.0,
        "Special Income Charges": -7274000.0,
        "Other Special Charges": NaN,
        "Restructuring And Mergern Acquisition": 7274000.0,
        "Gain On Sale Of Security": 1446000.0,
        "Depreciation Amortization Depletion Income Statement": 3042000.0,
        "Depreciation And Amortization In Income Statement": 3042000.0,
        "Amortization": 3042000.0,
        "Amortization Of Intangibles Income Statement": 3042000.0,
        "Selling General And Administration": 224543000.0,
        "Selling And Marketing Expense": 4417000.0,
        "General And Administrative Expense": 220126000.0,
        "Other Gand A": 33087000.0,
        "Insurance And Claims": 4945000.0,
        "Salaries And Wages": 182094000.0,
        "Total Revenue": 450000000.0,
        "Operating Revenue": 450000000.0
    },
    "2023-06-30": {
        "Tax Effect Of Unusual Items": NaN,
        "Tax Rate For Calcs": NaN,
        "Total Unusual Items": NaN,
        "Total Unusual Items Excluding Goodwill": NaN,
        "Net Income From Continuing Operation Net Minority Interest": NaN,
        "Reconciled Depreciation": NaN,
        "Net Interest Income": NaN,
        "Interest Expense": NaN,
        "Interest Income": NaN,
        "Normalized Income": NaN,
        "Net Income From Continuing And Discontinued Operation": NaN,
        "Diluted Average Shares": 183632000.0,
        "Basic Average Shares": 182668000.0,
        "Diluted EPS": 0.61,
        "Basic EPS": 0.61,
        "Diluted NI Availto Com Stockholders": NaN,
        "Net Income Common Stockholders": NaN,
        "Preferred Stock Dividends": NaN,
        "Net Income": NaN,
        "Net Income Including Noncontrolling Interests": NaN,
        "Net Income Discontinuous Operations": 6766000.0,
        "Net Income Continuous Operations": NaN,
        "Tax Provision": NaN,
        "Pretax Income": NaN,
        "Special Income Charges": NaN,
        "Other Special Charges": NaN,
        "Restructuring And Mergern Acquisition": NaN,
        "Gain On Sale Of Security": NaN,
        "Depreciation Amortization Depletion Income Statement": NaN,
        "Depreciation And Amortization In Income Statement": NaN,
        "Amortization": NaN,
        "Amortization Of Intangibles Income Statement": NaN,
        "Selling General And Administration": NaN,
        "Selling And Marketing Expense": NaN,
        "General And Administrative Expense": NaN,
        "Insurance And Claims": NaN,
        "Salaries And Wages": NaN,
        "Total Revenue": NaN,
        "Operating Revenue": NaN,
        "Occupancy And Equipment": NaN,
        "Professional Expense And Contract Services Expense": NaN,
        "Other Non Interest Expense": NaN
    },
    "2022-03-31": {
        "Diluted EPS": 0.6,
        "Total Revenue": 460,
        "Gross Profit": 440,
        "Operating Income": 153,
        "EBIT": NaN,
        "Net Income": 113
    },
    "2021-12-31": {
        "Diluted EPS": -0.57,
        "Total Revenue": 394,
        "Gross Profit": 375,
        "Operating Income": 10,
        "EBIT": NaN,
        "Net Income": -37
    },
    "2021-09-30": {
        "Diluted EPS": 0.65,
        "Total Revenue": 284,
        "Gross Profit": 266,
        "Operating Income": 97,
        "EBIT": NaN,
        "Net Income": 70
    },
    "2021-06-30": {
        "Diluted EPS": 0.69,
        "Total Revenue": 301,
        "Gross Profit": 282,
        "Operating Income": 107,
        "EBIT": NaN,
        "Net Income": 73
    },
    "2021-03-31": {
        "Diluted EPS": 0.77,
        "Total Revenue": 281,
        "Gross Profit": 261,
        "Operating Income": 107,
        "EBIT": NaN,
        "Net Income": 79
    },
    "2020-12-31": {
        "Diluted EPS": 0.64,
        "Total Revenue": 278,
        "Gross Profit": 256,
        "Operating Income": 94,
        "EBIT": NaN,
        "Net Income": 66
    },
    "2020-09-30": {
        "Diluted EPS": 0.7,
        "Total Revenue": 291,
        "Gross Profit": 266,
        "Operating Income": 95,
        "EBIT": NaN,
        "Net Income": 71
    },
    "2020-06-30": {
        "Diluted EPS": 0.57,
        "Total Revenue": 289,
        "Gross Profit": 262,
        "Operating Income": 79,
        "EBIT": NaN,
        "Net Income": 59
    },
    "2020-03-31": {
        "Diluted EPS": 0.21,
        "Total Revenue": 279,
        "Gross Profit": 244,
        "Operating Income": 30,
        "EBIT": NaN,
        "Net Income": 22
    },
    "2019-12-31": {
        "Diluted EPS": 0.62,
        "Total Revenue": 279,
        "Gross Profit": 245,
        "Operating Income": 97,
        "EBIT": NaN,
        "Net Income": 66
    },
    "2019-09-30": {
        "Diluted EPS": 0.63,
        "Total Revenue": 274,
        "Gross Profit": 242,
        "Operating Income": 82,
        "EBIT": NaN,
        "Net Income": 64
    },
    "2019-06-30": {
        "Diluted EPS": 0.53,
        "Total Revenue": 257,
        "Gross Profit": 226,
        "Operating Income": 68,
        "EBIT": NaN,
        "Net Income": 53
    },
    "2019-03-31": {
        "Diluted EPS": 0.52,
        "Total Revenue": 245,
        "Gross Profit": 217,
        "Operating Income": 66,
        "EBIT": NaN,
        "Net Income": 52
    },
    "2018-12-31": {
        "Diluted EPS": 0.47,
        "Total Revenue": 238,
        "Gross Profit": 212,
        "Operating Income": 59,
        "EBIT": NaN,
        "Net Income": 47
    },
    "2018-09-30": {
        "Diluted EPS": 0.67,
        "Total Revenue": 235,
        "Gross Profit": 214,
        "Operating Income": 71,
        "EBIT": NaN,
        "Net Income": 67
    },
    "2018-06-30": {
        "Diluted EPS": 0.55,
        "Total Revenue": 232,
        "Gross Profit": 215,
        "Operating Income": 67,
        "EBIT": NaN,
        "Net Income": 54
    },
    "2018-03-31": {
        "Diluted EPS": 0.54,
        "Total Revenue": 231,
        "Gross Profit": 217,
        "Operating Income": 68,
        "EBIT": NaN,
        "Net Income": 53
    },
    "2017-12-31": {
        "Diluted EPS": 0.42,
        "Total Revenue": 195,
        "Gross Profit": 184,
        "Operating Income": 53,
        "EBIT": NaN,
        "Net Income": 38
    },
    "2017-09-30": {
        "Diluted EPS": 0.43,
        "Total Revenue": 197,
        "Gross Profit": 187,
        "Operating Income": 59,
        "EBIT": NaN,
        "Net Income": 40
    },
    "2017-06-30": {
        "Diluted EPS": 0.41,
        "Total Revenue": 195,
        "Gross Profit": 186,
        "Operating Income": 57,
        "EBIT": NaN,
        "Net Income": 38
    },
    "2017-03-31": {
        "Diluted EPS": 0.41,
        "Total Revenue": 194,
        "Gross Profit": 185,
        "Operating Income": 57,
        "EBIT": NaN,
        "Net Income": 38
    },
    "2016-12-31": {
        "Diluted EPS": 0.4,
        "Total Revenue": 195,
        "Gross Profit": 187,
        "Operating Income": 50,
        "EBIT": NaN,
        "Net Income": 38
    },
    "2016-09-30": {
        "Diluted EPS": 0.4,
        "Total Revenue": 192,
        "Gross Profit": 184,
        "Operating Income": 56,
        "EBIT": NaN,
        "Net Income": 38
    },
    "2016-06-30": {
        "Diluted EPS": 0.37,
        "Total Revenue": 188,
        "Gross Profit": 181,
        "Operating Income": 51,
        "EBIT": NaN,
        "Net Income": 35
    },
    "2016-03-31": {
        "Diluted EPS": 0.24,
        "Total Revenue": 183,
        "Gross Profit": 176,
        "Operating Income": 33,
        "EBIT": NaN,
        "Net Income": 23
    },
    "2015-12-31": {
        "Diluted EPS": 0.23,
        "Total Revenue": 182,
        "Gross Profit": 175,
        "Operating Income": 28,
        "EBIT": NaN,
        "Net Income": 21
    },
    "2015-09-30": {
        "Diluted EPS": 0.36,
        "Total Revenue": 181,
        "Gross Profit": 174,
        "Operating Income": 51,
        "EBIT": NaN,
        "Net Income": 34
    },
    "2015-06-30": {
        "Diluted EPS": 0.41,
        "Total Revenue": 189,
        "Gross Profit": 182,
        "Operating Income": 58,
        "EBIT": NaN,
        "Net Income": 40
    },
    "2015-03-31": {
        "Diluted EPS": 0.33,
        "Total Revenue": 187,
        "Gross Profit": 179,
        "Operating Income": 47,
        "EBIT": NaN,
        "Net Income": 32
    },
    "2014-12-31": {
        "Diluted EPS": 0.29,
        "Total Revenue": 178,
        "Gross Profit": 170,
        "Operating Income": 48,
        "EBIT": NaN,
        "Net Income": 29
    },
    "2014-09-30": {
        "Diluted EPS": 0.3,
        "Total Revenue": 183,
        "Gross Profit": 175,
        "Operating Income": 41,
        "EBIT": NaN,
        "Net Income": 29
    },
    "2014-06-30": {
        "Diluted EPS": 0.32,
        "Total Revenue": 181,
        "Gross Profit": 173,
        "Operating Income": 45,
        "EBIT": NaN,
        "Net Income": 31
    },
    "2014-03-31": {
        "Diluted EPS": 0.3,
        "Total Revenue": 177,
        "Gross Profit": 168,
        "Operating Income": 41,
        "EBIT": NaN,
        "Net Income": 28
    },
    "2013-12-31": {
        "Diluted EPS": 0.29,
        "Total Revenue": 178,
        "Gross Profit": 168,
        "Operating Income": 40,
        "EBIT": NaN,
        "Net Income": 28
    },
    "2013-09-30": {
        "Diluted EPS": 0.26,
        "Total Revenue": 174,
        "Gross Profit": 163,
        "Operating Income": 36,
        "EBIT": NaN,
        "Net Income": 25
    },
    "2013-06-30": {
        "Diluted EPS": 0.22,
        "Total Revenue": 188,
        "Gross Profit": 174,
        "Operating Income": 29,
        "EBIT": NaN,
        "Net Income": 21
    },
    "2013-03-31": {
        "Diluted EPS": 0.22,
        "Total Revenue": 184,
        "Gross Profit": 169,
        "Operating Income": 30,
        "EBIT": NaN,
        "Net Income": 21
    },
    "2012-12-31": {
        "Diluted EPS": 0.18,
        "Total Revenue": 188,
        "Gross Profit": 172,
        "Operating Income": 39,
        "EBIT": NaN,
        "Net Income": 17
    },
    "2012-09-30": {
        "Diluted EPS": 0.25,
        "Total Revenue": 191,
        "Gross Profit": 174,
        "Operating Income": 34,
        "EBIT": NaN,
        "Net Income": 24
    },
    "2012-06-30": {
        "Diluted EPS": 0.22,
        "Total Revenue": 190,
        "Gross Profit": 171,
        "Operating Income": 29,
        "EBIT": NaN,
        "Net Income": 21
    },
    "2012-03-31": {
        "Diluted EPS": 0.25,
        "Total Revenue": 198,
        "Gross Profit": 178,
        "Operating Income": 32,
        "EBIT": NaN,
        "Net Income": 23
    },
    "2011-12-31": {
        "Diluted EPS": 0.17,
        "Total Revenue": 195,
        "Gross Profit": 173,
        "Operating Income": 2,
        "EBIT": NaN,
        "Net Income": 13
    },
    "2011-09-30": {
        "Diluted EPS": 0.14,
        "Total Revenue": 194,
        "Gross Profit": 170,
        "Operating Income": 14,
        "EBIT": NaN,
        "Net Income": 12
    },
    "2011-06-30": {
        "Diluted EPS": 0.15,
        "Total Revenue": 212,
        "Gross Profit": 185,
        "Operating Income": 16,
        "EBIT": NaN,
        "Net Income": 13
    },
    "2011-03-31": {
        "Diluted EPS": -0.01,
        "Total Revenue": 207,
        "Gross Profit": 178,
        "Operating Income": -6,
        "EBIT": NaN,
        "Net Income": 0
    },
    "2010-12-31": {
        "Diluted EPS": 0.19,
        "Total Revenue": 217,
        "Gross Profit": 184,
        "Operating Income": 17,
        "EBIT": NaN,
        "Net Income": 16
    },
    "2010-09-30": {
        "Diluted EPS": 0.13,
        "Total Revenue": 215,
        "Gross Profit": 179,
        "Operating Income": 1,
        "EBIT": NaN,
        "Net Income": 11
    },
    "2010-06-30": {
        "Diluted EPS": -0.15,
        "Total Revenue": 203,
        "Gross Profit": 166,
        "Operating Income": -16,
        "EBIT": NaN,
        "Net Income": -13
    },
    "2010-03-31": {
        "Diluted EPS": 0.1,
        "Total Revenue": 212,
        "Gross Profit": 175,
        "Operating Income": 11,
        "EBIT": NaN,
        "Net Income": 8
    },
    "2009-12-31": {
        "Diluted EPS": -0.03,
        "Total Revenue": 217,
        "Gross Profit": 177,
        "Operating Income": -9,
        "EBIT": NaN,
        "Net Income": -2
    },
    "2009-09-30": {
        "Diluted EPS": 0.26,
        "Total Revenue": 216,
        "Gross Profit": 174,
        "Operating Income": 29,
        "EBIT": NaN,
        "Net Income": 22
    },
    "2009-06-30": {
        "Diluted EPS": 0.41,
        "Total Revenue": 235,
        "Gross Profit": 191,
        "Operating Income": 50,
        "EBIT": NaN,
        "Net Income": 34
    },
    "2009-03-31": {
        "Diluted EPS": 0.35,
        "Total Revenue": 223,
        "Gross Profit": 178,
        "Operating Income": 43,
        "EBIT": NaN,
        "Net Income": 29
    },
    "2023-09-30": {
        "Tax Effect Of Unusual Items": NaN,
        "Tax Rate For Calcs": NaN,
        "Total Unusual Items": NaN,
        "Total Unusual Items Excluding Goodwill": NaN,
        "Net Income From Continuing Operation Net Minority Interest": NaN,
        "Reconciled Depreciation": NaN,
        "Net Interest Income": NaN,
        "Interest Expense": NaN,
        "Interest Income": NaN,
        "Normalized Income": NaN,
        "Net Income From Continuing And Discontinued Operation": NaN,
        "Diluted Average Shares": 184645000.0,
        "Basic Average Shares": 182617000.0,
        "Diluted EPS": 0.49,
        "Basic EPS": 0.49,
        "Diluted NI Availto Com Stockholders": NaN,
        "Net Income Common Stockholders": NaN,
        "Preferred Stock Dividends": NaN,
        "Net Income": NaN,
        "Net Income Including Noncontrolling Interests": NaN,
        "Net Income Discontinuous Operations": 5431000.0,
        "Net Income Continuous Operations": NaN,
        "Tax Provision": NaN,
        "Pretax Income": NaN,
        "Special Income Charges": NaN,
        "Other Special Charges": 600000.0,
        "Restructuring And Mergern Acquisition": NaN,
        "Gain On Sale Of Security": NaN,
        "Depreciation Amortization Depletion Income Statement": NaN,
        "Depreciation And Amortization In Income Statement": NaN,
        "Amortization": NaN,
        "Amortization Of Intangibles Income Statement": NaN,
        "Selling General And Administration": NaN,
        "Selling And Marketing Expense": NaN,
        "General And Administrative Expense": NaN,
        "Insurance And Claims": NaN,
        "Salaries And Wages": NaN,
        "Total Revenue": NaN,
        "Operating Revenue": NaN,
        "Occupancy And Equipment": NaN,
        "Professional Expense And Contract Services Expense": NaN,
        "Other Non Interest Expense": NaN
    },
    "2023-12-31": {
        "Tax Effect Of Unusual Items": NaN,
        "Tax Rate For Calcs": NaN,
        "Total Unusual Items": NaN,
        "Total Unusual Items Excluding Goodwill": NaN,
        "Net Income From Continuing Operation Net Minority Interest": NaN,
        "Reconciled Depreciation": NaN,
        "Net Interest Income": NaN,
        "Interest Expense": NaN,
        "Interest Income": NaN,
        "Normalized Income": NaN,
        "Net Income From Continuing And Discontinued Operation": NaN,
        "Diluted Average Shares": NaN,
        "Basic Average Shares": NaN,
        "Diluted EPS": NaN,
        "Basic EPS": NaN,
        "Diluted NI Availto Com Stockholders": NaN,
        "Net Income Common Stockholders": NaN,
        "Preferred Stock Dividends": NaN,
        "Net Income": NaN,
        "Net Income Including Noncontrolling Interests": NaN,
        "Net Income Discontinuous Operations": NaN,
        "Net Income Continuous Operations": NaN,
        "Tax Provision": NaN,
        "Pretax Income": NaN,
        "Special Income Charges": NaN,
        "Other Special Charges": 11226000.0,
        "Restructuring And Mergern Acquisition": NaN,
        "Gain On Sale Of Security": NaN,
        "Depreciation Amortization Depletion Income Statement": NaN,
        "Depreciation And Amortization In Income Statement": NaN,
        "Amortization": NaN,
        "Amortization Of Intangibles Income Statement": NaN,
        "Selling General And Administration": NaN,
        "Selling And Marketing Expense": NaN,
        "General And Administrative Expense": NaN,
        "Insurance And Claims": NaN,
        "Salaries And Wages": NaN,
        "Total Revenue": NaN,
        "Operating Revenue": NaN,
        "Occupancy And Equipment": NaN,
        "Professional Expense And Contract Services Expense": NaN,
        "Other Non Interest Expense": NaN
    },
    "2024-03-31": {
        "Tax Effect Of Unusual Items": 0.0,
        "Tax Rate For Calcs": 0.233,
        "Total Unusual Items": 0.0,
        "Total Unusual Items Excluding Goodwill": 0.0,
        "Net Income From Continuing Operation Net Minority Interest": 116978000.0,
        "Reconciled Depreciation": 56554000.0,
        "Net Interest Income": 353908000.0,
        "Interest Expense": 283205000.0,
        "Interest Income": 637113000.0,
        "Normalized Income": 116978000.0,
        "Net Income From Continuing And Discontinued Operation": 116978000.0,
        "Diluted Average Shares": 185574000.0,
        "Basic Average Shares": 182572000.0,
        "Diluted EPS": 0.62,
        "Basic EPS": 0.63,
        "Diluted NI Availto Com Stockholders": 114606000.0,
        "Net Income Common Stockholders": 114606000.0,
        "Preferred Stock Dividends": 2372000.0,
        "Net Income": 116978000.0,
        "Net Income Including Noncontrolling Interests": 116978000.0,
        "Net Income Discontinuous Operations": 0.0,
        "Net Income Continuous Operations": 116978000.0,
        "Tax Provision": 35509000.0,
        "Pretax Income": 152487000.0,
        "Special Income Charges": 0.0,
        "Other Special Charges": NaN,
        "Restructuring And Mergern Acquisition": 0.0,
        "Gain On Sale Of Security": -9000.0,
        "Depreciation Amortization Depletion Income Statement": 4066000.0,
        "Depreciation And Amortization In Income Statement": 4066000.0,
        "Amortization": 4066000.0,
        "Amortization Of Intangibles Income Statement": 4066000.0,
        "Selling General And Administration": 169288000.0,
        "Selling And Marketing Expense": 4224000.0,
        "General And Administrative Expense": 165064000.0,
        "Insurance And Claims": 8414000.0,
        "Salaries And Wages": 156650000.0,
        "Total Revenue": 437694000.0,
        "Operating Revenue": 437694000.0,
        "Occupancy And Equipment": 28640000.0,
        "Professional Expense And Contract Services Expense": 7617000.0,
        "Other Non Interest Expense": 53596000.0
    },
    "2024-06-30": {
        "Tax Effect Of Unusual Items": 0.0,
        "Tax Rate For Calcs": 0.229,
        "Total Unusual Items": 0.0,
        "Total Unusual Items Excluding Goodwill": 0.0,
        "Net Income From Continuing Operation Net Minority Interest": 137472000.0,
        "Reconciled Depreciation": 51750000.0,
        "Net Interest Income": 356318000.0,
        "Interest Expense": 285892000.0,
        "Interest Income": 642210000.0,
        "Normalized Income": 137472000.0,
        "Net Income From Continuing And Discontinued Operation": 137472000.0,
        "Diluted Average Shares": 185261000.0,
        "Basic Average Shares": 182647000.0,
        "Diluted EPS": 0.73,
        "Basic EPS": 0.74,
        "Diluted NI Availto Com Stockholders": 135100000.0,
        "Net Income Common Stockholders": 135100000.0,
        "Preferred Stock Dividends": 2372000.0,
        "Net Income": 137472000.0,
        "Net Income Including Noncontrolling Interests": 137472000.0,
        "Net Income Discontinuous Operations": 0.0,
        "Net Income Continuous Operations": 137472000.0,
        "Tax Provision": 40807000.0,
        "Pretax Income": 178279000.0,
        "Special Income Charges": 0.0,
        "Other Special Charges": NaN,
        "Restructuring And Mergern Acquisition": 0.0,
        "Gain On Sale Of Security": -4000.0,
        "Depreciation Amortization Depletion Income Statement": 3999000.0,
        "Depreciation And Amortization In Income Statement": 3999000.0,
        "Amortization": 3999000.0,
        "Amortization Of Intangibles Income Statement": 3999000.0,
        "Selling General And Administration": 170316000.0,
        "Selling And Marketing Expense": 6537000.0,
        "General And Administrative Expense": 163779000.0,
        "Insurance And Claims": 15741000.0,
        "Salaries And Wages": 148038000.0,
        "Total Revenue": 456976000.0,
        "Operating Revenue": 456976000.0,
        "Occupancy And Equipment": 29367000.0,
        "Professional Expense And Contract Services Expense": 4292000.0,
        "Other Non Interest Expense": 48723000.0
    },
    "2024-09-30": {
        "Tax Effect Of Unusual Items": 0.0,
        "Tax Rate For Calcs": 0.224,
        "Total Unusual Items": 0.0,
        "Total Unusual Items Excluding Goodwill": 0.0,
        "Net Income From Continuing Operation Net Minority Interest": 136439000.0,
        "Reconciled Depreciation": 48876000.0,
        "Net Interest Income": 361458000.0,
        "Interest Expense": 286255000.0,
        "Interest Income": 647713000.0,
        "Normalized Income": 136439000.0,
        "Net Income From Continuing And Discontinued Operation": 136439000.0,
        "Diluted Average Shares": 185496000.0,
        "Basic Average Shares": 182390000.0,
        "Diluted EPS": 0.72,
        "Basic EPS": 0.74,
        "Diluted NI Availto Com Stockholders": 134067000.0,
        "Net Income Common Stockholders": 134067000.0,
        "Preferred Stock Dividends": 2372000.0,
        "Net Income": 136439000.0,
        "Net Income Including Noncontrolling Interests": 136439000.0,
        "Net Income Discontinuous Operations": 0.0,
        "Net Income Continuous Operations": 136439000.0,
        "Tax Provision": 39482000.0,
        "Pretax Income": 175921000.0,
        "Special Income Charges": 0.0,
        "Other Special Charges": NaN,
        "Restructuring And Mergern Acquisition": 0.0,
        "Gain On Sale Of Security": -2947000.0,
        "Depreciation Amortization Depletion Income Statement": 3933000.0,
        "Depreciation And Amortization In Income Statement": 3933000.0,
        "Amortization": 3933000.0,
        "Amortization Of Intangibles Income Statement": 3933000.0,
        "Selling General And Administration": 165199000.0,
        "Selling And Marketing Expense": 5481000.0,
        "General And Administrative Expense": 159718000.0,
        "Insurance And Claims": 7481000.0,
        "Salaries And Wages": 152237000.0,
        "Total Revenue": 447359000.0,
        "Operating Revenue": 447359000.0,
        "Occupancy And Equipment": 28894000.0,
        "Professional Expense And Contract Services Expense": 7779000.0,
        "Other Non Interest Expense": 53633000.0
    },
    "2024-12-31": {
        "Tax Effect Of Unusual Items": 0.0,
        "Tax Rate For Calcs": 0.217071,
        "Total Unusual Items": 0.0,
        "Total Unusual Items Excluding Goodwill": 0.0,
        "Net Income From Continuing Operation Net Minority Interest": 132715000.0,
        "Reconciled Depreciation": 45386000.0,
        "Net Interest Income": 364531000.0,
        "Interest Expense": 255790000.0,
        "Interest Income": 620321000.0,
        "Normalized Income": 132715000.0,
        "Net Income From Continuing And Discontinued Operation": 132715000.0,
        "Diluted Average Shares": NaN,
        "Basic Average Shares": NaN,
        "Diluted EPS": NaN,
        "Basic EPS": NaN,
        "Diluted NI Availto Com Stockholders": 130343000.0,
        "Net Income Common Stockholders": 130343000.0,
        "Preferred Stock Dividends": 2372000.0,
        "Net Income": 132715000.0,
        "Net Income Including Noncontrolling Interests": 132715000.0,
        "Net Income Discontinuous Operations": 0.0,
        "Net Income Continuous Operations": 132715000.0,
        "Tax Provision": 36796000.0,
        "Pretax Income": 169511000.0,
        "Special Income Charges": 0.0,
        "Other Special Charges": NaN,
        "Restructuring And Mergern Acquisition": 0.0,
        "Gain On Sale Of Security": -2000.0,
        "Depreciation Amortization Depletion Income Statement": 3904000.0,
        "Depreciation And Amortization In Income Statement": 3904000.0,
        "Amortization": 3904000.0,
        "Amortization Of Intangibles Income Statement": 3904000.0,
        "Selling General And Administration": 166537000.0,
        "Selling And Marketing Expense": 5871000.0,
        "General And Administrative Expense": 160666000.0,
        "Insurance And Claims": 8285000.0,
        "Salaries And Wages": 152381000.0,
        "Total Revenue": 450696000.0,
        "Operating Revenue": 450696000.0,
        "Occupancy And Equipment": 27274000.0,
        "Professional Expense And Contract Services Expense": 8715000.0,
        "Other Non Interest Expense": 59755000.0
    },
    "2025-06-30": {
        "Tax Effect Of Unusual Items": -477201.0,
        "Tax Rate For Calcs": 0.219,
        "Total Unusual Items": -2179000.0,
        "Total Unusual Items Excluding Goodwill": -2179000.0,
        "Net Income From Continuing Operation Net Minority Interest": 134645000.0,
        "Reconciled Depreciation": 4046000.0,
        "Net Interest Income": 378140000.0,
        "Interest Expense": 257459000.0,
        "Interest Income": 635599000.0,
        "Normalized Income": 136346799.0,
        "Net Income From Continuing And Discontinued Operation": 134645000.0,
        "Diluted Average Shares": 187643000.0,
        "Basic Average Shares": 185575000.0,
        "Diluted EPS": 0.69,
        "Basic EPS": 0.7,
        "Diluted NI Availto Com Stockholders": 129901000.0,
        "Net Income Common Stockholders": 129901000.0,
        "Preferred Stock Dividends": 4744000.0,
        "Net Income": 134645000.0,
        "Net Income Including Noncontrolling Interests": 134645000.0,
        "Net Income Discontinuous Operations": NaN,
        "Net Income Continuous Operations": 134645000.0,
        "Tax Provision": 37813000.0,
        "Pretax Income": 172458000.0,
        "Special Income Charges": -2179000.0,
        "Other Special Charges": NaN,
        "Restructuring And Mergern Acquisition": 2179000.0,
        "Gain On Sale Of Security": 0.0,
        "Depreciation Amortization Depletion Income Statement": 4046000.0,
        "Depreciation And Amortization In Income Statement": 4046000.0,
        "Amortization": 4046000.0,
        "Amortization Of Intangibles Income Statement": 4046000.0,
        "Selling General And Administration": 173215000.0,
        "Selling And Marketing Expense": 7304000.0,
        "General And Administrative Expense": 165911000.0,
        "Insurance And Claims": 8571000.0,
        "Salaries And Wages": 157340000.0,
        "Total Revenue": 476321000.0,
        "Operating Revenue": 476321000.0,
        "Occupancy And Equipment": 30039000.0,
        "Professional Expense And Contract Services Expense": 12154000.0,
        "Other Non Interest Expense": 51230000.0
    }
}