{
    "2023-03-31": {
        "Tax Effect Of Unusual Items": NaN,
        "Tax Rate For Calcs": NaN,
        "Normalized EBITDA": NaN,
        "Total Unusual Items": NaN,
        "Total Unusual Items Excluding Goodwill": NaN,
        "Net Income From Continuing Operation Net Minority Interest": NaN,
        "Reconciled Depreciation": NaN,
        "Reconciled Cost Of Revenue": NaN,
        "EBITDA": NaN,
        "EBIT": NaN,
        "Net Interest Income": NaN,
        "Interest Expense": NaN,
        "Interest Income": NaN,
        "Normalized Income": NaN,
        "Net Income From Continuing And Discontinued Operation": NaN,
        "Total Expenses": NaN,
        "Total Operating Income As Reported": NaN,
        "Diluted Average Shares": NaN,
        "Basic Average Shares": NaN,
        "Diluted EPS": NaN,
        "Basic EPS": NaN,
        "Diluted NI Availto Com Stockholders": NaN,
        "Net Income Common Stockholders": NaN,
        "Net Income": NaN,
        "Minority Interests": NaN,
        "Net Income Including Noncontrolling Interests": NaN,
        "Net Income Discontinuous Operations": NaN,
        "Net Income Continuous Operations": NaN,
        "Tax Provision": NaN,
        "Pretax Income": NaN,
        "Other Income Expense": NaN,
        "Other Non Operating Income Expenses": NaN,
        "Special Income Charges": NaN,
        "Write Off": NaN,
        "Restructuring And Mergern Acquisition": NaN,
        "Earnings From Equity Interest": NaN,
        "Gain On Sale Of Security": NaN,
        "Net Non Operating Interest Income Expense": NaN,
        "Total Other Finance Cost": NaN,
        "Interest Expense Non Operating": NaN,
        "Interest Income Non Operating": NaN,
        "Operating Income": NaN,
        "Operating Expense": NaN,
        "Research And Development": NaN,
        "Selling General And Administration": NaN,
        "General And Administrative Expense": 153000000.0,
        "Other Gand A": 149700000.0,
        "Gross Profit": NaN,
        "Cost Of Revenue": NaN,
        "Total Revenue": NaN,
        "Operating Revenue": NaN
    },
    "2022-12-31": {
        "Tax Effect Of Unusual Items": NaN,
        "Tax Rate For Calcs": NaN,
        "Normalized EBITDA": NaN,
        "Total Unusual Items": NaN,
        "Total Unusual Items Excluding Goodwill": NaN,
        "Net Income From Continuing Operation Net Minority Interest": NaN,
        "Reconciled Depreciation": NaN,
        "Reconciled Cost Of Revenue": NaN,
        "EBITDA": NaN,
        "EBIT": NaN,
        "Net Interest Income": NaN,
        "Interest Expense": NaN,
        "Interest Income": NaN,
        "Normalized Income": NaN,
        "Net Income From Continuing And Discontinued Operation": NaN,
        "Total Expenses": NaN,
        "Total Operating Income As Reported": NaN,
        "Diluted Average Shares": NaN,
        "Basic Average Shares": NaN,
        "Diluted EPS": NaN,
        "Basic EPS": NaN,
        "Diluted NI Availto Com Stockholders": NaN,
        "Net Income Common Stockholders": NaN,
        "Net Income": NaN,
        "Minority Interests": NaN,
        "Net Income Including Noncontrolling Interests": NaN,
        "Net Income Discontinuous Operations": 2100000.0,
        "Net Income Continuous Operations": NaN,
        "Tax Provision": NaN,
        "Pretax Income": NaN,
        "Other Income Expense": NaN,
        "Other Non Operating Income Expenses": NaN,
        "Special Income Charges": NaN,
        "Write Off": NaN,
        "Restructuring And Mergern Acquisition": NaN,
        "Earnings From Equity Interest": NaN,
        "Gain On Sale Of Security": NaN,
        "Net Non Operating Interest Income Expense": NaN,
        "Total Other Finance Cost": NaN,
        "Interest Expense Non Operating": NaN,
        "Interest Income Non Operating": NaN,
        "Operating Income": NaN,
        "Operating Expense": NaN,
        "Research And Development": NaN,
        "Selling General And Administration": NaN,
        "General And Administrative Expense": 138100000.0,
        "Other Gand A": 138100000.0,
        "Gross Profit": NaN,
        "Cost Of Revenue": NaN,
        "Total Revenue": NaN,
        "Operating Revenue": NaN
    },
    "2022-09-30": {
        "Tax Effect Of Unusual Items": NaN,
        "Tax Rate For Calcs": NaN,
        "Normalized EBITDA": NaN,
        "Total Unusual Items": NaN,
        "Total Unusual Items Excluding Goodwill": NaN,
        "Net Income From Continuing Operation Net Minority Interest": NaN,
        "Reconciled Depreciation": NaN,
        "Reconciled Cost Of Revenue": NaN,
        "EBITDA": NaN,
        "EBIT": NaN,
        "Net Interest Income": NaN,
        "Interest Expense": NaN,
        "Normalized Income": NaN,
        "Net Income From Continuing And Discontinued Operation": NaN,
        "Total Expenses": NaN,
        "Total Operating Income As Reported": NaN,
        "Diluted Average Shares": NaN,
        "Basic Average Shares": NaN,
        "Diluted EPS": NaN,
        "Basic EPS": NaN,
        "Diluted NI Availto Com Stockholders": NaN,
        "Net Income Common Stockholders": NaN,
        "Net Income": NaN,
        "Minority Interests": NaN,
        "Net Income Including Noncontrolling Interests": NaN,
        "Net Income Discontinuous Operations": NaN,
        "Net Income Continuous Operations": NaN,
        "Tax Provision": NaN,
        "Pretax Income": NaN,
        "Other Income Expense": NaN,
        "Other Non Operating Income Expenses": NaN,
        "Special Income Charges": NaN,
        "Restructuring And Mergern Acquisition": NaN,
        "Earnings From Equity Interest": NaN,
        "Net Non Operating Interest Income Expense": NaN,
        "Interest Expense Non Operating": NaN,
        "Operating Income": NaN,
        "Operating Expense": NaN,
        "Research And Development": NaN,
        "Selling General And Administration": NaN,
        "General And Administrative Expense": 128000000.0,
        "Other Gand A": 128000000.0,
        "Gross Profit": NaN,
        "Cost Of Revenue": NaN,
        "Total Revenue": NaN,
        "Operating Revenue": NaN
    },
    "2022-06-30": {
        "Tax Effect Of Unusual Items": -7600000.0,
        "Tax Rate For Calcs": 0.4,
        "Normalized EBITDA": 137300000.0,
        "Total Unusual Items": -19000000.0,
        "Total Unusual Items Excluding Goodwill": -19000000.0,
        "Net Income From Continuing Operation Net Minority Interest": 1700000.0,
        "Reconciled Depreciation": 82600000.0,
        "Reconciled Cost Of Revenue": 700400000.0,
        "EBITDA": 118300000.0,
        "EBIT": 35700000.0,
        "Net Interest Income": -36200000.0,
        "Interest Expense": 32500000.0,
        "Interest Income": 2300000.0,
        "Normalized Income": 13100000.0,
        "Net Income From Continuing And Discontinued Operation": 1700000.0,
        "Total Expenses": 886200000.0,
        "Total Operating Income As Reported": 39400000.0,
        "Diluted Average Shares": 318200000.0,
        "Basic Average Shares": 317669400.0,
        "Diluted EPS": 0.01,
        "Basic EPS": 0.01,
        "Diluted NI Availto Com Stockholders": 1700000.0,
        "Net Income Common Stockholders": 1700000.0,
        "Net Income": 1700000.0,
        "Minority Interests": -2000000.0,
        "Net Income Including Noncontrolling Interests": 3700000.0,
        "Net Income Continuous Operations": 3700000.0,
        "Tax Provision": -500000.0,
        "Pretax Income": 3200000.0,
        "Other Income Expense": -7700000.0,
        "Other Non Operating Income Expenses": -100000.0,
        "Special Income Charges": -21500000.0,
        "Write Off": 2300000.0,
        "Restructuring And Mergern Acquisition": 19200000.0,
        "Earnings From Equity Interest": 11400000.0,
        "Gain On Sale Of Security": 2500000.0,
        "Net Non Operating Interest Income Expense": -36200000.0,
        "Total Other Finance Cost": 6000000.0,
        "Interest Expense Non Operating": 32500000.0,
        "Interest Income Non Operating": 2300000.0,
        "Operating Income": 47100000.0,
        "Operating Expense": 185800000.0,
        "Research And Development": 40700000.0,
        "Selling General And Administration": 145100000.0,
        "General And Administrative Expense": 145100000.0,
        "Other Gand A": 145100000.0,
        "Gross Profit": 232900000.0,
        "Cost Of Revenue": 700400000.0,
        "Total Revenue": 933300000.0,
        "Operating Revenue": 933300000.0
    },
    "2022-03-31": {
        "Diluted EPS": 0.14,
        "Total Revenue": 756,
        "Gross Profit": 215,
        "Operating Income": 73,
        "EBIT": 139,
        "Net Income": 43
    },
    "2021-12-31": {
        "Diluted EPS": 0.06,
        "Total Revenue": 674,
        "Gross Profit": 192,
        "Operating Income": 52,
        "EBIT": 115,
        "Net Income": 21
    },
    "2021-09-30": {
        "Diluted EPS": 0.03,
        "Total Revenue": 647,
        "Gross Profit": 181,
        "Operating Income": 31,
        "EBIT": 92,
        "Net Income": 11
    },
    "2021-06-30": {
        "Diluted EPS": 0.13,
        "Total Revenue": 613,
        "Gross Profit": 174,
        "Operating Income": 70,
        "EBIT": 128,
        "Net Income": 38
    },
    "2021-03-31": {
        "Diluted EPS": 0.05,
        "Total Revenue": 695,
        "Gross Profit": 183,
        "Operating Income": 31,
        "EBIT": 89,
        "Net Income": 10
    },
    "2020-12-31": {
        "Diluted EPS": 0.14,
        "Total Revenue": 639,
        "Gross Profit": 176,
        "Operating Income": 64,
        "EBIT": 127,
        "Net Income": 37
    },
    "2020-09-30": {
        "Diluted EPS": -0.02,
        "Total Revenue": 529,
        "Gross Profit": 143,
        "Operating Income": 21,
        "EBIT": 81,
        "Net Income": -4
    },
    "2020-06-30": {
        "Diluted EPS": -0.3,
        "Total Revenue": 397,
        "Gross Profit": 78,
        "Operating Income": -80,
        "EBIT": -18,
        "Net Income": -80
    },
    "2020-03-31": {
        "Diluted EPS": 0.21,
        "Total Revenue": 727,
        "Gross Profit": 232,
        "Operating Income": 109,
        "EBIT": 167,
        "Net Income": 58
    },
    "2019-12-31": {
        "Diluted EPS": 0.28,
        "Total Revenue": 700,
        "Gross Profit": 221,
        "Operating Income": 117,
        "EBIT": 176,
        "Net Income": 74
    },
    "2019-09-30": {
        "Diluted EPS": 0.21,
        "Total Revenue": 679,
        "Gross Profit": 179,
        "Operating Income": 95,
        "EBIT": 152,
        "Net Income": 56
    },
    "2019-06-30": {
        "Diluted EPS": 0.17,
        "Total Revenue": 617,
        "Gross Profit": 182,
        "Operating Income": 83,
        "EBIT": 138,
        "Net Income": 46
    },
    "2019-03-31": {
        "Diluted EPS": 0.34,
        "Total Revenue": 772,
        "Gross Profit": 217,
        "Operating Income": 129,
        "EBIT": 172,
        "Net Income": 93
    },
    "2018-12-31": {
        "Diluted EPS": 0.22,
        "Total Revenue": 617,
        "Gross Profit": 176,
        "Operating Income": 85,
        "EBIT": 117,
        "Net Income": 59
    },
    "2018-09-30": {
        "Diluted EPS": 0.18,
        "Total Revenue": 569,
        "Gross Profit": 154,
        "Operating Income": 76,
        "EBIT": 111,
        "Net Income": 46
    },
    "2018-06-30": {
        "Diluted EPS": 0.2,
        "Total Revenue": 560,
        "Gross Profit": 169,
        "Operating Income": 76,
        "EBIT": 108,
        "Net Income": 54
    },
    "2018-03-31": {
        "Diluted EPS": 0.29,
        "Total Revenue": 618,
        "Gross Profit": 206,
        "Operating Income": 111,
        "EBIT": 140,
        "Net Income": 78
    },
    "2017-12-31": {
        "Diluted EPS": 0.35,
        "Total Revenue": 554,
        "Gross Profit": 170,
        "Operating Income": 89,
        "EBIT": 124,
        "Net Income": 93
    },
    "2017-09-30": {
        "Diluted EPS": 0.19,
        "Total Revenue": 515,
        "Gross Profit": 150,
        "Operating Income": 87,
        "EBIT": 122,
        "Net Income": 52
    },
    "2017-06-30": {
        "Diluted EPS": 0.18,
        "Total Revenue": 520,
        "Gross Profit": 158,
        "Operating Income": 73,
        "EBIT": 103,
        "Net Income": 47
    },
    "2017-03-31": {
        "Diluted EPS": 0.19,
        "Total Revenue": 556,
        "Gross Profit": 178,
        "Operating Income": 76,
        "EBIT": 108,
        "Net Income": 50
    },
    "2016-12-31": {
        "Diluted EPS": 0.19,
        "Total Revenue": 511,
        "Gross Profit": 149,
        "Operating Income": 74,
        "EBIT": 99,
        "Net Income": 51
    },
    "2016-09-30": {
        "Diluted EPS": 0.14,
        "Total Revenue": 487,
        "Gross Profit": 143,
        "Operating Income": 58,
        "EBIT": 84,
        "Net Income": 37
    },
    "2016-06-30": {
        "Diluted EPS": 0.19,
        "Total Revenue": 506,
        "Gross Profit": 147,
        "Operating Income": 69,
        "EBIT": 96,
        "Net Income": 53
    },
    "2016-03-31": {
        "Diluted EPS": 0.15,
        "Total Revenue": 533,
        "Gross Profit": 156,
        "Operating Income": 87,
        "EBIT": 125,
        "Net Income": 43
    },
    "2015-12-31": {
        "Diluted EPS": 0.16,
        "Total Revenue": 462,
        "Gross Profit": 126,
        "Operating Income": 63,
        "EBIT": 80,
        "Net Income": 43
    },
    "2015-09-30": {
        "Diluted EPS": 0.2,
        "Total Revenue": 472,
        "Gross Profit": 122,
        "Operating Income": 53,
        "EBIT": 92,
        "Net Income": 53
    },
    "2015-06-30": {
        "Diluted EPS": 0.14,
        "Total Revenue": 453,
        "Gross Profit": 128,
        "Operating Income": 53,
        "EBIT": 94,
        "Net Income": 36
    },
    "2015-03-31": {
        "Diluted EPS": 0.19,
        "Total Revenue": 510,
        "Gross Profit": 153,
        "Operating Income": 134,
        "EBIT": 143,
        "Net Income": 52
    },
    "2014-12-31": {
        "Diluted EPS": 0.16,
        "Total Revenue": 447,
        "Gross Profit": 75,
        "Operating Income": -1,
        "EBIT": 41,
        "Net Income": 42
    },
    "2014-09-30": {
        "Diluted EPS": 0.14,
        "Total Revenue": 466,
        "Gross Profit": 104,
        "Operating Income": 33,
        "EBIT": 76,
        "Net Income": 38
    },
    "2014-06-30": {
        "Diluted EPS": 0.15,
        "Total Revenue": 481,
        "Gross Profit": 124,
        "Operating Income": 52,
        "EBIT": 93,
        "Net Income": 38
    },
    "2014-03-31": {
        "Diluted EPS": 0.21,
        "Total Revenue": 535,
        "Gross Profit": 155,
        "Operating Income": 67,
        "EBIT": 109,
        "Net Income": 55
    },
    "2013-12-31": {
        "Diluted EPS": 0.16,
        "Total Revenue": 465,
        "Gross Profit": 117,
        "Operating Income": 37,
        "EBIT": 75,
        "Net Income": 42
    },
    "2013-09-30": {
        "Diluted EPS": 0.14,
        "Total Revenue": 465,
        "Gross Profit": 125,
        "Operating Income": 46,
        "EBIT": 85,
        "Net Income": 37
    },
    "2013-06-30": {
        "Diluted EPS": 0.17,
        "Total Revenue": 510,
        "Gross Profit": 135,
        "Operating Income": 45,
        "EBIT": 84,
        "Net Income": 44
    },
    "2013-03-31": {
        "Diluted EPS": 0.17,
        "Total Revenue": 577,
        "Gross Profit": 160,
        "Operating Income": 111,
        "EBIT": 153,
        "Net Income": 43
    },
    "2012-12-31": {
        "Diluted EPS": 0.15,
        "Total Revenue": 521,
        "Gross Profit": 146,
        "Operating Income": 70,
        "EBIT": 111,
        "Net Income": 38
    },
    "2012-09-30": {
        "Diluted EPS": 0.14,
        "Total Revenue": 518,
        "Gross Profit": 146,
        "Operating Income": 54,
        "EBIT": 93,
        "Net Income": 37
    },
    "2012-06-30": {
        "Diluted EPS": 0.08,
        "Total Revenue": 482,
        "Gross Profit": 164,
        "Operating Income": 51,
        "EBIT": 85,
        "Net Income": 21
    },
    "2012-03-31": {
        "Diluted EPS": 0.21,
        "Total Revenue": 499,
        "Gross Profit": 172,
        "Operating Income": 88,
        "EBIT": 121,
        "Net Income": 52
    },
    "2011-12-31": {
        "Diluted EPS": 0.18,
        "Total Revenue": 454,
        "Gross Profit": 150,
        "Operating Income": 70,
        "EBIT": 103,
        "Net Income": 46
    },
    "2011-09-30": {
        "Diluted EPS": 0.15,
        "Total Revenue": 425,
        "Gross Profit": 122,
        "Operating Income": 45,
        "EBIT": 75,
        "Net Income": 38
    },
    "2011-06-30": {
        "Diluted EPS": 0.17,
        "Total Revenue": 432,
        "Gross Profit": 134,
        "Operating Income": 54,
        "EBIT": 83,
        "Net Income": 44
    },
    "2011-03-31": {
        "Diluted EPS": 0.2,
        "Total Revenue": 478,
        "Gross Profit": 478,
        "Operating Income": 478,
        "EBIT": 481,
        "Net Income": 51
    },
    "2010-12-31": {
        "Diluted EPS": 0.16,
        "Total Revenue": 415,
        "Gross Profit": 415,
        "Operating Income": 415,
        "EBIT": 450,
        "Net Income": 41
    },
    "2010-09-30": {
        "Diluted EPS": 0.16,
        "Total Revenue": 385,
        "Gross Profit": 385,
        "Operating Income": 385,
        "EBIT": 398,
        "Net Income": 40
    },
    "2010-06-30": {
        "Diluted EPS": 0.15,
        "Total Revenue": 355,
        "Gross Profit": 355,
        "Operating Income": 355,
        "EBIT": 377,
        "Net Income": 38
    },
    "2010-03-31": {
        "Diluted EPS": 0.16,
        "Total Revenue": 396,
        "Gross Profit": 396,
        "Operating Income": 396,
        "EBIT": 411,
        "Net Income": 40
    },
    "2009-12-31": {
        "Diluted EPS": 0.14,
        "Total Revenue": 357,
        "Gross Profit": 357,
        "Operating Income": 357,
        "EBIT": 386,
        "Net Income": 35
    },
    "2009-09-30": {
        "Diluted EPS": 0.14,
        "Total Revenue": 345,
        "Gross Profit": 345,
        "Operating Income": 345,
        "EBIT": 365,
        "Net Income": 37
    },
    "2009-06-30": {
        "Diluted EPS": 0.1,
        "Total Revenue": 350,
        "Gross Profit": 350,
        "Operating Income": 350,
        "EBIT": 370,
        "Net Income": 25
    },
    "2009-03-31": {
        "Diluted EPS": 0.17,
        "Total Revenue": 377,
        "Gross Profit": 377,
        "Operating Income": 377,
        "EBIT": 398,
        "Net Income": 44
    },
    "2023-06-30": {
        "Tax Effect Of Unusual Items": NaN,
        "Tax Rate For Calcs": NaN,
        "Normalized EBITDA": NaN,
        "Total Unusual Items": NaN,
        "Total Unusual Items Excluding Goodwill": NaN,
        "Net Income From Continuing Operation Net Minority Interest": NaN,
        "Reconciled Depreciation": NaN,
        "Reconciled Cost Of Revenue": NaN,
        "EBITDA": NaN,
        "EBIT": NaN,
        "Net Interest Income": NaN,
        "Interest Expense": NaN,
        "Interest Income": 2700000.0,
        "Normalized Income": NaN,
        "Net Income From Continuing And Discontinued Operation": NaN,
        "Total Expenses": NaN,
        "Total Operating Income As Reported": NaN,
        "Diluted Average Shares": NaN,
        "Basic Average Shares": NaN,
        "Diluted EPS": NaN,
        "Basic EPS": NaN,
        "Diluted NI Availto Com Stockholders": NaN,
        "Net Income Common Stockholders": NaN,
        "Net Income": NaN,
        "Minority Interests": NaN,
        "Net Income Including Noncontrolling Interests": NaN,
        "Net Income Discontinuous Operations": NaN,
        "Net Income Continuous Operations": NaN,
        "Tax Provision": NaN,
        "Pretax Income": NaN,
        "Other Income Expense": NaN,
        "Other Non Operating Income Expenses": NaN,
        "Special Income Charges": NaN,
        "Write Off": 0.0,
        "Restructuring And Mergern Acquisition": NaN,
        "Earnings From Equity Interest": NaN,
        "Gain On Sale Of Security": -1900000.0,
        "Net Non Operating Interest Income Expense": NaN,
        "Total Other Finance Cost": 11900000.0,
        "Interest Expense Non Operating": NaN,
        "Interest Income Non Operating": 2700000.0,
        "Operating Income": NaN,
        "Operating Expense": NaN,
        "Research And Development": NaN,
        "Selling General And Administration": NaN,
        "General And Administrative Expense": 139700000.0,
        "Other Gand A": 139700000.0,
        "Gross Profit": NaN,
        "Cost Of Revenue": NaN,
        "Total Revenue": NaN,
        "Operating Revenue": NaN
    },
    "2023-09-30": {
        "Tax Effect Of Unusual Items": NaN,
        "Tax Rate For Calcs": NaN,
        "Normalized EBITDA": NaN,
        "Total Unusual Items": NaN,
        "Total Unusual Items Excluding Goodwill": NaN,
        "Net Income From Continuing Operation Net Minority Interest": NaN,
        "Reconciled Depreciation": NaN,
        "Reconciled Cost Of Revenue": NaN,
        "EBITDA": NaN,
        "EBIT": NaN,
        "Net Interest Income": NaN,
        "Interest Expense": NaN,
        "Interest Income": NaN,
        "Normalized Income": NaN,
        "Net Income From Continuing And Discontinued Operation": NaN,
        "Total Expenses": NaN,
        "Total Operating Income As Reported": NaN,
        "Diluted Average Shares": NaN,
        "Basic Average Shares": NaN,
        "Diluted EPS": NaN,
        "Basic EPS": NaN,
        "Diluted NI Availto Com Stockholders": NaN,
        "Net Income Common Stockholders": NaN,
        "Net Income": NaN,
        "Minority Interests": NaN,
        "Net Income Including Noncontrolling Interests": NaN,
        "Net Income Discontinuous Operations": NaN,
        "Net Income Continuous Operations": NaN,
        "Tax Provision": NaN,
        "Pretax Income": NaN,
        "Other Income Expense": NaN,
        "Other Non Operating Income Expenses": NaN,
        "Special Income Charges": NaN,
        "Write Off": NaN,
        "Restructuring And Mergern Acquisition": NaN,
        "Earnings From Equity Interest": NaN,
        "Gain On Sale Of Security": NaN,
        "Net Non Operating Interest Income Expense": NaN,
        "Total Other Finance Cost": NaN,
        "Interest Expense Non Operating": NaN,
        "Interest Income Non Operating": NaN,
        "Operating Income": NaN,
        "Operating Expense": NaN,
        "Research And Development": NaN,
        "Selling General And Administration": NaN,
        "General And Administrative Expense": 132300000.0,
        "Other Gand A": 132300000.0,
        "Gross Profit": NaN,
        "Cost Of Revenue": NaN,
        "Total Revenue": NaN,
        "Operating Revenue": NaN
    },
    "2023-12-31": {
        "Tax Effect Of Unusual Items": NaN,
        "Tax Rate For Calcs": NaN,
        "Normalized EBITDA": NaN,
        "Total Unusual Items": NaN,
        "Total Unusual Items Excluding Goodwill": NaN,
        "Net Income From Continuing Operation Net Minority Interest": NaN,
        "Reconciled Depreciation": NaN,
        "Reconciled Cost Of Revenue": NaN,
        "EBITDA": NaN,
        "EBIT": NaN,
        "Net Interest Income": NaN,
        "Interest Expense": NaN,
        "Interest Income": 2700000.0,
        "Normalized Income": NaN,
        "Net Income From Continuing And Discontinued Operation": NaN,
        "Total Expenses": NaN,
        "Total Operating Income As Reported": NaN,
        "Diluted Average Shares": NaN,
        "Basic Average Shares": NaN,
        "Diluted EPS": NaN,
        "Basic EPS": NaN,
        "Diluted NI Availto Com Stockholders": NaN,
        "Net Income Common Stockholders": NaN,
        "Net Income": NaN,
        "Minority Interests": NaN,
        "Net Income Including Noncontrolling Interests": NaN,
        "Net Income Discontinuous Operations": NaN,
        "Net Income Continuous Operations": NaN,
        "Tax Provision": NaN,
        "Pretax Income": NaN,
        "Other Income Expense": NaN,
        "Other Non Operating Income Expenses": NaN,
        "Special Income Charges": NaN,
        "Write Off": 0.0,
        "Restructuring And Mergern Acquisition": NaN,
        "Earnings From Equity Interest": NaN,
        "Gain On Sale Of Security": 4800000.0,
        "Net Non Operating Interest Income Expense": NaN,
        "Total Other Finance Cost": 8600000.0,
        "Interest Expense Non Operating": NaN,
        "Interest Income Non Operating": 2700000.0,
        "Operating Income": NaN,
        "Operating Expense": NaN,
        "Research And Development": NaN,
        "Selling General And Administration": NaN,
        "General And Administrative Expense": 140900000.0,
        "Other Gand A": 140900000.0,
        "Gross Profit": NaN,
        "Cost Of Revenue": NaN,
        "Total Revenue": NaN,
        "Operating Revenue": NaN
    },
    "2024-03-31": {
        "Tax Effect Of Unusual Items": NaN,
        "Tax Rate For Calcs": NaN,
        "Normalized EBITDA": NaN,
        "Total Unusual Items": NaN,
        "Total Unusual Items Excluding Goodwill": NaN,
        "Net Income From Continuing Operation Net Minority Interest": NaN,
        "Reconciled Depreciation": NaN,
        "Reconciled Cost Of Revenue": NaN,
        "EBITDA": NaN,
        "EBIT": NaN,
        "Net Interest Income": NaN,
        "Interest Expense": NaN,
        "Interest Income": NaN,
        "Normalized Income": NaN,
        "Net Income From Continuing And Discontinued Operation": NaN,
        "Total Expenses": NaN,
        "Total Operating Income As Reported": NaN,
        "Diluted Average Shares": 318552632.0,
        "Basic Average Shares": 318552632.0,
        "Diluted EPS": -1.52,
        "Basic EPS": -1.52,
        "Diluted NI Availto Com Stockholders": NaN,
        "Net Income Common Stockholders": NaN,
        "Net Income": NaN,
        "Minority Interests": NaN,
        "Net Income Including Noncontrolling Interests": NaN,
        "Net Income Discontinuous Operations": 20500000.0,
        "Net Income Continuous Operations": NaN,
        "Tax Provision": NaN,
        "Pretax Income": NaN,
        "Other Income Expense": NaN,
        "Other Non Operating Income Expenses": -3000000.0,
        "Special Income Charges": NaN,
        "Write Off": NaN,
        "Restructuring And Mergern Acquisition": NaN,
        "Earnings From Equity Interest": NaN,
        "Gain On Sale Of Security": NaN,
        "Net Non Operating Interest Income Expense": NaN,
        "Total Other Finance Cost": NaN,
        "Interest Expense Non Operating": NaN,
        "Interest Income Non Operating": NaN,
        "Operating Income": NaN,
        "Operating Expense": NaN,
        "Research And Development": NaN,
        "Selling General And Administration": NaN,
        "General And Administrative Expense": NaN,
        "Other Gand A": NaN,
        "Gross Profit": NaN,
        "Cost Of Revenue": NaN,
        "Total Revenue": NaN,
        "Operating Revenue": NaN
    },
    "2024-06-30": {
        "Tax Effect Of Unusual Items": -3584000.0,
        "Tax Rate For Calcs": 0.14,
        "Normalized EBITDA": 226600000.0,
        "Total Unusual Items": -25600000.0,
        "Total Unusual Items Excluding Goodwill": -25600000.0,
        "Net Income From Continuing Operation Net Minority Interest": 48300000.0,
        "Reconciled Depreciation": 97800000.0,
        "Reconciled Cost Of Revenue": 793800000.0,
        "EBITDA": 201000000.0,
        "EBIT": 103200000.0,
        "Net Interest Income": -49500000.0,
        "Interest Expense": 44100000.0,
        "Interest Income": 3400000.0,
        "Normalized Income": 70316000.0,
        "Net Income From Continuing And Discontinued Operation": 48300000.0,
        "Total Expenses": 963200000.0,
        "Total Operating Income As Reported": 108600000.0,
        "Diluted Average Shares": 318838129.0,
        "Basic Average Shares": 318630159.0,
        "Diluted EPS": 0.15,
        "Basic EPS": 0.15,
        "Diluted NI Availto Com Stockholders": 48300000.0,
        "Net Income Common Stockholders": 48300000.0,
        "Net Income": 48300000.0,
        "Minority Interests": -2500000.0,
        "Net Income Including Noncontrolling Interests": 50800000.0,
        "Net Income Discontinuous Operations": 0.0,
        "Net Income Continuous Operations": 50800000.0,
        "Tax Provision": 8300000.0,
        "Pretax Income": 59100000.0,
        "Other Income Expense": -700000.0,
        "Other Non Operating Income Expenses": 900000.0,
        "Special Income Charges": -25600000.0,
        "Write Off": 2300000.0,
        "Restructuring And Mergern Acquisition": 25600000.0,
        "Earnings From Equity Interest": 24000000.0,
        "Gain On Sale Of Security": 800000.0,
        "Net Non Operating Interest Income Expense": -49500000.0,
        "Total Other Finance Cost": 8800000.0,
        "Interest Expense Non Operating": 44100000.0,
        "Interest Income Non Operating": 3400000.0,
        "Operating Income": 109300000.0,
        "Operating Expense": 169400000.0,
        "Research And Development": 35900000.0,
        "Selling General And Administration": 133500000.0,
        "General And Administrative Expense": NaN,
        "Other Gand A": NaN,
        "Gross Profit": 278700000.0,
        "Cost Of Revenue": 793800000.0,
        "Total Revenue": 1072500000.0,
        "Operating Revenue": 1072500000.0
    },
    "2024-09-30": {
        "Tax Effect Of Unusual Items": -4944000.0,
        "Tax Rate For Calcs": 0.16,
        "Normalized EBITDA": 249100000.0,
        "Total Unusual Items": -30900000.0,
        "Total Unusual Items Excluding Goodwill": -30900000.0,
        "Net Income From Continuing Operation Net Minority Interest": 52500000.0,
        "Reconciled Depreciation": 100100000.0,
        "Reconciled Cost Of Revenue": 845500000.0,
        "EBITDA": 218200000.0,
        "EBIT": 118100000.0,
        "Net Interest Income": -52900000.0,
        "Interest Expense": 52900000.0,
        "Interest Income": NaN,
        "Normalized Income": 78456000.0,
        "Net Income From Continuing And Discontinued Operation": 52500000.0,
        "Total Expenses": 1010300000.0,
        "Total Operating Income As Reported": 118100000.0,
        "Diluted Average Shares": 328125000.0,
        "Basic Average Shares": 328125000.0,
        "Diluted EPS": 0.16,
        "Basic EPS": 0.16,
        "Diluted NI Availto Com Stockholders": 52500000.0,
        "Net Income Common Stockholders": 52500000.0,
        "Net Income": 52500000.0,
        "Minority Interests": -2300000.0,
        "Net Income Including Noncontrolling Interests": 54800000.0,
        "Net Income Discontinuous Operations": 0.0,
        "Net Income Continuous Operations": 54800000.0,
        "Tax Provision": 10400000.0,
        "Pretax Income": 65200000.0,
        "Other Income Expense": -8200000.0,
        "Other Non Operating Income Expenses": 2700000.0,
        "Special Income Charges": -30900000.0,
        "Write Off": NaN,
        "Restructuring And Mergern Acquisition": 30900000.0,
        "Earnings From Equity Interest": 20000000.0,
        "Gain On Sale Of Security": NaN,
        "Net Non Operating Interest Income Expense": -52900000.0,
        "Total Other Finance Cost": NaN,
        "Interest Expense Non Operating": 52900000.0,
        "Interest Income Non Operating": NaN,
        "Operating Income": 126300000.0,
        "Operating Expense": 164800000.0,
        "Research And Development": 37200000.0,
        "Selling General And Administration": 127600000.0,
        "General And Administrative Expense": 127600000.0,
        "Other Gand A": 127600000.0,
        "Gross Profit": 291100000.0,
        "Cost Of Revenue": 845500000.0,
        "Total Revenue": 1136600000.0,
        "Operating Revenue": 1136600000.0
    },
    "2024-12-31": {
        "Tax Effect Of Unusual Items": 85000.0,
        "Tax Rate For Calcs": 0.17,
        "Normalized EBITDA": 362400000.0,
        "Total Unusual Items": 500000.0,
        "Total Unusual Items Excluding Goodwill": 500000.0,
        "Net Income From Continuing Operation Net Minority Interest": 168600000.0,
        "Reconciled Depreciation": 106300000.0,
        "Reconciled Cost Of Revenue": 883800000.0,
        "EBITDA": 362900000.0,
        "EBIT": 256600000.0,
        "Net Interest Income": -56600000.0,
        "Interest Expense": 50600000.0,
        "Interest Income": 3500000.0,
        "Normalized Income": 168185000.0,
        "Net Income From Continuing And Discontinued Operation": 168600000.0,
        "Total Expenses": 1052700000.0,
        "Total Operating Income As Reported": 262600000.0,
        "Diluted Average Shares": 319800000.0,
        "Basic Average Shares": 319000000.0,
        "Diluted EPS": 0.53,
        "Basic EPS": 0.53,
        "Diluted NI Availto Com Stockholders": 168600000.0,
        "Net Income Common Stockholders": 168600000.0,
        "Net Income": 168600000.0,
        "Minority Interests": -2600000.0,
        "Net Income Including Noncontrolling Interests": 171200000.0,
        "Net Income Discontinuous Operations": 0.0,
        "Net Income Continuous Operations": 171200000.0,
        "Tax Provision": 34800000.0,
        "Pretax Income": 206000000.0,
        "Other Income Expense": 91700000.0,
        "Other Non Operating Income Expenses": -600000.0,
        "Special Income Charges": 0.0,
        "Write Off": 0.0,
        "Restructuring And Mergern Acquisition": 0.0,
        "Earnings From Equity Interest": 91800000.0,
        "Gain On Sale Of Security": 500000.0,
        "Net Non Operating Interest Income Expense": -56600000.0,
        "Total Other Finance Cost": 9500000.0,
        "Interest Expense Non Operating": 50600000.0,
        "Interest Income Non Operating": 3500000.0,
        "Operating Income": 170700000.0,
        "Operating Expense": 168900000.0,
        "Research And Development": 28700000.0,
        "Selling General And Administration": 140200000.0,
        "General And Administrative Expense": 140200000.0,
        "Other Gand A": 140200000.0,
        "Gross Profit": 339600000.0,
        "Cost Of Revenue": 883800000.0,
        "Total Revenue": 1223400000.0,
        "Operating Revenue": 1223400000.0
    },
    "2025-03-31": {
        "Tax Effect Of Unusual Items": 1552671.755725,
        "Tax Rate For Calcs": 0.246456,
        "Normalized EBITDA": 339200000.0,
        "Total Unusual Items": 6300000.0,
        "Total Unusual Items Excluding Goodwill": 6300000.0,
        "Net Income From Continuing Operation Net Minority Interest": 135900000.0,
        "Reconciled Depreciation": 110500000.0,
        "Reconciled Cost Of Revenue": 884700000.0,
        "EBITDA": 345500000.0,
        "EBIT": 235000000.0,
        "Net Interest Income": -56500000.0,
        "Interest Expense": 51600000.0,
        "Interest Income": 3400000.0,
        "Normalized Income": 131152671.755725,
        "Net Income From Continuing And Discontinued Operation": 135900000.0,
        "Total Expenses": 1070200000.0,
        "Total Operating Income As Reported": 239900000.0,
        "Diluted Average Shares": NaN,
        "Basic Average Shares": NaN,
        "Diluted EPS": NaN,
        "Basic EPS": NaN,
        "Diluted NI Availto Com Stockholders": 135900000.0,
        "Net Income Common Stockholders": 135900000.0,
        "Net Income": 135900000.0,
        "Minority Interests": -2300000.0,
        "Net Income Including Noncontrolling Interests": 138200000.0,
        "Net Income Discontinuous Operations": 0.0,
        "Net Income Continuous Operations": 138200000.0,
        "Tax Provision": 45200000.0,
        "Pretax Income": 183400000.0,
        "Other Income Expense": 34700000.0,
        "Other Non Operating Income Expenses": 3300000.0,
        "Special Income Charges": 6400000.0,
        "Write Off": 0.0,
        "Restructuring And Mergern Acquisition": 0.0,
        "Earnings From Equity Interest": 25100000.0,
        "Gain On Sale Of Security": -100000.0,
        "Net Non Operating Interest Income Expense": -56500000.0,
        "Total Other Finance Cost": 8300000.0,
        "Interest Expense Non Operating": 51600000.0,
        "Interest Income Non Operating": 3400000.0,
        "Operating Income": 205200000.0,
        "Operating Expense": 185500000.0,
        "Research And Development": 21400000.0,
        "Selling General And Administration": 164100000.0,
        "General And Administrative Expense": 164100000.0,
        "Other Gand A": 164100000.0,
        "Gross Profit": 390700000.0,
        "Cost Of Revenue": 884700000.0,
        "Total Revenue": 1275400000.0,
        "Operating Revenue": 1275400000.0
    },
    "2025-06-30": {
        "Tax Effect Of Unusual Items": 0.0,
        "Tax Rate For Calcs": 0.24,
        "Normalized EBITDA": 241200000.0,
        "Total Unusual Items": 0.0,
        "Total Unusual Items Excluding Goodwill": 0.0,
        "Net Income From Continuing Operation Net Minority Interest": 57200000.0,
        "Reconciled Depreciation": 113700000.0,
        "Reconciled Cost Of Revenue": 790300000.0,
        "EBITDA": 241200000.0,
        "EBIT": 127500000.0,
        "Net Interest Income": -54600000.0,
        "Interest Expense": 48300000.0,
        "Interest Income": 3300000.0,
        "Normalized Income": 57200000.0,
        "Net Income From Continuing And Discontinued Operation": 57200000.0,
        "Total Expenses": 986400000.0,
        "Total Operating Income As Reported": 133800000.0,
        "Diluted Average Shares": 321119216.0,
        "Basic Average Shares": 320370583.0,
        "Diluted EPS": 0.18,
        "Basic EPS": 0.18,
        "Diluted NI Availto Com Stockholders": 57200000.0,
        "Net Income Common Stockholders": 57200000.0,
        "Net Income": 57200000.0,
        "Minority Interests": -3000000.0,
        "Net Income Including Noncontrolling Interests": 60200000.0,
        "Net Income Discontinuous Operations": NaN,
        "Net Income Continuous Operations": 60200000.0,
        "Tax Provision": 19000000.0,
        "Pretax Income": 79200000.0,
        "Other Income Expense": 21600000.0,
        "Other Non Operating Income Expenses": NaN,
        "Special Income Charges": 0.0,
        "Write Off": NaN,
        "Restructuring And Mergern Acquisition": 0.0,
        "Earnings From Equity Interest": 21600000.0,
        "Gain On Sale Of Security": NaN,
        "Net Non Operating Interest Income Expense": -54600000.0,
        "Total Other Finance Cost": 9600000.0,
        "Interest Expense Non Operating": 48300000.0,
        "Interest Income Non Operating": 3300000.0,
        "Operating Income": 112200000.0,
        "Operating Expense": 196100000.0,
        "Research And Development": 36700000.0,
        "Selling General And Administration": 159400000.0,
        "General And Administrative Expense": NaN,
        "Other Gand A": NaN,
        "Gross Profit": 308300000.0,
        "Cost Of Revenue": 790300000.0,
        "Total Revenue": 1098600000.0,
        "Operating Revenue": 1098600000.0
    }
}