{
    "2023-03-31": {
        "Tax Effect Of Unusual Items": -810375.0,
        "Tax Rate For Calcs": 0.125,
        "Normalized EBITDA": 63364000.0,
        "Total Unusual Items": -6483000.0,
        "Total Unusual Items Excluding Goodwill": -6483000.0,
        "Net Income From Continuing Operation Net Minority Interest": 28050000.0,
        "Reconciled Depreciation": 22955000.0,
        "Reconciled Cost Of Revenue": 517752000.0,
        "EBITDA": 56881000.0,
        "EBIT": 33926000.0,
        "Net Interest Income": -1880000.0,
        "Interest Expense": 1880000.0,
        "Normalized Income": 33722625.0,
        "Net Income From Continuing And Discontinued Operation": 28050000.0,
        "Total Expenses": 825705000.0,
        "Total Operating Income As Reported": 33926000.0,
        "Diluted Average Shares": 49778000.0,
        "Basic Average Shares": 48694000.0,
        "Diluted EPS": 0.56,
        "Basic EPS": 0.58,
        "Diluted NI Availto Com Stockholders": 28050000.0,
        "Net Income Common Stockholders": 28050000.0,
        "Otherunder Preferred Stock Dividend": NaN,
        "Net Income": 28050000.0,
        "Net Income Including Noncontrolling Interests": 28050000.0,
        "Net Income Continuous Operations": 28050000.0,
        "Tax Provision": 3996000.0,
        "Pretax Income": 32046000.0,
        "Other Income Expense": -6483000.0,
        "Special Income Charges": -6483000.0,
        "Other Special Charges": 3052000.0,
        "Write Off": 2242000.0,
        "Restructuring And Mergern Acquisition": 1189000.0,
        "Net Non Operating Interest Income Expense": -1880000.0,
        "Total Other Finance Cost": NaN,
        "Interest Expense Non Operating": 1880000.0,
        "Operating Income": 40409000.0,
        "Operating Expense": 307953000.0,
        "Other Operating Expenses": 230929000.0,
        "Depreciation Amortization Depletion Income Statement": 22955000.0,
        "Depreciation And Amortization In Income Statement": 22955000.0,
        "Selling General And Administration": 54069000.0,
        "General And Administrative Expense": 54069000.0,
        "Other Gand A": 54069000.0,
        "Gross Profit": 348362000.0,
        "Cost Of Revenue": 517752000.0,
        "Total Revenue": 866114000.0,
        "Operating Revenue": 866114000.0
    },
    "2022-12-31": {
        "Tax Effect Of Unusual Items": NaN,
        "Tax Rate For Calcs": NaN,
        "Normalized EBITDA": NaN,
        "Total Unusual Items": NaN,
        "Total Unusual Items Excluding Goodwill": NaN,
        "Net Income From Continuing Operation Net Minority Interest": NaN,
        "Reconciled Depreciation": NaN,
        "Reconciled Cost Of Revenue": NaN,
        "EBITDA": NaN,
        "EBIT": NaN,
        "Net Interest Income": NaN,
        "Interest Expense": NaN,
        "Normalized Income": NaN,
        "Net Income From Continuing And Discontinued Operation": NaN,
        "Total Expenses": NaN,
        "Total Operating Income As Reported": NaN,
        "Diluted Average Shares": NaN,
        "Basic Average Shares": NaN,
        "Diluted EPS": NaN,
        "Basic EPS": NaN,
        "Diluted NI Availto Com Stockholders": NaN,
        "Net Income Common Stockholders": NaN,
        "Otherunder Preferred Stock Dividend": 0.0,
        "Net Income": NaN,
        "Net Income Including Noncontrolling Interests": NaN,
        "Net Income Continuous Operations": NaN,
        "Tax Provision": NaN,
        "Pretax Income": NaN,
        "Other Income Expense": NaN,
        "Special Income Charges": NaN,
        "Other Special Charges": NaN,
        "Write Off": NaN,
        "Restructuring And Mergern Acquisition": NaN,
        "Net Non Operating Interest Income Expense": NaN,
        "Total Other Finance Cost": NaN,
        "Interest Expense Non Operating": NaN,
        "Operating Income": NaN,
        "Operating Expense": NaN,
        "Other Operating Expenses": NaN,
        "Depreciation Amortization Depletion Income Statement": NaN,
        "Depreciation And Amortization In Income Statement": NaN,
        "Selling General And Administration": NaN,
        "General And Administrative Expense": NaN,
        "Other Gand A": NaN,
        "Gross Profit": NaN,
        "Cost Of Revenue": NaN,
        "Total Revenue": NaN,
        "Operating Revenue": NaN
    },
    "2022-09-30": {
        "Tax Effect Of Unusual Items": NaN,
        "Tax Rate For Calcs": NaN,
        "Normalized EBITDA": NaN,
        "Total Unusual Items": NaN,
        "Total Unusual Items Excluding Goodwill": NaN,
        "Net Income From Continuing Operation Net Minority Interest": NaN,
        "Reconciled Depreciation": NaN,
        "Reconciled Cost Of Revenue": NaN,
        "EBITDA": NaN,
        "EBIT": NaN,
        "Net Interest Income": NaN,
        "Interest Expense": NaN,
        "Normalized Income": NaN,
        "Net Income From Continuing And Discontinued Operation": NaN,
        "Total Expenses": NaN,
        "Total Operating Income As Reported": NaN,
        "Diluted Average Shares": NaN,
        "Basic Average Shares": NaN,
        "Diluted EPS": NaN,
        "Basic EPS": NaN,
        "Diluted NI Availto Com Stockholders": NaN,
        "Average Dilution Earnings": 0.0,
        "Net Income Common Stockholders": NaN,
        "Otherunder Preferred Stock Dividend": 0.0,
        "Net Income": NaN,
        "Net Income Including Noncontrolling Interests": NaN,
        "Net Income Continuous Operations": NaN,
        "Tax Provision": NaN,
        "Pretax Income": NaN,
        "Other Income Expense": NaN,
        "Special Income Charges": NaN,
        "Other Special Charges": NaN,
        "Write Off": NaN,
        "Restructuring And Mergern Acquisition": NaN,
        "Net Non Operating Interest Income Expense": NaN,
        "Total Other Finance Cost": NaN,
        "Interest Expense Non Operating": NaN,
        "Operating Income": NaN,
        "Operating Expense": NaN,
        "Other Operating Expenses": NaN,
        "Depreciation Amortization Depletion Income Statement": NaN,
        "Depreciation And Amortization In Income Statement": NaN,
        "Selling General And Administration": NaN,
        "General And Administrative Expense": NaN,
        "Other Gand A": NaN,
        "Gross Profit": NaN,
        "Cost Of Revenue": NaN,
        "Total Revenue": NaN,
        "Operating Revenue": NaN
    },
    "2022-06-30": {
        "Tax Effect Of Unusual Items": -45443.234373,
        "Tax Rate For Calcs": 0.043115,
        "Normalized EBITDA": 51604000.0,
        "Total Unusual Items": -1054000.0,
        "Total Unusual Items Excluding Goodwill": -1054000.0,
        "Net Income From Continuing Operation Net Minority Interest": 25656000.0,
        "Reconciled Depreciation": 22608000.0,
        "Reconciled Cost Of Revenue": 508701000.0,
        "EBITDA": 50550000.0,
        "EBIT": 27942000.0,
        "Net Interest Income": -1130000.0,
        "Interest Expense": 1130000.0,
        "Normalized Income": 26664556.765627,
        "Net Income From Continuing And Discontinued Operation": 25656000.0,
        "Total Expenses": 803647000.0,
        "Total Operating Income As Reported": 27942000.0,
        "Diluted Average Shares": 50929000.0,
        "Basic Average Shares": 50387000.0,
        "Diluted EPS": 0.5,
        "Basic EPS": 0.51,
        "Diluted NI Availto Com Stockholders": 25656000.0,
        "Average Dilution Earnings": 0.0,
        "Net Income Common Stockholders": 25656000.0,
        "Otherunder Preferred Stock Dividend": 0.0,
        "Net Income": 25656000.0,
        "Net Income Including Noncontrolling Interests": 25656000.0,
        "Net Income Continuous Operations": 25656000.0,
        "Tax Provision": 1156000.0,
        "Pretax Income": 26812000.0,
        "Other Income Expense": -1054000.0,
        "Special Income Charges": -1054000.0,
        "Write Off": 106000.0,
        "Restructuring And Mergern Acquisition": 948000.0,
        "Net Non Operating Interest Income Expense": -1130000.0,
        "Total Other Finance Cost": NaN,
        "Interest Expense Non Operating": 1130000.0,
        "Operating Income": 28996000.0,
        "Operating Expense": 294946000.0,
        "Other Operating Expenses": 222147000.0,
        "Depreciation Amortization Depletion Income Statement": 22608000.0,
        "Depreciation And Amortization In Income Statement": 22608000.0,
        "Selling General And Administration": 50191000.0,
        "General And Administrative Expense": 50191000.0,
        "Other Gand A": 50191000.0,
        "Gross Profit": 323942000.0,
        "Cost Of Revenue": 508701000.0,
        "Total Revenue": 832643000.0,
        "Operating Revenue": 832643000.0
    },
    "2023-06-30": {
        "Tax Effect Of Unusual Items": NaN,
        "Tax Rate For Calcs": NaN,
        "Normalized EBITDA": NaN,
        "Total Unusual Items": NaN,
        "Total Unusual Items Excluding Goodwill": NaN,
        "Net Income From Continuing Operation Net Minority Interest": NaN,
        "Reconciled Depreciation": NaN,
        "Reconciled Cost Of Revenue": NaN,
        "EBITDA": NaN,
        "EBIT": NaN,
        "Net Interest Income": NaN,
        "Interest Expense": NaN,
        "Normalized Income": NaN,
        "Net Income From Continuing And Discontinued Operation": NaN,
        "Total Expenses": NaN,
        "Total Operating Income As Reported": NaN,
        "Diluted Average Shares": NaN,
        "Basic Average Shares": NaN,
        "Diluted EPS": NaN,
        "Basic EPS": NaN,
        "Diluted NI Availto Com Stockholders": NaN,
        "Net Income Common Stockholders": NaN,
        "Net Income": NaN,
        "Net Income Including Noncontrolling Interests": NaN,
        "Net Income Continuous Operations": NaN,
        "Tax Provision": NaN,
        "Pretax Income": NaN,
        "Other Income Expense": NaN,
        "Special Income Charges": NaN,
        "Other Special Charges": NaN,
        "Write Off": NaN,
        "Restructuring And Mergern Acquisition": NaN,
        "Net Non Operating Interest Income Expense": NaN,
        "Total Other Finance Cost": 2162000.0,
        "Interest Expense Non Operating": NaN,
        "Operating Income": NaN,
        "Operating Expense": NaN,
        "Other Operating Expenses": NaN,
        "Depreciation Amortization Depletion Income Statement": NaN,
        "Depreciation And Amortization In Income Statement": NaN,
        "Selling General And Administration": NaN,
        "General And Administrative Expense": NaN,
        "Other Gand A": NaN,
        "Gross Profit": NaN,
        "Cost Of Revenue": NaN,
        "Total Revenue": NaN,
        "Operating Revenue": NaN
    },
    "2022-03-31": {
        "Diluted EPS": 0.45,
        "Total Revenue": 794,
        "Gross Profit": 102,
        "Operating Income": 28,
        "EBIT": 50,
        "Net Income": 23
    },
    "2021-12-31": {
        "Diluted EPS": 0.03,
        "Total Revenue": 777,
        "Gross Profit": 100,
        "Operating Income": 1,
        "EBIT": 24,
        "Net Income": 1
    },
    "2021-09-30": {
        "Diluted EPS": 0.64,
        "Total Revenue": 754,
        "Gross Profit": 104,
        "Operating Income": 31,
        "EBIT": 54,
        "Net Income": 33
    },
    "2021-06-30": {
        "Diluted EPS": 0.37,
        "Total Revenue": 769,
        "Gross Profit": 126,
        "Operating Income": 41,
        "EBIT": 63,
        "Net Income": 17
    },
    "2021-03-31": {
        "Diluted EPS": -0.03,
        "Total Revenue": 627,
        "Gross Profit": 80,
        "Operating Income": 9,
        "EBIT": 31,
        "Net Income": -1
    },
    "2020-12-31": {
        "Diluted EPS": -0.84,
        "Total Revenue": 555,
        "Gross Profit": 42,
        "Operating Income": -39,
        "EBIT": -16,
        "Net Income": -37
    },
    "2020-09-30": {
        "Diluted EPS": -0.76,
        "Total Revenue": 518,
        "Gross Profit": 40,
        "Operating Income": -35,
        "EBIT": -12,
        "Net Income": -33
    },
    "2020-06-30": {
        "Diluted EPS": -1.61,
        "Total Revenue": 296,
        "Gross Profit": -21,
        "Operating Income": -84,
        "EBIT": -61,
        "Net Income": -70
    },
    "2020-03-31": {
        "Diluted EPS": -3.11,
        "Total Revenue": 615,
        "Gross Profit": 69,
        "Operating Income": -190,
        "EBIT": -166,
        "Net Income": -136
    },
    "2019-12-31": {
        "Diluted EPS": 1.11,
        "Total Revenue": 694,
        "Gross Profit": 105,
        "Operating Income": 6,
        "EBIT": 30,
        "Net Income": 49
    },
    "2019-09-30": {
        "Diluted EPS": 0.36,
        "Total Revenue": 587,
        "Gross Profit": 91,
        "Operating Income": 27,
        "EBIT": 48,
        "Net Income": 16
    },
    "2019-06-30": {
        "Diluted EPS": 0.79,
        "Total Revenue": 603,
        "Gross Profit": 101,
        "Operating Income": 40,
        "EBIT": 62,
        "Net Income": 36
    },
    "2019-03-31": {
        "Diluted EPS": 0.6,
        "Total Revenue": 599,
        "Gross Profit": 93,
        "Operating Income": 30,
        "EBIT": 52,
        "Net Income": 27
    },
    "2018-12-31": {
        "Diluted EPS": 0.36,
        "Total Revenue": 585,
        "Gross Profit": 100,
        "Operating Income": 19,
        "EBIT": 44,
        "Net Income": 16
    },
    "2018-09-30": {
        "Diluted EPS": 0.61,
        "Total Revenue": 575,
        "Gross Profit": 99,
        "Operating Income": 33,
        "EBIT": 58,
        "Net Income": 28
    },
    "2018-06-30": {
        "Diluted EPS": 0.61,
        "Total Revenue": 587,
        "Gross Profit": 104,
        "Operating Income": 35,
        "EBIT": 58,
        "Net Income": 28
    },
    "2018-03-31": {
        "Diluted EPS": 0.56,
        "Total Revenue": 585,
        "Gross Profit": 96,
        "Operating Income": 32,
        "EBIT": 56,
        "Net Income": 26
    },
    "2017-12-31": {
        "Diluted EPS": 1.22,
        "Total Revenue": 572,
        "Gross Profit": 99,
        "Operating Income": 25,
        "EBIT": 48,
        "Net Income": 58
    },
    "2017-09-30": {
        "Diluted EPS": 0.56,
        "Total Revenue": 555,
        "Gross Profit": 96,
        "Operating Income": 34,
        "EBIT": 57,
        "Net Income": 26
    },
    "2017-06-30": {
        "Diluted EPS": 0.78,
        "Total Revenue": 570,
        "Gross Profit": 111,
        "Operating Income": 50,
        "EBIT": 74,
        "Net Income": 38
    },
    "2017-03-31": {
        "Diluted EPS": 0.71,
        "Total Revenue": 563,
        "Gross Profit": 105,
        "Operating Income": 44,
        "EBIT": 67,
        "Net Income": 35
    },
    "2016-12-31": {
        "Diluted EPS": 0.67,
        "Total Revenue": 603,
        "Gross Profit": 117,
        "Operating Income": 47,
        "EBIT": 71,
        "Net Income": 32
    },
    "2016-09-30": {
        "Diluted EPS": 0.7,
        "Total Revenue": 560,
        "Gross Profit": 110,
        "Operating Income": 50,
        "EBIT": 72,
        "Net Income": 35
    },
    "2016-06-30": {
        "Diluted EPS": 0.78,
        "Total Revenue": 559,
        "Gross Profit": 115,
        "Operating Income": 55,
        "EBIT": 77,
        "Net Income": 39
    },
    "2016-03-31": {
        "Diluted EPS": 0.68,
        "Total Revenue": 554,
        "Gross Profit": 108,
        "Operating Income": 49,
        "EBIT": 70,
        "Net Income": 34
    },
    "2015-12-31": {
        "Diluted EPS": 0.53,
        "Total Revenue": 527,
        "Gross Profit": 103,
        "Operating Income": 39,
        "EBIT": 61,
        "Net Income": 27
    },
    "2015-09-30": {
        "Diluted EPS": 0.52,
        "Total Revenue": 527,
        "Gross Profit": 101,
        "Operating Income": 36,
        "EBIT": 57,
        "Net Income": 26
    },
    "2015-06-30": {
        "Diluted EPS": 0.69,
        "Total Revenue": 529,
        "Gross Profit": 110,
        "Operating Income": 50,
        "EBIT": 71,
        "Net Income": 35
    },
    "2015-03-31": {
        "Diluted EPS": 0.56,
        "Total Revenue": 518,
        "Gross Profit": 97,
        "Operating Income": 41,
        "EBIT": 62,
        "Net Income": 28
    },
    "2014-12-31": {
        "Diluted EPS": 0.46,
        "Total Revenue": 500,
        "Gross Profit": 91,
        "Operating Income": 35,
        "EBIT": 56,
        "Net Income": 24
    },
    "2014-09-30": {
        "Diluted EPS": 0.48,
        "Total Revenue": 499,
        "Gross Profit": 89,
        "Operating Income": 34,
        "EBIT": 55,
        "Net Income": 24
    },
    "2014-06-30": {
        "Diluted EPS": 0.59,
        "Total Revenue": 496,
        "Gross Profit": 95,
        "Operating Income": 43,
        "EBIT": 63,
        "Net Income": 30
    },
    "2014-03-31": {
        "Diluted EPS": 0.43,
        "Total Revenue": 481,
        "Gross Profit": 87,
        "Operating Income": 33,
        "EBIT": 53,
        "Net Income": 23
    },
    "2013-12-31": {
        "Diluted EPS": 0.61,
        "Total Revenue": 475,
        "Gross Profit": 95,
        "Operating Income": 44,
        "EBIT": 65,
        "Net Income": 33
    },
    "2013-09-30": {
        "Diluted EPS": 0.5,
        "Total Revenue": 470,
        "Gross Profit": 92,
        "Operating Income": 39,
        "EBIT": 58,
        "Net Income": 27
    },
    "2013-06-30": {
        "Diluted EPS": 0.52,
        "Total Revenue": 470,
        "Gross Profit": 92,
        "Operating Income": 41,
        "EBIT": 60,
        "Net Income": 29
    },
    "2013-03-31": {
        "Diluted EPS": 0.47,
        "Total Revenue": 463,
        "Gross Profit": 87,
        "Operating Income": 37,
        "EBIT": 56,
        "Net Income": 25
    },
    "2012-12-31": {
        "Diluted EPS": 0.4,
        "Total Revenue": 465,
        "Gross Profit": 88,
        "Operating Income": 28,
        "EBIT": 47,
        "Net Income": 22
    },
    "2012-09-30": {
        "Diluted EPS": 0.49,
        "Total Revenue": 454,
        "Gross Profit": 83,
        "Operating Income": 39,
        "EBIT": 58,
        "Net Income": 27
    },
    "2012-06-30": {
        "Diluted EPS": 0.52,
        "Total Revenue": 455,
        "Gross Profit": 89,
        "Operating Income": 41,
        "EBIT": 59,
        "Net Income": 28
    },
    "2012-03-31": {
        "Diluted EPS": 0.37,
        "Total Revenue": 436,
        "Gross Profit": 79,
        "Operating Income": 30,
        "EBIT": 49,
        "Net Income": 21
    },
    "2011-12-31": {
        "Diluted EPS": 0.52,
        "Total Revenue": 478,
        "Gross Profit": 87,
        "Operating Income": 38,
        "EBIT": 58,
        "Net Income": 30
    },
    "2011-09-30": {
        "Diluted EPS": 0.36,
        "Total Revenue": 430,
        "Gross Profit": 76,
        "Operating Income": 30,
        "EBIT": 48,
        "Net Income": 21
    },
    "2011-06-30": {
        "Diluted EPS": 0.42,
        "Total Revenue": 431,
        "Gross Profit": 78,
        "Operating Income": 35,
        "EBIT": 53,
        "Net Income": 25
    },
    "2011-03-31": {
        "Diluted EPS": 0.34,
        "Total Revenue": 419,
        "Gross Profit": 73,
        "Operating Income": 30,
        "EBIT": 47,
        "Net Income": 20
    },
    "2010-12-31": {
        "Diluted EPS": 0.35,
        "Total Revenue": 417,
        "Gross Profit": 74,
        "Operating Income": 31,
        "EBIT": 49,
        "Net Income": 22
    },
    "2010-09-30": {
        "Diluted EPS": 0.37,
        "Total Revenue": 418,
        "Gross Profit": 75,
        "Operating Income": 31,
        "EBIT": 49,
        "Net Income": 22
    },
    "2010-06-30": {
        "Diluted EPS": 0.32,
        "Total Revenue": 419,
        "Gross Profit": 80,
        "Operating Income": 37,
        "EBIT": 55,
        "Net Income": 19
    },
    "2010-03-31": {
        "Diluted EPS": 0.31,
        "Total Revenue": 405,
        "Gross Profit": 72,
        "Operating Income": 29,
        "EBIT": 47,
        "Net Income": 19
    },
    "2009-12-31": {
        "Diluted EPS": -0.01,
        "Total Revenue": 401,
        "Gross Profit": 72,
        "Operating Income": -1,
        "EBIT": 19,
        "Net Income": 0
    },
    "2009-09-30": {
        "Diluted EPS": 0.27,
        "Total Revenue": 401,
        "Gross Profit": 71,
        "Operating Income": 27,
        "EBIT": 46,
        "Net Income": 16
    },
    "2009-06-30": {
        "Diluted EPS": 0.28,
        "Total Revenue": 408,
        "Gross Profit": 74,
        "Operating Income": 29,
        "EBIT": 48,
        "Net Income": 17
    },
    "2009-03-31": {
        "Diluted EPS": 0.17,
        "Total Revenue": 393,
        "Gross Profit": 60,
        "Operating Income": 18,
        "EBIT": 37,
        "Net Income": 10
    },
    "2023-09-30": {
        "Tax Effect Of Unusual Items": NaN,
        "Tax Rate For Calcs": NaN,
        "Normalized EBITDA": NaN,
        "Total Unusual Items": NaN,
        "Total Unusual Items Excluding Goodwill": NaN,
        "Net Income From Continuing Operation Net Minority Interest": NaN,
        "Reconciled Depreciation": NaN,
        "Reconciled Cost Of Revenue": NaN,
        "EBITDA": NaN,
        "EBIT": NaN,
        "Net Interest Income": NaN,
        "Interest Expense": NaN,
        "Normalized Income": NaN,
        "Net Income From Continuing And Discontinued Operation": NaN,
        "Total Expenses": NaN,
        "Total Operating Income As Reported": NaN,
        "Diluted Average Shares": 48985000.0,
        "Basic Average Shares": 48281000.0,
        "Diluted EPS": 0.37,
        "Basic EPS": 0.37,
        "Diluted NI Availto Com Stockholders": NaN,
        "Net Income Common Stockholders": NaN,
        "Net Income": NaN,
        "Net Income Including Noncontrolling Interests": NaN,
        "Net Income Continuous Operations": NaN,
        "Tax Provision": NaN,
        "Pretax Income": NaN,
        "Other Income Expense": NaN,
        "Special Income Charges": NaN,
        "Other Special Charges": NaN,
        "Write Off": NaN,
        "Restructuring And Mergern Acquisition": NaN,
        "Net Non Operating Interest Income Expense": NaN,
        "Interest Expense Non Operating": NaN,
        "Operating Income": NaN,
        "Operating Expense": NaN,
        "Other Operating Expenses": NaN,
        "Depreciation Amortization Depletion Income Statement": NaN,
        "Depreciation And Amortization In Income Statement": NaN,
        "Selling General And Administration": NaN,
        "General And Administrative Expense": NaN,
        "Other Gand A": NaN,
        "Gross Profit": NaN,
        "Cost Of Revenue": NaN,
        "Total Revenue": NaN,
        "Operating Revenue": NaN
    },
    "2023-12-31": {
        "Tax Effect Of Unusual Items": -9492420.0,
        "Tax Rate For Calcs": 0.21,
        "Normalized EBITDA": 77353000.0,
        "Total Unusual Items": -45202000.0,
        "Total Unusual Items Excluding Goodwill": -45202000.0,
        "Net Income From Continuing Operation Net Minority Interest": 12681000.0,
        "Reconciled Depreciation": 24012000.0,
        "Reconciled Cost Of Revenue": 510004000.0,
        "EBITDA": 32151000.0,
        "EBIT": 8139000.0,
        "Net Interest Income": -2483000.0,
        "Interest Expense": 2483000.0,
        "Normalized Income": 48390580.0,
        "Net Income From Continuing And Discontinued Operation": 12681000.0,
        "Total Expenses": 823668000.0,
        "Total Operating Income As Reported": 8139000.0,
        "Diluted Average Shares": 48609000.0,
        "Basic Average Shares": 47828000.0,
        "Diluted EPS": 0.26,
        "Basic EPS": 0.27,
        "Diluted NI Availto Com Stockholders": 12681000.0,
        "Net Income Common Stockholders": 12681000.0,
        "Net Income": 12681000.0,
        "Net Income Including Noncontrolling Interests": 12681000.0,
        "Net Income Continuous Operations": 12681000.0,
        "Tax Provision": -7025000.0,
        "Pretax Income": 5656000.0,
        "Other Income Expense": -45202000.0,
        "Special Income Charges": -45202000.0,
        "Other Special Charges": 9579000.0,
        "Write Off": 27827000.0,
        "Restructuring And Mergern Acquisition": 7796000.0,
        "Net Non Operating Interest Income Expense": -2483000.0,
        "Interest Expense Non Operating": 2483000.0,
        "Operating Income": 53341000.0,
        "Operating Expense": 313664000.0,
        "Other Operating Expenses": 234969000.0,
        "Depreciation Amortization Depletion Income Statement": 24012000.0,
        "Depreciation And Amortization In Income Statement": 24012000.0,
        "Selling General And Administration": 54683000.0,
        "General And Administrative Expense": 54683000.0,
        "Other Gand A": 54683000.0,
        "Gross Profit": 367005000.0,
        "Cost Of Revenue": 510004000.0,
        "Total Revenue": 877009000.0,
        "Operating Revenue": 877009000.0
    },
    "2024-03-31": {
        "Tax Effect Of Unusual Items": -1053744.0,
        "Tax Rate For Calcs": 0.116,
        "Normalized EBITDA": 73133000.0,
        "Total Unusual Items": -9084000.0,
        "Total Unusual Items Excluding Goodwill": -9084000.0,
        "Net Income From Continuing Operation Net Minority Interest": 33191000.0,
        "Reconciled Depreciation": 24756000.0,
        "Reconciled Cost Of Revenue": 524183000.0,
        "EBITDA": 64049000.0,
        "EBIT": 39293000.0,
        "Net Interest Income": -1761000.0,
        "Interest Expense": 1761000.0,
        "Normalized Income": 41221256.0,
        "Net Income From Continuing And Discontinued Operation": 33191000.0,
        "Total Expenses": 842846000.0,
        "Total Operating Income As Reported": 39293000.0,
        "Diluted Average Shares": 48662000.0,
        "Basic Average Shares": 47749000.0,
        "Diluted EPS": 0.68,
        "Basic EPS": 0.7,
        "Diluted NI Availto Com Stockholders": 33191000.0,
        "Net Income Common Stockholders": 33191000.0,
        "Net Income": 33191000.0,
        "Net Income Including Noncontrolling Interests": 33191000.0,
        "Net Income Continuous Operations": 33191000.0,
        "Tax Provision": 4341000.0,
        "Pretax Income": 37532000.0,
        "Other Income Expense": -9084000.0,
        "Special Income Charges": -9084000.0,
        "Other Special Charges": 5880000.0,
        "Write Off": 2083000.0,
        "Restructuring And Mergern Acquisition": 1121000.0,
        "Net Non Operating Interest Income Expense": -1761000.0,
        "Interest Expense Non Operating": 1761000.0,
        "Operating Income": 48377000.0,
        "Operating Expense": 318663000.0,
        "Other Operating Expenses": 233541000.0,
        "Depreciation Amortization Depletion Income Statement": 24756000.0,
        "Depreciation And Amortization In Income Statement": 24756000.0,
        "Selling General And Administration": 60366000.0,
        "General And Administrative Expense": 60366000.0,
        "Other Gand A": 60366000.0,
        "Gross Profit": 367040000.0,
        "Cost Of Revenue": 524183000.0,
        "Total Revenue": 891223000.0,
        "Operating Revenue": 891223000.0
    },
    "2024-06-30": {
        "Tax Effect Of Unusual Items": -547377.0,
        "Tax Rate For Calcs": 0.069,
        "Normalized EBITDA": 91585000.0,
        "Total Unusual Items": -7933000.0,
        "Total Unusual Items Excluding Goodwill": -7933000.0,
        "Net Income From Continuing Operation Net Minority Interest": 52444000.0,
        "Reconciled Depreciation": 24960000.0,
        "Reconciled Cost Of Revenue": 518976000.0,
        "EBITDA": 83652000.0,
        "EBIT": 58692000.0,
        "Net Interest Income": -2348000.0,
        "Interest Expense": 2348000.0,
        "Normalized Income": 59829623.0,
        "Net Income From Continuing And Discontinued Operation": 52444000.0,
        "Total Expenses": 837417000.0,
        "Total Operating Income As Reported": 58692000.0,
        "Diluted Average Shares": 48775000.0,
        "Basic Average Shares": 47702000.0,
        "Diluted EPS": 1.08,
        "Basic EPS": 1.1,
        "Diluted NI Availto Com Stockholders": 52444000.0,
        "Net Income Common Stockholders": 52444000.0,
        "Net Income": 52444000.0,
        "Net Income Including Noncontrolling Interests": 52444000.0,
        "Net Income Continuous Operations": 52444000.0,
        "Tax Provision": 3900000.0,
        "Pretax Income": 56344000.0,
        "Other Income Expense": -7933000.0,
        "Special Income Charges": -7933000.0,
        "Other Special Charges": 6975000.0,
        "Write Off": -188000.0,
        "Restructuring And Mergern Acquisition": 1146000.0,
        "Net Non Operating Interest Income Expense": -2348000.0,
        "Interest Expense Non Operating": 2348000.0,
        "Operating Income": 66625000.0,
        "Operating Expense": 318441000.0,
        "Other Operating Expenses": 239097000.0,
        "Depreciation Amortization Depletion Income Statement": 24960000.0,
        "Depreciation And Amortization In Income Statement": 24960000.0,
        "Selling General And Administration": 54384000.0,
        "General And Administrative Expense": 54384000.0,
        "Other Gand A": 54384000.0,
        "Gross Profit": 385066000.0,
        "Cost Of Revenue": 518976000.0,
        "Total Revenue": 904042000.0,
        "Operating Revenue": 904042000.0
    },
    "2024-09-30": {
        "Tax Effect Of Unusual Items": -264074.0,
        "Tax Rate For Calcs": 0.058,
        "Normalized EBITDA": 63552000.0,
        "Total Unusual Items": -4553000.0,
        "Total Unusual Items Excluding Goodwill": -4553000.0,
        "Net Income From Continuing Operation Net Minority Interest": 29994000.0,
        "Reconciled Depreciation": 25299000.0,
        "Reconciled Cost Of Revenue": 506245000.0,
        "EBITDA": 58999000.0,
        "EBIT": 33700000.0,
        "Net Interest Income": -1865000.0,
        "Interest Expense": 1865000.0,
        "Normalized Income": 34282926.0,
        "Net Income From Continuing And Discontinued Operation": 29994000.0,
        "Total Expenses": 827218000.0,
        "Total Operating Income As Reported": 33700000.0,
        "Diluted Average Shares": 48946000.0,
        "Basic Average Shares": 47750000.0,
        "Diluted EPS": 0.61,
        "Basic EPS": 0.63,
        "Diluted NI Availto Com Stockholders": 29994000.0,
        "Net Income Common Stockholders": 29994000.0,
        "Net Income": 29994000.0,
        "Net Income Including Noncontrolling Interests": 29994000.0,
        "Net Income Continuous Operations": 29994000.0,
        "Tax Provision": 1841000.0,
        "Pretax Income": 31835000.0,
        "Other Income Expense": -4553000.0,
        "Special Income Charges": -4553000.0,
        "Other Special Charges": 7005000.0,
        "Write Off": -3472000.0,
        "Restructuring And Mergern Acquisition": 1020000.0,
        "Net Non Operating Interest Income Expense": -1865000.0,
        "Interest Expense Non Operating": 1865000.0,
        "Operating Income": 38253000.0,
        "Operating Expense": 320973000.0,
        "Other Operating Expenses": 239470000.0,
        "Depreciation Amortization Depletion Income Statement": 25299000.0,
        "Depreciation And Amortization In Income Statement": 25299000.0,
        "Selling General And Administration": 56204000.0,
        "General And Administrative Expense": 56204000.0,
        "Other Gand A": 56204000.0,
        "Gross Profit": 359226000.0,
        "Cost Of Revenue": 506245000.0,
        "Total Revenue": 865471000.0,
        "Operating Revenue": 865471000.0
    },
    "2024-12-31": {
        "Tax Effect Of Unusual Items": -2029472.869243,
        "Tax Rate For Calcs": 0.092245,
        "Normalized EBITDA": 97905000.0,
        "Total Unusual Items": -22001000.0,
        "Total Unusual Items Excluding Goodwill": -22001000.0,
        "Net Income From Continuing Operation Net Minority Interest": 41154000.0,
        "Reconciled Depreciation": 26435000.0,
        "Reconciled Cost Of Revenue": 520999000.0,
        "EBITDA": 75904000.0,
        "EBIT": 49469000.0,
        "Net Interest Income": -4133000.0,
        "Interest Expense": 4133000.0,
        "Normalized Income": 61125527.130757,
        "Net Income From Continuing And Discontinued Operation": 41154000.0,
        "Total Expenses": 852330000.0,
        "Total Operating Income As Reported": 46632000.0,
        "Diluted Average Shares": NaN,
        "Basic Average Shares": NaN,
        "Diluted EPS": NaN,
        "Basic EPS": NaN,
        "Diluted NI Availto Com Stockholders": 41154000.0,
        "Net Income Common Stockholders": 41154000.0,
        "Net Income": 41154000.0,
        "Net Income Including Noncontrolling Interests": 41154000.0,
        "Net Income Continuous Operations": 41154000.0,
        "Tax Provision": 4182000.0,
        "Pretax Income": 45336000.0,
        "Other Income Expense": -19164000.0,
        "Special Income Charges": -22001000.0,
        "Other Special Charges": 7635000.0,
        "Write Off": 15224000.0,
        "Restructuring And Mergern Acquisition": -858000.0,
        "Net Non Operating Interest Income Expense": -4133000.0,
        "Interest Expense Non Operating": 4133000.0,
        "Operating Income": 68633000.0,
        "Operating Expense": 331331000.0,
        "Other Operating Expenses": 247113000.0,
        "Depreciation Amortization Depletion Income Statement": 26435000.0,
        "Depreciation And Amortization In Income Statement": 26435000.0,
        "Selling General And Administration": 57783000.0,
        "General And Administrative Expense": 57783000.0,
        "Other Gand A": 57783000.0,
        "Gross Profit": 399964000.0,
        "Cost Of Revenue": 520999000.0,
        "Total Revenue": 920963000.0,
        "Operating Revenue": 920963000.0
    }
}