{
    "2023-05-31": {
        "Tax Effect Of Unusual Items": NaN,
        "Tax Rate For Calcs": NaN,
        "Normalized EBITDA": NaN,
        "Total Unusual Items": NaN,
        "Total Unusual Items Excluding Goodwill": NaN,
        "Net Income From Continuing Operation Net Minority Interest": NaN,
        "Reconciled Depreciation": NaN,
        "Reconciled Cost Of Revenue": NaN,
        "EBITDA": NaN,
        "EBIT": NaN,
        "Net Interest Income": NaN,
        "Interest Income": NaN,
        "Normalized Income": NaN,
        "Net Income From Continuing And Discontinued Operation": NaN,
        "Total Expenses": NaN,
        "Total Operating Income As Reported": NaN,
        "Diluted Average Shares": NaN,
        "Basic Average Shares": NaN,
        "Diluted EPS": NaN,
        "Basic EPS": NaN,
        "Diluted NI Availto Com Stockholders": NaN,
        "Net Income Common Stockholders": NaN,
        "Net Income": NaN,
        "Minority Interests": NaN,
        "Net Income Including Noncontrolling Interests": NaN,
        "Net Income Continuous Operations": NaN,
        "Tax Provision": NaN,
        "Pretax Income": NaN,
        "Other Income Expense": NaN,
        "Other Non Operating Income Expenses": NaN,
        "Special Income Charges": NaN,
        "Gain On Sale Of Ppe": NaN,
        "Other Special Charges": -125000.0,
        "Earnings From Equity Interest": -197000.0,
        "Gain On Sale Of Security": 0.0,
        "Net Non Operating Interest Income Expense": NaN,
        "Interest Income Non Operating": NaN,
        "Operating Income": NaN,
        "Operating Expense": NaN,
        "Other Operating Expenses": NaN,
        "Selling General And Administration": NaN,
        "Selling And Marketing Expense": NaN,
        "General And Administrative Expense": NaN,
        "Other Gand A": NaN,
        "Salaries And Wages": 19825000.0,
        "Gross Profit": NaN,
        "Cost Of Revenue": NaN,
        "Total Revenue": NaN,
        "Operating Revenue": NaN
    },
    "2023-02-28": {
        "Tax Effect Of Unusual Items": NaN,
        "Tax Rate For Calcs": NaN,
        "Normalized EBITDA": NaN,
        "Total Unusual Items": NaN,
        "Total Unusual Items Excluding Goodwill": NaN,
        "Net Income From Continuing Operation Net Minority Interest": NaN,
        "Reconciled Depreciation": NaN,
        "Reconciled Cost Of Revenue": NaN,
        "EBITDA": NaN,
        "EBIT": NaN,
        "Net Interest Income": NaN,
        "Interest Income": NaN,
        "Normalized Income": NaN,
        "Net Income From Continuing And Discontinued Operation": NaN,
        "Total Expenses": NaN,
        "Total Operating Income As Reported": NaN,
        "Diluted Average Shares": 48842000.0,
        "Basic Average Shares": 48653000.0,
        "Diluted EPS": 6.62,
        "Basic EPS": 6.64,
        "Diluted NI Availto Com Stockholders": NaN,
        "Net Income Common Stockholders": NaN,
        "Net Income": NaN,
        "Minority Interests": NaN,
        "Net Income Including Noncontrolling Interests": NaN,
        "Net Income Continuous Operations": NaN,
        "Tax Provision": NaN,
        "Pretax Income": NaN,
        "Other Income Expense": NaN,
        "Other Non Operating Income Expenses": NaN,
        "Special Income Charges": NaN,
        "Gain On Sale Of Ppe": NaN,
        "Other Special Charges": -3220000.0,
        "Earnings From Equity Interest": NaN,
        "Gain On Sale Of Security": 10239000.0,
        "Net Non Operating Interest Income Expense": NaN,
        "Interest Income Non Operating": NaN,
        "Operating Income": NaN,
        "Operating Expense": NaN,
        "Other Operating Expenses": NaN,
        "Selling General And Administration": NaN,
        "Selling And Marketing Expense": NaN,
        "General And Administrative Expense": NaN,
        "Other Gand A": NaN,
        "Salaries And Wages": 15384000.0,
        "Gross Profit": NaN,
        "Cost Of Revenue": NaN,
        "Total Revenue": NaN,
        "Operating Revenue": NaN
    },
    "2022-11-30": {
        "Tax Effect Of Unusual Items": NaN,
        "Tax Rate For Calcs": NaN,
        "Normalized EBITDA": NaN,
        "Total Unusual Items": NaN,
        "Total Unusual Items Excluding Goodwill": NaN,
        "Net Income From Continuing Operation Net Minority Interest": NaN,
        "Reconciled Depreciation": NaN,
        "Reconciled Cost Of Revenue": NaN,
        "EBITDA": NaN,
        "EBIT": NaN,
        "Net Interest Income": NaN,
        "Interest Income": NaN,
        "Normalized Income": NaN,
        "Net Income From Continuing And Discontinued Operation": NaN,
        "Total Expenses": NaN,
        "Total Operating Income As Reported": NaN,
        "Diluted Average Shares": 48840000.0,
        "Basic Average Shares": 48624000.0,
        "Diluted EPS": 4.07,
        "Basic EPS": 4.08,
        "Diluted NI Availto Com Stockholders": NaN,
        "Net Income Common Stockholders": NaN,
        "Net Income": NaN,
        "Minority Interests": NaN,
        "Net Income Including Noncontrolling Interests": NaN,
        "Net Income Continuous Operations": NaN,
        "Tax Provision": NaN,
        "Pretax Income": NaN,
        "Other Income Expense": NaN,
        "Other Non Operating Income Expenses": NaN,
        "Special Income Charges": NaN,
        "Gain On Sale Of Ppe": NaN,
        "Other Special Charges": NaN,
        "Earnings From Equity Interest": NaN,
        "Gain On Sale Of Security": NaN,
        "Net Non Operating Interest Income Expense": NaN,
        "Interest Income Non Operating": NaN,
        "Operating Income": NaN,
        "Operating Expense": NaN,
        "Selling General And Administration": NaN,
        "Selling And Marketing Expense": NaN,
        "General And Administrative Expense": NaN,
        "Other Gand A": NaN,
        "Salaries And Wages": NaN,
        "Gross Profit": NaN,
        "Cost Of Revenue": NaN,
        "Total Revenue": NaN,
        "Operating Revenue": NaN
    },
    "2022-08-31": {
        "Tax Effect Of Unusual Items": -8052.0,
        "Tax Rate For Calcs": 0.244,
        "Normalized EBITDA": 181228000.0,
        "Total Unusual Items": -33000.0,
        "Total Unusual Items Excluding Goodwill": -33000.0,
        "Net Income From Continuing Operation Net Minority Interest": 125287000.0,
        "Reconciled Depreciation": 17312000.0,
        "Reconciled Cost Of Revenue": 440854000.0,
        "EBITDA": 181195000.0,
        "EBIT": 163883000.0,
        "Net Interest Income": 903000.0,
        "Interest Income": 903000.0,
        "Normalized Income": 125311948.0,
        "Net Income From Continuing And Discontinued Operation": 125287000.0,
        "Total Expenses": 494461000.0,
        "Total Operating Income As Reported": 163850000.0,
        "Diluted Average Shares": 48811000.0,
        "Basic Average Shares": 48623000.0,
        "Diluted EPS": 2.57,
        "Basic EPS": 2.58,
        "Diluted NI Availto Com Stockholders": 125287000.0,
        "Net Income Common Stockholders": 125287000.0,
        "Net Income": 125287000.0,
        "Minority Interests": 153000.0,
        "Net Income Including Noncontrolling Interests": 125134000.0,
        "Net Income Continuous Operations": 125134000.0,
        "Tax Provision": 40346000.0,
        "Pretax Income": 165480000.0,
        "Other Income Expense": 694000.0,
        "Other Non Operating Income Expenses": 583000.0,
        "Special Income Charges": -33000.0,
        "Gain On Sale Of Ppe": -33000.0,
        "Other Special Charges": NaN,
        "Earnings From Equity Interest": 144000.0,
        "Gain On Sale Of Security": NaN,
        "Net Non Operating Interest Income Expense": 903000.0,
        "Interest Income Non Operating": 903000.0,
        "Operating Income": 163883000.0,
        "Operating Expense": 53607000.0,
        "Selling General And Administration": 53607000.0,
        "Selling And Marketing Expense": 19916000.0,
        "General And Administrative Expense": 33691000.0,
        "Other Gand A": 21679000.0,
        "Salaries And Wages": 12012000.0,
        "Gross Profit": 217490000.0,
        "Cost Of Revenue": 440854000.0,
        "Total Revenue": 658344000.0,
        "Operating Revenue": 658344000.0
    },
    "2022-05-31": {
        "Tax Effect Of Unusual Items": 564518.901635,
        "Tax Rate For Calcs": 0.249346,
        "Normalized EBITDA": 186570000.0,
        "Total Unusual Items": 2264000.0,
        "Total Unusual Items Excluding Goodwill": 2264000.0,
        "Net Income From Continuing Operation Net Minority Interest": 109986000.0,
        "Reconciled Depreciation": 17399000.0,
        "Reconciled Cost Of Revenue": 397879000.0,
        "EBIT": 171435000.0,
        "Net Interest Income": 145000.0,
        "Interest Income": 548000.0,
        "Normalized Income": 108286518.901635,
        "Net Income From Continuing And Discontinued Operation": 109986000.0,
        "Total Expenses": 449519000.0,
        "Total Operating Income As Reported": 145699000.0,
        "Diluted Average Shares": 47831000.0,
        "Basic Average Shares": 47660000.0,
        "Diluted EPS": 2.26,
        "Basic EPS": 2.27,
        "Diluted NI Availto Com Stockholders": 109986000.0,
        "Net Income Common Stockholders": 109986000.0,
        "Net Income": 109986000.0,
        "Minority Interests": 118000.0,
        "Net Income Including Noncontrolling Interests": 109868000.0,
        "Net Income Continuous Operations": 109868000.0,
        "Tax Provision": 36495000.0,
        "Pretax Income": 146363000.0,
        "Other Income Expense": 2773000.0,
        "Other Non Operating Income Expenses": 774000.0,
        "Special Income Charges": 2254000.0,
        "Gain On Sale Of Ppe": 2254000.0,
        "Other Special Charges": NaN,
        "Earnings From Equity Interest": -265000.0,
        "Gain On Sale Of Security": 10000.0,
        "Net Non Operating Interest Income Expense": 145000.0,
        "Interest Income Non Operating": 548000.0,
        "Operating Income": 143445000.0,
        "Operating Expense": 51640000.0,
        "Selling General And Administration": 51640000.0,
        "Selling And Marketing Expense": 17906000.0,
        "General And Administrative Expense": 33734000.0,
        "Other Gand A": 21340000.0,
        "Salaries And Wages": 12394000.0,
        "Gross Profit": 195085000.0,
        "Cost Of Revenue": 397879000.0,
        "Total Revenue": 592964000.0,
        "Operating Revenue": 592964000.0
    },
    "2022-02-28": {
        "Diluted EPS": 0.81,
        "Total Revenue": 477,
        "Gross Profit": 92,
        "Operating Income": 40,
        "EBIT": 57,
        "Net Income": 40
    },
    "2021-11-30": {
        "Diluted EPS": 0.02,
        "Total Revenue": 382,
        "Gross Profit": 44,
        "Operating Income": -2,
        "EBIT": 15,
        "Net Income": 1
    },
    "2021-08-31": {
        "Diluted EPS": -0.37,
        "Total Revenue": 325,
        "Gross Profit": 7,
        "Operating Income": -40,
        "EBIT": -22,
        "Net Income": -18
    },
    "2021-05-31": {
        "Diluted EPS": -0.09,
        "Total Revenue": 350,
        "Gross Profit": 38,
        "Operating Income": -13,
        "EBIT": 3,
        "Net Income": -4
    },
    "2021-02-28": {
        "Diluted EPS": 0.28,
        "Total Revenue": 359,
        "Gross Profit": 48,
        "Operating Income": 0,
        "EBIT": 15,
        "Net Income": 14
    },
    "2020-11-30": {
        "Diluted EPS": 0.25,
        "Total Revenue": 347,
        "Gross Profit": 58,
        "Operating Income": 14,
        "EBIT": 29,
        "Net Income": 12
    },
    "2020-08-31": {
        "Diluted EPS": -0.4,
        "Total Revenue": 293,
        "Gross Profit": 17,
        "Operating Income": -27,
        "EBIT": -12,
        "Net Income": -19
    },
    "2020-05-31": {
        "Diluted EPS": 1.25,
        "Total Revenue": 453,
        "Gross Profit": 122,
        "Operating Income": 76,
        "EBIT": 92,
        "Net Income": 60
    },
    "2020-02-29": {
        "Diluted EPS": 0.28,
        "Total Revenue": 346,
        "Gross Profit": 50,
        "Operating Income": 5,
        "EBIT": 21,
        "Net Income": 14
    },
    "2019-11-30": {
        "Diluted EPS": -0.21,
        "Total Revenue": 312,
        "Gross Profit": 29,
        "Operating Income": -17,
        "EBIT": -3,
        "Net Income": -10
    },
    "2019-08-31": {
        "Diluted EPS": -0.94,
        "Total Revenue": 241,
        "Gross Profit": -21,
        "Operating Income": -63,
        "EBIT": -50,
        "Net Income": -46
    },
    "2019-05-31": {
        "Diluted EPS": -0.41,
        "Total Revenue": 281,
        "Gross Profit": 13,
        "Operating Income": -30,
        "EBIT": -16,
        "Net Income": -20
    },
    "2019-02-28": {
        "Diluted EPS": 0.82,
        "Total Revenue": 384,
        "Gross Profit": 82,
        "Operating Income": 38,
        "EBIT": 52,
        "Net Income": 40
    },
    "2018-11-30": {
        "Diluted EPS": 0.45,
        "Total Revenue": 356,
        "Gross Profit": 71,
        "Operating Income": 25,
        "EBIT": 39,
        "Net Income": 22
    },
    "2018-08-31": {
        "Diluted EPS": 0.26,
        "Total Revenue": 341,
        "Gross Profit": 57,
        "Operating Income": 13,
        "EBIT": 26,
        "Net Income": 12
    },
    "2018-05-31": {
        "Diluted EPS": 1.48,
        "Total Revenue": 443,
        "Gross Profit": 141,
        "Operating Income": 89,
        "EBIT": 105,
        "Net Income": 72
    },
    "2018-02-28": {
        "Diluted EPS": 1.99,
        "Total Revenue": 436,
        "Gross Profit": 120,
        "Operating Income": 76,
        "EBIT": 90,
        "Net Income": 96
    },
    "2017-11-30": {
        "Diluted EPS": -0.54,
        "Total Revenue": 361,
        "Gross Profit": 82,
        "Operating Income": -40,
        "EBIT": -27,
        "Net Income": -26
    },
    "2017-08-31": {
        "Diluted EPS": -0.33,
        "Total Revenue": 263,
        "Gross Profit": 17,
        "Operating Income": -24,
        "EBIT": -11,
        "Net Income": -16
    },
    "2017-05-31": {
        "Diluted EPS": -0.51,
        "Total Revenue": 275,
        "Gross Profit": 12,
        "Operating Income": -40,
        "EBIT": -24,
        "Net Income": -24
    },
    "2017-02-28": {
        "Diluted EPS": 0.09,
        "Total Revenue": 307,
        "Gross Profit": 39,
        "Operating Income": -5,
        "EBIT": 8,
        "Net Income": 4
    },
    "2016-11-30": {
        "Diluted EPS": -0.48,
        "Total Revenue": 254,
        "Gross Profit": 4,
        "Operating Income": -38,
        "EBIT": -26,
        "Net Income": -23
    },
    "2016-08-31": {
        "Diluted EPS": -0.64,
        "Total Revenue": 240,
        "Gross Profit": -10,
        "Operating Income": -50,
        "EBIT": -39,
        "Net Income": -31
    },
    "2016-05-31": {
        "Diluted EPS": -0.01,
        "Total Revenue": 303,
        "Gross Profit": 41,
        "Operating Income": 0,
        "EBIT": 18,
        "Net Income": 0
    },
    "2016-02-29": {
        "Diluted EPS": 1.33,
        "Total Revenue": 450,
        "Gross Profit": 133,
        "Operating Income": 86,
        "EBIT": 97,
        "Net Income": 64
    },
    "2015-11-30": {
        "Diluted EPS": 2.26,
        "Total Revenue": 546,
        "Gross Profit": 212,
        "Operating Income": 166,
        "EBIT": 177,
        "Net Income": 109
    },
    "2015-08-31": {
        "Diluted EPS": 2.95,
        "Total Revenue": 610,
        "Gross Profit": 263,
        "Operating Income": 220,
        "EBIT": 231,
        "Net Income": 143
    },
    "2015-05-31": {
        "Diluted EPS": 0.95,
        "Total Revenue": 403,
        "Gross Profit": 109,
        "Operating Income": 66,
        "EBIT": 76,
        "Net Income": 46
    },
    "2015-02-28": {
        "Diluted EPS": 1.05,
        "Total Revenue": 438,
        "Gross Profit": 113,
        "Operating Income": 72,
        "EBIT": 82,
        "Net Income": 51
    },
    "2014-11-30": {
        "Diluted EPS": 0.76,
        "Total Revenue": 379,
        "Gross Profit": 93,
        "Operating Income": 56,
        "EBIT": 66,
        "Net Income": 37
    },
    "2014-08-31": {
        "Diluted EPS": 0.57,
        "Total Revenue": 357,
        "Gross Profit": 81,
        "Operating Income": 41,
        "EBIT": 50,
        "Net Income": 28
    },
    "2014-05-31": {
        "Diluted EPS": 0.65,
        "Total Revenue": 372,
        "Gross Profit": 91,
        "Operating Income": 48,
        "EBIT": 57,
        "Net Income": 31
    },
    "2014-02-28": {
        "Diluted EPS": 0.89,
        "Total Revenue": 396,
        "Gross Profit": 92,
        "Operating Income": 47,
        "EBIT": 56,
        "Net Income": 43
    },
    "2013-11-30": {
        "Diluted EPS": 0.54,
        "Total Revenue": 354,
        "Gross Profit": 75,
        "Operating Income": 41,
        "EBIT": 50,
        "Net Income": 26
    },
    "2013-08-31": {
        "Diluted EPS": 0.18,
        "Total Revenue": 320,
        "Gross Profit": 45,
        "Operating Income": 11,
        "EBIT": 20,
        "Net Income": 9
    },
    "2013-05-31": {
        "Diluted EPS": -0.08,
        "Total Revenue": 326,
        "Gross Profit": 51,
        "Operating Income": -7,
        "EBIT": 2,
        "Net Income": -4
    },
    "2013-02-28": {
        "Diluted EPS": 0.64,
        "Total Revenue": 360,
        "Gross Profit": 67,
        "Operating Income": 31,
        "EBIT": 39,
        "Net Income": 31
    },
    "2012-11-30": {
        "Diluted EPS": 0.3,
        "Total Revenue": 329,
        "Gross Profit": 51,
        "Operating Income": 20,
        "EBIT": 29,
        "Net Income": 14
    },
    "2012-08-31": {
        "Diluted EPS": 0.2,
        "Total Revenue": 273,
        "Gross Profit": 45,
        "Operating Income": 16,
        "EBIT": 24,
        "Net Income": 9
    },
    "2012-05-31": {
        "Diluted EPS": 0.78,
        "Total Revenue": 275,
        "Gross Profit": 41,
        "Operating Income": 12,
        "EBIT": 20,
        "Net Income": 37
    },
    "2012-02-29": {
        "Diluted EPS": 0.55,
        "Total Revenue": 304,
        "Gross Profit": 65,
        "Operating Income": 35,
        "EBIT": 42,
        "Net Income": 26
    },
    "2011-11-30": {
        "Diluted EPS": 0.49,
        "Total Revenue": 290,
        "Gross Profit": 61,
        "Operating Income": 36,
        "EBIT": 43,
        "Net Income": 23
    },
    "2011-08-31": {
        "Diluted EPS": 0.07,
        "Total Revenue": 244,
        "Gross Profit": 34,
        "Operating Income": 6,
        "EBIT": 14,
        "Net Income": 3
    },
    "2011-05-31": {
        "Diluted EPS": 0.16,
        "Total Revenue": 242,
        "Gross Profit": 41,
        "Operating Income": 14,
        "EBIT": 21,
        "Net Income": 7
    },
    "2011-02-28": {
        "Diluted EPS": 0.7,
        "Total Revenue": 275,
        "Gross Profit": 66,
        "Operating Income": 39,
        "EBIT": 47,
        "Net Income": 34
    },
    "2010-11-30": {
        "Diluted EPS": 0.32,
        "Total Revenue": 235,
        "Gross Profit": 45,
        "Operating Income": 23,
        "EBIT": 30,
        "Net Income": 15
    },
    "2010-08-31": {
        "Diluted EPS": 0.1,
        "Total Revenue": 190,
        "Gross Profit": 33,
        "Operating Income": 8,
        "EBIT": 16,
        "Net Income": 5
    },
    "2010-05-31": {
        "Diluted EPS": 0.44,
        "Total Revenue": 222,
        "Gross Profit": 55,
        "Operating Income": 33,
        "EBIT": 42,
        "Net Income": 21
    },
    "2010-02-28": {
        "Diluted EPS": 0.73,
        "Total Revenue": 271,
        "Gross Profit": 75,
        "Operating Income": 50,
        "EBIT": 57,
        "Net Income": 35
    },
    "2009-11-30": {
        "Diluted EPS": 0.34,
        "Total Revenue": 229,
        "Gross Profit": 47,
        "Operating Income": 25,
        "EBIT": 33,
        "Net Income": 16
    },
    "2009-08-31": {
        "Diluted EPS": -0.08,
        "Total Revenue": 188,
        "Gross Profit": 18,
        "Operating Income": -5,
        "EBIT": 2,
        "Net Income": -4
    },
    "2009-05-31": {
        "Diluted EPS": 0.22,
        "Total Revenue": 214,
        "Gross Profit": 38,
        "Operating Income": 15,
        "EBIT": 24,
        "Net Income": 10
    },
    "2009-02-28": {
        "Diluted EPS": 0.65,
        "Total Revenue": 270,
        "Gross Profit": 68,
        "Operating Income": 45,
        "EBIT": 53,
        "Net Income": 31
    },
    "2023-08-31": {
        "Tax Effect Of Unusual Items": NaN,
        "Tax Rate For Calcs": NaN,
        "Normalized EBITDA": NaN,
        "Total Unusual Items": NaN,
        "Total Unusual Items Excluding Goodwill": NaN,
        "Net Income From Continuing Operation Net Minority Interest": NaN,
        "Reconciled Depreciation": NaN,
        "Reconciled Cost Of Revenue": NaN,
        "EBITDA": NaN,
        "EBIT": NaN,
        "Net Interest Income": NaN,
        "Interest Income": NaN,
        "Normalized Income": NaN,
        "Net Income From Continuing And Discontinued Operation": NaN,
        "Total Expenses": NaN,
        "Total Operating Income As Reported": NaN,
        "Diluted Average Shares": NaN,
        "Basic Average Shares": NaN,
        "Diluted EPS": NaN,
        "Basic EPS": NaN,
        "Diluted NI Availto Com Stockholders": NaN,
        "Net Income Common Stockholders": NaN,
        "Net Income": NaN,
        "Minority Interests": NaN,
        "Net Income Including Noncontrolling Interests": NaN,
        "Net Income Continuous Operations": NaN,
        "Tax Provision": NaN,
        "Pretax Income": NaN,
        "Other Income Expense": NaN,
        "Other Non Operating Income Expenses": NaN,
        "Special Income Charges": NaN,
        "Gain On Sale Of Ppe": NaN,
        "Other Special Charges": NaN,
        "Earnings From Equity Interest": -470000.0,
        "Gain On Sale Of Security": NaN,
        "Net Non Operating Interest Income Expense": NaN,
        "Interest Income Non Operating": NaN,
        "Operating Income": NaN,
        "Operating Expense": NaN,
        "Other Operating Expenses": NaN,
        "Selling General And Administration": NaN,
        "Selling And Marketing Expense": NaN,
        "General And Administrative Expense": NaN,
        "Other Gand A": NaN,
        "Salaries And Wages": 13106000.0,
        "Gross Profit": NaN,
        "Cost Of Revenue": NaN,
        "Total Revenue": NaN,
        "Operating Revenue": NaN
    },
    "2023-11-30": {
        "Tax Effect Of Unusual Items": NaN,
        "Tax Rate For Calcs": NaN,
        "Normalized EBITDA": NaN,
        "Total Unusual Items": NaN,
        "Total Unusual Items Excluding Goodwill": NaN,
        "Net Income From Continuing Operation Net Minority Interest": NaN,
        "Reconciled Depreciation": NaN,
        "Reconciled Cost Of Revenue": NaN,
        "EBITDA": NaN,
        "EBIT": NaN,
        "Net Interest Income": NaN,
        "Interest Income": NaN,
        "Normalized Income": NaN,
        "Net Income From Continuing And Discontinued Operation": NaN,
        "Total Expenses": NaN,
        "Total Operating Income As Reported": NaN,
        "Diluted Average Shares": NaN,
        "Basic Average Shares": NaN,
        "Diluted EPS": NaN,
        "Basic EPS": NaN,
        "Diluted NI Availto Com Stockholders": NaN,
        "Net Income Common Stockholders": NaN,
        "Net Income": NaN,
        "Minority Interests": NaN,
        "Net Income Including Noncontrolling Interests": NaN,
        "Net Income Continuous Operations": NaN,
        "Tax Provision": NaN,
        "Pretax Income": NaN,
        "Other Income Expense": NaN,
        "Other Non Operating Income Expenses": NaN,
        "Special Income Charges": NaN,
        "Gain On Sale Of Ppe": NaN,
        "Other Special Charges": 19648000.0,
        "Earnings From Equity Interest": 29000.0,
        "Gain On Sale Of Security": NaN,
        "Net Non Operating Interest Income Expense": NaN,
        "Interest Income Non Operating": NaN,
        "Operating Income": NaN,
        "Operating Expense": NaN,
        "Other Operating Expenses": NaN,
        "Selling General And Administration": NaN,
        "Selling And Marketing Expense": NaN,
        "General And Administrative Expense": NaN,
        "Other Gand A": NaN,
        "Salaries And Wages": 12137000.0,
        "Gross Profit": NaN,
        "Cost Of Revenue": NaN,
        "Total Revenue": NaN,
        "Operating Revenue": NaN
    },
    "2024-02-29": {
        "Tax Effect Of Unusual Items": NaN,
        "Tax Rate For Calcs": NaN,
        "Normalized EBITDA": NaN,
        "Total Unusual Items": NaN,
        "Total Unusual Items Excluding Goodwill": NaN,
        "Net Income From Continuing Operation Net Minority Interest": NaN,
        "Reconciled Depreciation": NaN,
        "Reconciled Cost Of Revenue": NaN,
        "EBITDA": NaN,
        "EBIT": NaN,
        "Net Interest Income": NaN,
        "Interest Income": NaN,
        "Normalized Income": NaN,
        "Net Income From Continuing And Discontinued Operation": NaN,
        "Total Expenses": NaN,
        "Total Operating Income As Reported": NaN,
        "Diluted Average Shares": NaN,
        "Basic Average Shares": NaN,
        "Diluted EPS": NaN,
        "Basic EPS": NaN,
        "Diluted NI Availto Com Stockholders": NaN,
        "Net Income Common Stockholders": NaN,
        "Net Income": NaN,
        "Minority Interests": NaN,
        "Net Income Including Noncontrolling Interests": NaN,
        "Net Income Continuous Operations": NaN,
        "Tax Provision": NaN,
        "Pretax Income": NaN,
        "Other Income Expense": NaN,
        "Other Non Operating Income Expenses": NaN,
        "Special Income Charges": NaN,
        "Gain On Sale Of Ppe": NaN,
        "Other Special Charges": -9929000.0,
        "Earnings From Equity Interest": 2666000.0,
        "Gain On Sale Of Security": 11298000.0,
        "Net Non Operating Interest Income Expense": NaN,
        "Interest Income Non Operating": NaN,
        "Operating Income": NaN,
        "Operating Expense": NaN,
        "Other Operating Expenses": NaN,
        "Selling General And Administration": NaN,
        "Selling And Marketing Expense": NaN,
        "General And Administrative Expense": NaN,
        "Other Gand A": NaN,
        "Salaries And Wages": 14245000.0,
        "Gross Profit": NaN,
        "Cost Of Revenue": NaN,
        "Total Revenue": NaN,
        "Operating Revenue": NaN
    },
    "2024-05-31": {
        "Tax Effect Of Unusual Items": NaN,
        "Tax Rate For Calcs": NaN,
        "Normalized EBITDA": NaN,
        "Total Unusual Items": NaN,
        "Total Unusual Items Excluding Goodwill": NaN,
        "Net Income From Continuing Operation Net Minority Interest": NaN,
        "Reconciled Depreciation": NaN,
        "Reconciled Cost Of Revenue": NaN,
        "EBITDA": NaN,
        "EBIT": NaN,
        "Net Interest Income": NaN,
        "Interest Income": NaN,
        "Normalized Income": NaN,
        "Net Income From Continuing And Discontinued Operation": NaN,
        "Total Expenses": NaN,
        "Total Operating Income As Reported": NaN,
        "Diluted Average Shares": NaN,
        "Basic Average Shares": NaN,
        "Diluted EPS": NaN,
        "Basic EPS": NaN,
        "Diluted NI Availto Com Stockholders": NaN,
        "Net Income Common Stockholders": NaN,
        "Net Income": NaN,
        "Minority Interests": NaN,
        "Net Income Including Noncontrolling Interests": NaN,
        "Net Income Continuous Operations": NaN,
        "Tax Provision": NaN,
        "Pretax Income": NaN,
        "Other Income Expense": NaN,
        "Other Non Operating Income Expenses": NaN,
        "Special Income Charges": NaN,
        "Gain On Sale Of Ppe": NaN,
        "Other Special Charges": -13603000.0,
        "Earnings From Equity Interest": -805000.0,
        "Gain On Sale Of Security": 33000.0,
        "Net Non Operating Interest Income Expense": NaN,
        "Interest Income Non Operating": NaN,
        "Operating Income": NaN,
        "Operating Expense": NaN,
        "Other Operating Expenses": NaN,
        "Selling General And Administration": NaN,
        "Selling And Marketing Expense": NaN,
        "General And Administrative Expense": NaN,
        "Other Gand A": NaN,
        "Salaries And Wages": NaN,
        "Gross Profit": NaN,
        "Cost Of Revenue": NaN,
        "Total Revenue": NaN,
        "Operating Revenue": NaN
    },
    "2024-08-31": {
        "Tax Effect Of Unusual Items": 443348.0,
        "Tax Rate For Calcs": 0.244,
        "Normalized EBITDA": 205371000.0,
        "Total Unusual Items": 1817000.0,
        "Total Unusual Items Excluding Goodwill": 1817000.0,
        "Net Income From Continuing Operation Net Minority Interest": 149976000.0,
        "Reconciled Depreciation": 22048000.0,
        "Reconciled Cost Of Revenue": 538653000.0,
        "EBITDA": 207188000.0,
        "EBIT": 185140000.0,
        "Net Interest Income": 9785000.0,
        "Interest Income": 9785000.0,
        "Normalized Income": 148602348.0,
        "Net Income From Continuing And Discontinued Operation": 149976000.0,
        "Total Expenses": 600731000.0,
        "Total Operating Income As Reported": 186957000.0,
        "Diluted Average Shares": 48932000.0,
        "Basic Average Shares": 48761000.0,
        "Diluted EPS": 3.06,
        "Basic EPS": 3.08,
        "Diluted NI Availto Com Stockholders": 149976000.0,
        "Net Income Common Stockholders": 149976000.0,
        "Net Income": 149976000.0,
        "Minority Interests": 386000.0,
        "Net Income Including Noncontrolling Interests": 149590000.0,
        "Net Income Continuous Operations": 149590000.0,
        "Tax Provision": 48363000.0,
        "Pretax Income": 197953000.0,
        "Other Income Expense": 3028000.0,
        "Other Non Operating Income Expenses": 1211000.0,
        "Special Income Charges": 1817000.0,
        "Gain On Sale Of Ppe": 1817000.0,
        "Other Special Charges": NaN,
        "Earnings From Equity Interest": NaN,
        "Gain On Sale Of Security": NaN,
        "Net Non Operating Interest Income Expense": 9785000.0,
        "Interest Income Non Operating": 9785000.0,
        "Operating Income": 185140000.0,
        "Operating Expense": 62078000.0,
        "Other Operating Expenses": 146000.0,
        "Selling General And Administration": 61932000.0,
        "Selling And Marketing Expense": 35416000.0,
        "General And Administrative Expense": 26516000.0,
        "Other Gand A": 26516000.0,
        "Salaries And Wages": NaN,
        "Gross Profit": 247218000.0,
        "Cost Of Revenue": 538653000.0,
        "Total Revenue": 785871000.0,
        "Operating Revenue": 785871000.0
    },
    "2024-11-30": {
        "Tax Effect Of Unusual Items": -82472.0,
        "Tax Rate For Calcs": 0.244,
        "Normalized EBITDA": 302507000.0,
        "Total Unusual Items": -338000.0,
        "Total Unusual Items Excluding Goodwill": -338000.0,
        "Net Income From Continuing Operation Net Minority Interest": 219064000.0,
        "Reconciled Depreciation": 23770000.0,
        "Reconciled Cost Of Revenue": 598629000.0,
        "EBITDA": 302169000.0,
        "EBIT": 278399000.0,
        "Net Interest Income": 9770000.0,
        "Interest Income": 9770000.0,
        "Normalized Income": 219319528.0,
        "Net Income From Continuing And Discontinued Operation": 219064000.0,
        "Total Expenses": 676272000.0,
        "Total Operating Income As Reported": 278061000.0,
        "Diluted Average Shares": 48970000.0,
        "Basic Average Shares": 48765000.0,
        "Diluted EPS": 4.47,
        "Basic EPS": 4.49,
        "Diluted NI Availto Com Stockholders": 219064000.0,
        "Net Income Common Stockholders": 219064000.0,
        "Net Income": 219064000.0,
        "Minority Interests": 705000.0,
        "Net Income Including Noncontrolling Interests": 218359000.0,
        "Net Income Continuous Operations": 218359000.0,
        "Tax Provision": 70602000.0,
        "Pretax Income": 288961000.0,
        "Other Income Expense": 792000.0,
        "Other Non Operating Income Expenses": 1130000.0,
        "Special Income Charges": -338000.0,
        "Gain On Sale Of Ppe": -338000.0,
        "Other Special Charges": NaN,
        "Earnings From Equity Interest": NaN,
        "Gain On Sale Of Security": NaN,
        "Net Non Operating Interest Income Expense": 9770000.0,
        "Interest Income Non Operating": 9770000.0,
        "Operating Income": 278399000.0,
        "Operating Expense": 77643000.0,
        "Other Operating Expenses": 10000.0,
        "Selling General And Administration": 77633000.0,
        "Selling And Marketing Expense": 38740000.0,
        "General And Administrative Expense": 38893000.0,
        "Other Gand A": 38893000.0,
        "Salaries And Wages": NaN,
        "Gross Profit": 356042000.0,
        "Cost Of Revenue": 598629000.0,
        "Total Revenue": 954671000.0,
        "Operating Revenue": 944512000.0
    },
    "2025-02-28": {
        "Tax Effect Of Unusual Items": 2508246.0,
        "Tax Rate For Calcs": 0.234,
        "Normalized EBITDA": 649041000.0,
        "Total Unusual Items": 10719000.0,
        "Total Unusual Items Excluding Goodwill": 10719000.0,
        "Net Income From Continuing Operation Net Minority Interest": 508533000.0,
        "Reconciled Depreciation": 23612000.0,
        "Reconciled Cost Of Revenue": 701570000.0,
        "EBITDA": 659760000.0,
        "EBIT": 636148000.0,
        "Net Interest Income": 12628000.0,
        "Interest Income": 12628000.0,
        "Normalized Income": 500322246.0,
        "Net Income From Continuing And Discontinued Operation": 508533000.0,
        "Total Expenses": 781537000.0,
        "Total Operating Income As Reported": 635670000.0,
        "Diluted Average Shares": 48971000.0,
        "Basic Average Shares": 48798000.0,
        "Diluted EPS": 10.38,
        "Basic EPS": 10.42,
        "Diluted NI Availto Com Stockholders": 508533000.0,
        "Net Income Common Stockholders": 508533000.0,
        "Net Income": 508533000.0,
        "Minority Interests": 380000.0,
        "Net Income Including Noncontrolling Interests": 508153000.0,
        "Net Income Continuous Operations": 508153000.0,
        "Tax Provision": 154876000.0,
        "Pretax Income": 663029000.0,
        "Other Income Expense": 14253000.0,
        "Other Non Operating Income Expenses": 3534000.0,
        "Special Income Charges": -478000.0,
        "Gain On Sale Of Ppe": -478000.0,
        "Other Special Charges": NaN,
        "Earnings From Equity Interest": NaN,
        "Gain On Sale Of Security": 11197000.0,
        "Net Non Operating Interest Income Expense": 12628000.0,
        "Interest Income Non Operating": 12628000.0,
        "Operating Income": 636148000.0,
        "Operating Expense": 79967000.0,
        "Other Operating Expenses": NaN,
        "Selling General And Administration": 79967000.0,
        "Selling And Marketing Expense": 34716000.0,
        "General And Administrative Expense": 45251000.0,
        "Other Gand A": 45251000.0,
        "Salaries And Wages": NaN,
        "Gross Profit": 716115000.0,
        "Cost Of Revenue": 701570000.0,
        "Total Revenue": 1417685000.0,
        "Operating Revenue": 1406406000.0
    },
    "2025-05-31": {
        "Tax Effect Of Unusual Items": -181847.704871,
        "Tax Rate For Calcs": 0.245078,
        "Normalized EBITDA": 529244000.0,
        "Total Unusual Items": -742000.0,
        "Total Unusual Items Excluding Goodwill": -742000.0,
        "Net Income From Continuing Operation Net Minority Interest": 342475000.0,
        "Reconciled Depreciation": 24591000.0,
        "Reconciled Cost Of Revenue": 572148000.0,
        "EBITDA": 528502000.0,
        "EBIT": 503911000.0,
        "Net Interest Income": 15876000.0,
        "Interest Income": 16488000.0,
        "Normalized Income": 343035152.295129,
        "Net Income From Continuing And Discontinued Operation": 342475000.0,
        "Total Expenses": 667065000.0,
        "Total Operating Income As Reported": 435851000.0,
        "Diluted Average Shares": 48678000.0,
        "Basic Average Shares": 48554000.0,
        "Diluted EPS": 7.04,
        "Basic EPS": 7.05,
        "Diluted NI Availto Com Stockholders": 342475000.0,
        "Net Income Common Stockholders": 342475000.0,
        "Net Income": 342475000.0,
        "Minority Interests": 345000.0,
        "Net Income Including Noncontrolling Interests": 342130000.0,
        "Net Income Continuous Operations": 342130000.0,
        "Tax Provision": 111069000.0,
        "Pretax Income": 453199000.0,
        "Other Income Expense": 730000.0,
        "Other Non Operating Income Expenses": -4749000.0,
        "Special Income Charges": -742000.0,
        "Gain On Sale Of Ppe": -742000.0,
        "Other Special Charges": 0.0,
        "Earnings From Equity Interest": NaN,
        "Gain On Sale Of Security": 0.0,
        "Net Non Operating Interest Income Expense": 15876000.0,
        "Interest Income Non Operating": 16488000.0,
        "Operating Income": 436593000.0,
        "Operating Expense": 94917000.0,
        "Other Operating Expenses": NaN,
        "Selling General And Administration": 94917000.0,
        "Selling And Marketing Expense": -55011000.0,
        "General And Administrative Expense": 149928000.0,
        "Other Gand A": 149928000.0,
        "Salaries And Wages": NaN,
        "Gross Profit": 531510000.0,
        "Cost Of Revenue": 572148000.0,
        "Total Revenue": 1103658000.0,
        "Operating Revenue": 1134279000.0
    },
    "2025-08-31": {
        "Tax Effect Of Unusual Items": -25376.0,
        "Tax Rate For Calcs": 0.244,
        "Normalized EBITDA": 279055000.0,
        "Total Unusual Items": -104000.0,
        "Total Unusual Items Excluding Goodwill": -104000.0,
        "Net Income From Continuing Operation Net Minority Interest": 199340000.0,
        "Reconciled Depreciation": 29663000.0,
        "Reconciled Cost Of Revenue": 611288000.0,
        "EBITDA": 278951000.0,
        "EBIT": 249288000.0,
        "Net Interest Income": 12850000.0,
        "Interest Income": 12850000.0,
        "Normalized Income": 199418624.0,
        "Net Income From Continuing And Discontinued Operation": 199340000.0,
        "Total Expenses": 673314000.0,
        "Total Operating Income As Reported": 249184000.0,
        "Diluted Average Shares": 48424000.0,
        "Basic Average Shares": 48281000.0,
        "Diluted EPS": 4.12,
        "Basic EPS": 4.13,
        "Diluted NI Availto Com Stockholders": 199340000.0,
        "Net Income Common Stockholders": 199340000.0,
        "Net Income": 199340000.0,
        "Minority Interests": 233000.0,
        "Net Income Including Noncontrolling Interests": 199107000.0,
        "Net Income Continuous Operations": 199107000.0,
        "Tax Provision": 64158000.0,
        "Pretax Income": 263265000.0,
        "Other Income Expense": 1127000.0,
        "Other Non Operating Income Expenses": 1231000.0,
        "Special Income Charges": -104000.0,
        "Gain On Sale Of Ppe": -104000.0,
        "Other Special Charges": NaN,
        "Earnings From Equity Interest": NaN,
        "Gain On Sale Of Security": NaN,
        "Net Non Operating Interest Income Expense": 12850000.0,
        "Interest Income Non Operating": 12850000.0,
        "Operating Income": 249288000.0,
        "Operating Expense": 62026000.0,
        "Other Operating Expenses": -7488000.0,
        "Selling General And Administration": 69514000.0,
        "Selling And Marketing Expense": 40505000.0,
        "General And Administrative Expense": 29009000.0,
        "Other Gand A": 29009000.0,
        "Salaries And Wages": NaN,
        "Gross Profit": 311314000.0,
        "Cost Of Revenue": 611288000.0,
        "Total Revenue": 922602000.0,
        "Operating Revenue": 922602000.0
    }
}