{
    "2023-06-30": {
        "Tax Effect Of Unusual Items": NaN,
        "Tax Rate For Calcs": NaN,
        "Normalized EBITDA": NaN,
        "Net Income From Continuing Operation Net Minority Interest": NaN,
        "Reconciled Depreciation": NaN,
        "Reconciled Cost Of Revenue": NaN,
        "EBITDA": NaN,
        "EBIT": NaN,
        "Net Interest Income": NaN,
        "Interest Income": 2255000.0,
        "Normalized Income": NaN,
        "Net Income From Continuing And Discontinued Operation": NaN,
        "Total Expenses": NaN,
        "Total Operating Income As Reported": NaN,
        "Diluted Average Shares": NaN,
        "Basic Average Shares": NaN,
        "Diluted EPS": NaN,
        "Basic EPS": NaN,
        "Diluted NI Availto Com Stockholders": NaN,
        "Net Income Common Stockholders": NaN,
        "Net Income": NaN,
        "Net Income Including Noncontrolling Interests": NaN,
        "Net Income Continuous Operations": NaN,
        "Tax Provision": NaN,
        "Pretax Income": NaN,
        "Other Income Expense": NaN,
        "Other Non Operating Income Expenses": NaN,
        "Net Non Operating Interest Income Expense": NaN,
        "Interest Income Non Operating": 2255000.0,
        "Operating Income": NaN,
        "Operating Expense": NaN,
        "Research And Development": NaN,
        "Selling General And Administration": NaN,
        "Selling And Marketing Expense": NaN,
        "General And Administrative Expense": NaN,
        "Other Gand A": NaN,
        "Gross Profit": NaN,
        "Cost Of Revenue": NaN,
        "Total Revenue": NaN,
        "Operating Revenue": NaN
    },
    "2023-03-31": {
        "Tax Effect Of Unusual Items": NaN,
        "Tax Rate For Calcs": NaN,
        "Normalized EBITDA": NaN,
        "Net Income From Continuing Operation Net Minority Interest": NaN,
        "Reconciled Depreciation": NaN,
        "Reconciled Cost Of Revenue": NaN,
        "EBITDA": NaN,
        "EBIT": NaN,
        "Net Interest Income": NaN,
        "Interest Income": 1640000.0,
        "Normalized Income": NaN,
        "Net Income From Continuing And Discontinued Operation": NaN,
        "Total Expenses": NaN,
        "Total Operating Income As Reported": NaN,
        "Diluted Average Shares": NaN,
        "Basic Average Shares": NaN,
        "Diluted EPS": NaN,
        "Basic EPS": NaN,
        "Diluted NI Availto Com Stockholders": NaN,
        "Net Income Common Stockholders": NaN,
        "Net Income": NaN,
        "Net Income Including Noncontrolling Interests": NaN,
        "Net Income Continuous Operations": NaN,
        "Tax Provision": NaN,
        "Pretax Income": NaN,
        "Other Income Expense": NaN,
        "Other Non Operating Income Expenses": NaN,
        "Net Non Operating Interest Income Expense": NaN,
        "Interest Income Non Operating": 1640000.0,
        "Operating Income": NaN,
        "Operating Expense": NaN,
        "Research And Development": NaN,
        "Selling General And Administration": NaN,
        "Selling And Marketing Expense": NaN,
        "General And Administrative Expense": NaN,
        "Other Gand A": NaN,
        "Gross Profit": NaN,
        "Cost Of Revenue": NaN,
        "Total Revenue": NaN,
        "Operating Revenue": NaN
    },
    "2022-12-31": {
        "Tax Effect Of Unusual Items": NaN,
        "Tax Rate For Calcs": NaN,
        "Normalized EBITDA": NaN,
        "Net Income From Continuing Operation Net Minority Interest": NaN,
        "Reconciled Depreciation": NaN,
        "Reconciled Cost Of Revenue": NaN,
        "EBITDA": NaN,
        "EBIT": NaN,
        "Net Interest Income": NaN,
        "Interest Income": NaN,
        "Normalized Income": NaN,
        "Net Income From Continuing And Discontinued Operation": NaN,
        "Total Expenses": NaN,
        "Total Operating Income As Reported": NaN,
        "Diluted Average Shares": NaN,
        "Basic Average Shares": NaN,
        "Diluted EPS": NaN,
        "Basic EPS": NaN,
        "Diluted NI Availto Com Stockholders": NaN,
        "Net Income Common Stockholders": NaN,
        "Net Income": NaN,
        "Net Income Including Noncontrolling Interests": NaN,
        "Net Income Continuous Operations": NaN,
        "Tax Provision": NaN,
        "Pretax Income": NaN,
        "Other Income Expense": NaN,
        "Other Non Operating Income Expenses": NaN,
        "Net Non Operating Interest Income Expense": NaN,
        "Total Other Finance Cost": -1139000.0,
        "Interest Income Non Operating": NaN,
        "Operating Income": NaN,
        "Operating Expense": NaN,
        "Research And Development": NaN,
        "Selling General And Administration": NaN,
        "Selling And Marketing Expense": NaN,
        "General And Administrative Expense": NaN,
        "Other Gand A": NaN,
        "Gross Profit": NaN,
        "Cost Of Revenue": NaN,
        "Total Revenue": NaN,
        "Operating Revenue": NaN
    },
    "2022-09-30": {
        "Tax Effect Of Unusual Items": NaN,
        "Tax Rate For Calcs": NaN,
        "Normalized EBITDA": NaN,
        "Net Income From Continuing Operation Net Minority Interest": NaN,
        "Reconciled Depreciation": NaN,
        "Reconciled Cost Of Revenue": NaN,
        "EBITDA": NaN,
        "EBIT": NaN,
        "Net Interest Income": NaN,
        "Interest Income": 595000.0,
        "Normalized Income": NaN,
        "Net Income From Continuing And Discontinued Operation": NaN,
        "Total Expenses": NaN,
        "Total Operating Income As Reported": NaN,
        "Diluted Average Shares": NaN,
        "Basic Average Shares": NaN,
        "Diluted EPS": NaN,
        "Basic EPS": NaN,
        "Diluted NI Availto Com Stockholders": NaN,
        "Net Income Common Stockholders": NaN,
        "Net Income": NaN,
        "Net Income Including Noncontrolling Interests": NaN,
        "Net Income Continuous Operations": NaN,
        "Tax Provision": NaN,
        "Pretax Income": NaN,
        "Other Income Expense": NaN,
        "Other Non Operating Income Expenses": NaN,
        "Net Non Operating Interest Income Expense": NaN,
        "Total Other Finance Cost": -595000.0,
        "Interest Income Non Operating": 595000.0,
        "Operating Income": NaN,
        "Operating Expense": NaN,
        "Research And Development": NaN,
        "Selling General And Administration": NaN,
        "Selling And Marketing Expense": NaN,
        "General And Administrative Expense": NaN,
        "Other Gand A": NaN,
        "Gross Profit": NaN,
        "Cost Of Revenue": NaN,
        "Total Revenue": NaN,
        "Operating Revenue": NaN
    },
    "2022-06-30": {
        "Tax Effect Of Unusual Items": 0.0,
        "Tax Rate For Calcs": 0.222153,
        "Normalized EBITDA": 13429000.0,
        "Total Unusual Items": NaN,
        "Total Unusual Items Excluding Goodwill": NaN,
        "Net Income From Continuing Operation Net Minority Interest": 7521000.0,
        "Reconciled Depreciation": 3728000.0,
        "Reconciled Cost Of Revenue": 101862000.0,
        "EBITDA": 13429000.0,
        "EBIT": 9701000.0,
        "Net Interest Income": 240000.0,
        "Interest Income": NaN,
        "Normalized Income": 7521000.0,
        "Net Income From Continuing And Discontinued Operation": 7521000.0,
        "Total Expenses": 192341000.0,
        "Total Operating Income As Reported": 9701000.0,
        "Diluted Average Shares": 68169000.0,
        "Basic Average Shares": 64836000.0,
        "Diluted EPS": 0.11,
        "Basic EPS": 0.12,
        "Diluted NI Availto Com Stockholders": 7521000.0,
        "Net Income Common Stockholders": 7521000.0,
        "Net Income": 7521000.0,
        "Net Income Including Noncontrolling Interests": 7521000.0,
        "Net Income Continuous Operations": 7521000.0,
        "Tax Provision": 2148000.0,
        "Pretax Income": 9669000.0,
        "Other Income Expense": -272000.0,
        "Other Non Operating Income Expenses": -272000.0,
        "Special Income Charges": NaN,
        "Restructuring And Mergern Acquisition": NaN,
        "Net Non Operating Interest Income Expense": 240000.0,
        "Total Other Finance Cost": -240000.0,
        "Interest Income Non Operating": NaN,
        "Operating Income": 9701000.0,
        "Operating Expense": 90479000.0,
        "Research And Development": 30430000.0,
        "Selling General And Administration": 60049000.0,
        "Selling And Marketing Expense": 41138000.0,
        "General And Administrative Expense": 18911000.0,
        "Other Gand A": 18911000.0,
        "Gross Profit": 100180000.0,
        "Cost Of Revenue": 101862000.0,
        "Total Revenue": 202042000.0,
        "Operating Revenue": 202042000.0
    },
    "2022-03-31": {
        "Diluted EPS": 0.12,
        "Total Revenue": 185,
        "Gross Profit": 92,
        "Operating Income": 10,
        "EBIT": 14,
        "Net Income": 8
    },
    "2021-12-31": {
        "Diluted EPS": 0.29,
        "Total Revenue": 176,
        "Gross Profit": 91,
        "Operating Income": 15,
        "EBIT": 18,
        "Net Income": 20
    },
    "2021-09-30": {
        "Diluted EPS": 2.61,
        "Total Revenue": 172,
        "Gross Profit": 89,
        "Operating Income": 18,
        "EBIT": 22,
        "Net Income": 177
    },
    "2021-06-30": {
        "Diluted EPS": 0.3,
        "Total Revenue": 169,
        "Gross Profit": 90,
        "Operating Income": 21,
        "EBIT": 24,
        "Net Income": 20
    },
    "2021-03-31": {
        "Diluted EPS": 0.31,
        "Total Revenue": 162,
        "Gross Profit": 86,
        "Operating Income": 21,
        "EBIT": 25,
        "Net Income": 21
    },
    "2020-12-31": {
        "Diluted EPS": 0.41,
        "Total Revenue": 170,
        "Gross Profit": 89,
        "Operating Income": 25,
        "EBIT": 28,
        "Net Income": 24
    },
    "2020-09-30": {
        "Diluted EPS": 0.32,
        "Total Revenue": 151,
        "Gross Profit": 76,
        "Operating Income": 22,
        "EBIT": 25,
        "Net Income": 21
    },
    "2020-06-30": {
        "Diluted EPS": -0.07,
        "Total Revenue": 119,
        "Gross Profit": 56,
        "Operating Income": -3,
        "EBIT": 0,
        "Net Income": -4
    },
    "2020-03-31": {
        "Diluted EPS": -0.12,
        "Total Revenue": 102,
        "Gross Profit": 46,
        "Operating Income": -6,
        "EBIT": -3,
        "Net Income": -7
    },
    "2019-12-31": {
        "Diluted EPS": 0.01,
        "Total Revenue": 120,
        "Gross Profit": 55,
        "Operating Income": 1,
        "EBIT": 4,
        "Net Income": 0
    },
    "2019-09-30": {
        "Diluted EPS": -0.06,
        "Total Revenue": 114,
        "Gross Profit": 50,
        "Operating Income": -3,
        "EBIT": 0,
        "Net Income": -3
    },
    "2019-06-30": {
        "Diluted EPS": -0.09,
        "Total Revenue": 100,
        "Gross Profit": 45,
        "Operating Income": -5,
        "EBIT": -3,
        "Net Income": -5
    },
    "2019-03-31": {
        "Diluted EPS": -0.18,
        "Total Revenue": 89,
        "Gross Profit": 38,
        "Operating Income": -9,
        "EBIT": -7,
        "Net Income": -10
    },
    "2018-12-31": {
        "Diluted EPS": -0.11,
        "Total Revenue": 116,
        "Gross Profit": 52,
        "Operating Income": -5,
        "EBIT": -3,
        "Net Income": -6
    },
    "2018-09-30": {
        "Diluted EPS": 0.02,
        "Total Revenue": 115,
        "Gross Profit": 53,
        "Operating Income": 1,
        "EBIT": 3,
        "Net Income": 1
    },
    "2018-06-30": {
        "Diluted EPS": -0.05,
        "Total Revenue": 112,
        "Gross Profit": 51,
        "Operating Income": -3,
        "EBIT": -1,
        "Net Income": -3
    },
    "2018-03-31": {
        "Diluted EPS": -0.23,
        "Total Revenue": 99,
        "Gross Profit": 42,
        "Operating Income": -11,
        "EBIT": -8,
        "Net Income": -12
    },
    "2017-12-31": {
        "Diluted EPS": -0.26,
        "Total Revenue": 138,
        "Gross Profit": 51,
        "Operating Income": -13,
        "EBIT": -10,
        "Net Income": -13
    },
    "2017-09-30": {
        "Diluted EPS": -0.35,
        "Total Revenue": 129,
        "Gross Profit": 45,
        "Operating Income": -17,
        "EBIT": -15,
        "Net Income": -18
    },
    "2017-06-30": {
        "Diluted EPS": -0.38,
        "Total Revenue": 126,
        "Gross Profit": 43,
        "Operating Income": -19,
        "EBIT": -16,
        "Net Income": -19
    },
    "2017-03-31": {
        "Diluted EPS": -0.67,
        "Total Revenue": 118,
        "Gross Profit": 34,
        "Operating Income": -33,
        "EBIT": -30,
        "Net Income": -33
    },
    "2016-12-31": {
        "Diluted EPS": -0.23,
        "Total Revenue": 132,
        "Gross Profit": 52,
        "Operating Income": -12,
        "EBIT": -9,
        "Net Income": -11
    },
    "2016-09-30": {
        "Diluted EPS": 0.01,
        "Total Revenue": 121,
        "Gross Profit": 54,
        "Operating Income": 1,
        "EBIT": 4,
        "Net Income": 1
    },
    "2016-06-30": {
        "Diluted EPS": -0.12,
        "Total Revenue": 107,
        "Gross Profit": 50,
        "Operating Income": -6,
        "EBIT": -3,
        "Net Income": -6
    },
    "2016-03-31": {
        "Diluted EPS": -0.22,
        "Total Revenue": 98,
        "Gross Profit": 45,
        "Operating Income": -11,
        "EBIT": -5,
        "Net Income": -11
    },
    "2015-12-31": {
        "Diluted EPS": -0.19,
        "Total Revenue": 105,
        "Gross Profit": 47,
        "Operating Income": -10,
        "EBIT": -2,
        "Net Income": -10
    },
    "2015-09-30": {
        "Diluted EPS": 0.02,
        "Total Revenue": 112,
        "Gross Profit": 53,
        "Operating Income": 1,
        "EBIT": 8,
        "Net Income": 1
    },
    "2015-06-30": {
        "Diluted EPS": -0.11,
        "Total Revenue": 99,
        "Gross Profit": 48,
        "Operating Income": -6,
        "EBIT": 2,
        "Net Income": -6
    },
    "2015-03-31": {
        "Diluted EPS": -0.23,
        "Total Revenue": 91,
        "Gross Profit": 42,
        "Operating Income": -12,
        "EBIT": -4,
        "Net Income": -12
    },
    "2014-12-31": {
        "Diluted EPS": -0.05,
        "Total Revenue": 112,
        "Gross Profit": 51,
        "Operating Income": -3,
        "EBIT": 5,
        "Net Income": -3
    },
    "2014-09-30": {
        "Diluted EPS": -0.08,
        "Total Revenue": 106,
        "Gross Profit": 45,
        "Operating Income": -4,
        "EBIT": 3,
        "Net Income": -4
    },
    "2014-06-30": {
        "Diluted EPS": -0.08,
        "Total Revenue": 98,
        "Gross Profit": 44,
        "Operating Income": -4,
        "EBIT": 3,
        "Net Income": -4
    },
    "2014-03-31": {
        "Diluted EPS": -0.2,
        "Total Revenue": 86,
        "Gross Profit": 37,
        "Operating Income": -10,
        "EBIT": -3,
        "Net Income": -10
    },
    "2013-12-31": {
        "Diluted EPS": -0.13,
        "Total Revenue": 94,
        "Gross Profit": 40,
        "Operating Income": -8,
        "EBIT": -1,
        "Net Income": -6
    },
    "2013-09-30": {
        "Diluted EPS": 0.01,
        "Total Revenue": 104,
        "Gross Profit": 47,
        "Operating Income": 0,
        "EBIT": 7,
        "Net Income": 1
    },
    "2013-06-30": {
        "Diluted EPS": -0.1,
        "Total Revenue": 94,
        "Gross Profit": 43,
        "Operating Income": -5,
        "EBIT": 2,
        "Net Income": -5
    },
    "2013-03-31": {
        "Diluted EPS": -0.13,
        "Total Revenue": 91,
        "Gross Profit": 41,
        "Operating Income": -6,
        "EBIT": 2,
        "Net Income": -6
    },
    "2012-12-31": {
        "Diluted EPS": -0.13,
        "Total Revenue": 91,
        "Gross Profit": 37,
        "Operating Income": -8,
        "EBIT": -1,
        "Net Income": -7
    },
    "2012-09-30": {
        "Diluted EPS": -0.15,
        "Total Revenue": 81,
        "Gross Profit": 34,
        "Operating Income": -7,
        "EBIT": 0,
        "Net Income": -7
    },
    "2012-06-30": {
        "Diluted EPS": -0.15,
        "Total Revenue": 79,
        "Gross Profit": 33,
        "Operating Income": -7,
        "EBIT": 0,
        "Net Income": -7
    },
    "2012-03-31": {
        "Diluted EPS": -0.16,
        "Total Revenue": 79,
        "Gross Profit": 34,
        "Operating Income": -7,
        "EBIT": -2,
        "Net Income": -8
    },
    "2011-12-31": {
        "Diluted EPS": -0.07,
        "Total Revenue": 92,
        "Gross Profit": 37,
        "Operating Income": -5,
        "EBIT": 1,
        "Net Income": -5
    },
    "2011-09-30": {
        "Diluted EPS": -0.15,
        "Total Revenue": 84,
        "Gross Profit": 32,
        "Operating Income": -7,
        "EBIT": 1,
        "Net Income": -7
    },
    "2011-06-30": {
        "Diluted EPS": -0.38,
        "Total Revenue": 98,
        "Gross Profit": 30,
        "Operating Income": -18,
        "EBIT": -9,
        "Net Income": -18
    },
    "2011-03-31": {
        "Diluted EPS": -0.55,
        "Total Revenue": 71,
        "Gross Profit": 20,
        "Operating Income": -23,
        "EBIT": -19,
        "Net Income": -23
    },
    "2010-12-31": {
        "Diluted EPS": 1.85,
        "Total Revenue": 92,
        "Gross Profit": 39,
        "Operating Income": -1,
        "EBIT": 2,
        "Net Income": -1
    },
    "2010-09-30": {
        "Diluted EPS": -0.14,
        "Total Revenue": 75,
        "Gross Profit": 29,
        "Operating Income": -5,
        "EBIT": -2,
        "Net Income": -5
    },
    "2010-06-30": {
        "Diluted EPS": -0.09,
        "Total Revenue": 72,
        "Gross Profit": 28,
        "Operating Income": -2,
        "EBIT": 1,
        "Net Income": -3
    },
    "2010-03-31": {
        "Diluted EPS": -2.27,
        "Total Revenue": 48,
        "Gross Profit": 17,
        "Operating Income": -9,
        "EBIT": -6,
        "Net Income": -10
    },
    "2009-12-31": {
        "Diluted EPS": 0.5,
        "Total Revenue": 88,
        "Gross Profit": 30,
        "Operating Income": 3,
        "EBIT": 3,
        "Net Income": 3
    },
    "2009-09-30": {
        "Diluted EPS": -1.69,
        "Total Revenue": 60,
        "Gross Profit": 21,
        "Operating Income": -3,
        "EBIT": -3,
        "Net Income": -7
    },
    "2009-06-30": {
        "Diluted EPS": -2.18,
        "Total Revenue": 48,
        "Gross Profit": 15,
        "Operating Income": -8,
        "EBIT": -8,
        "Net Income": -9
    },
    "2009-03-31": {
        "Diluted EPS": -3.16,
        "Total Revenue": 37,
        "Gross Profit": 10,
        "Operating Income": -11,
        "EBIT": -11,
        "Net Income": -13
    },
    "2023-09-30": {
        "Tax Effect Of Unusual Items": NaN,
        "Tax Rate For Calcs": NaN,
        "Normalized EBITDA": NaN,
        "Net Income From Continuing Operation Net Minority Interest": NaN,
        "Reconciled Depreciation": NaN,
        "Reconciled Cost Of Revenue": NaN,
        "EBITDA": NaN,
        "EBIT": NaN,
        "Net Interest Income": NaN,
        "Interest Income": 2658000.0,
        "Normalized Income": NaN,
        "Net Income From Continuing And Discontinued Operation": NaN,
        "Total Expenses": NaN,
        "Total Operating Income As Reported": NaN,
        "Diluted Average Shares": 69579000.0,
        "Basic Average Shares": 66288000.0,
        "Diluted EPS": 0.24,
        "Basic EPS": 0.26,
        "Diluted NI Availto Com Stockholders": NaN,
        "Net Income Common Stockholders": NaN,
        "Net Income": NaN,
        "Net Income Including Noncontrolling Interests": NaN,
        "Net Income Continuous Operations": NaN,
        "Tax Provision": NaN,
        "Pretax Income": NaN,
        "Other Income Expense": NaN,
        "Other Non Operating Income Expenses": NaN,
        "Net Non Operating Interest Income Expense": NaN,
        "Interest Income Non Operating": 2658000.0,
        "Operating Income": NaN,
        "Operating Expense": NaN,
        "Research And Development": NaN,
        "Selling General And Administration": NaN,
        "Selling And Marketing Expense": NaN,
        "General And Administrative Expense": NaN,
        "Other Gand A": NaN,
        "Gross Profit": NaN,
        "Cost Of Revenue": NaN,
        "Total Revenue": NaN,
        "Operating Revenue": NaN
    },
    "2023-12-31": {
        "Tax Effect Of Unusual Items": 0.0,
        "Tax Rate For Calcs": 0.268728,
        "Normalized EBITDA": -7641000.0,
        "Net Income From Continuing Operation Net Minority Interest": -6599000.0,
        "Reconciled Depreciation": 4450000.0,
        "Reconciled Cost Of Revenue": 151488000.0,
        "EBITDA": -7641000.0,
        "EBIT": -12091000.0,
        "Net Interest Income": 3151000.0,
        "Interest Income": NaN,
        "Normalized Income": -6599000.0,
        "Net Income From Continuing And Discontinued Operation": -6599000.0,
        "Total Expenses": 276825000.0,
        "Total Operating Income As Reported": -12091000.0,
        "Diluted Average Shares": 65323000.0,
        "Basic Average Shares": 65323000.0,
        "Diluted EPS": -0.06,
        "Basic EPS": -0.06,
        "Diluted NI Availto Com Stockholders": -6599000.0,
        "Net Income Common Stockholders": -6599000.0,
        "Net Income": -6599000.0,
        "Net Income Including Noncontrolling Interests": -6599000.0,
        "Net Income Continuous Operations": -6599000.0,
        "Tax Provision": -2425000.0,
        "Pretax Income": -9024000.0,
        "Other Income Expense": -84000.0,
        "Other Non Operating Income Expenses": -84000.0,
        "Net Non Operating Interest Income Expense": 3151000.0,
        "Interest Income Non Operating": NaN,
        "Operating Income": -12091000.0,
        "Operating Expense": 125337000.0,
        "Research And Development": 42295000.0,
        "Selling General And Administration": 83042000.0,
        "Selling And Marketing Expense": 55747000.0,
        "General And Administrative Expense": 27295000.0,
        "Other Gand A": 27295000.0,
        "Gross Profit": 113246000.0,
        "Cost Of Revenue": 151488000.0,
        "Total Revenue": 264734000.0,
        "Operating Revenue": 264734000.0
    },
    "2024-03-31": {
        "Tax Effect Of Unusual Items": 0.0,
        "Tax Rate For Calcs": 0.21,
        "Normalized EBITDA": 2835000.0,
        "Net Income From Continuing Operation Net Minority Interest": 103000.0,
        "Reconciled Depreciation": 4867000.0,
        "Reconciled Cost Of Revenue": 103733000.0,
        "EBITDA": 2835000.0,
        "EBIT": -2032000.0,
        "Net Interest Income": 2635000.0,
        "Interest Income": 2635000.0,
        "Normalized Income": 103000.0,
        "Net Income From Continuing And Discontinued Operation": 103000.0,
        "Total Expenses": 228342000.0,
        "Total Operating Income As Reported": -2032000.0,
        "Diluted Average Shares": 68119000.0,
        "Basic Average Shares": 65338000.0,
        "Diluted EPS": 0.001512,
        "Basic EPS": 0.001576,
        "Diluted NI Availto Com Stockholders": 103000.0,
        "Net Income Common Stockholders": 103000.0,
        "Net Income": 103000.0,
        "Net Income Including Noncontrolling Interests": 103000.0,
        "Net Income Continuous Operations": 103000.0,
        "Tax Provision": 365000.0,
        "Pretax Income": 468000.0,
        "Other Income Expense": -135000.0,
        "Other Non Operating Income Expenses": -135000.0,
        "Net Non Operating Interest Income Expense": 2635000.0,
        "Interest Income Non Operating": 2635000.0,
        "Operating Income": -2032000.0,
        "Operating Expense": 124609000.0,
        "Research And Development": 44422000.0,
        "Selling General And Administration": 80187000.0,
        "Selling And Marketing Expense": 53897000.0,
        "General And Administrative Expense": 26290000.0,
        "Other Gand A": 26290000.0,
        "Gross Profit": 122577000.0,
        "Cost Of Revenue": 103733000.0,
        "Total Revenue": 226310000.0,
        "Operating Revenue": 226310000.0
    },
    "2024-06-30": {
        "Tax Effect Of Unusual Items": 0.0,
        "Tax Rate For Calcs": 0.083,
        "Normalized EBITDA": -6235000.0,
        "Net Income From Continuing Operation Net Minority Interest": -7958000.0,
        "Reconciled Depreciation": 5121000.0,
        "Reconciled Cost Of Revenue": 90536000.0,
        "EBITDA": -6235000.0,
        "EBIT": -11356000.0,
        "Net Interest Income": 2960000.0,
        "Interest Income": 2960000.0,
        "Normalized Income": -7958000.0,
        "Net Income From Continuing And Discontinued Operation": -7958000.0,
        "Total Expenses": 209495000.0,
        "Total Operating Income As Reported": -11356000.0,
        "Diluted Average Shares": 65678000.0,
        "Basic Average Shares": 65678000.0,
        "Diluted EPS": -0.12,
        "Basic EPS": -0.12,
        "Diluted NI Availto Com Stockholders": -7958000.0,
        "Net Income Common Stockholders": -7958000.0,
        "Net Income": -7958000.0,
        "Net Income Including Noncontrolling Interests": -7958000.0,
        "Net Income Continuous Operations": -7958000.0,
        "Tax Provision": -724000.0,
        "Pretax Income": -8682000.0,
        "Other Income Expense": -286000.0,
        "Other Non Operating Income Expenses": -286000.0,
        "Net Non Operating Interest Income Expense": 2960000.0,
        "Interest Income Non Operating": 2960000.0,
        "Operating Income": -11356000.0,
        "Operating Expense": 118959000.0,
        "Research And Development": 44123000.0,
        "Selling General And Administration": 74836000.0,
        "Selling And Marketing Expense": 52238000.0,
        "General And Administrative Expense": 22598000.0,
        "Other Gand A": 22598000.0,
        "Gross Profit": 107603000.0,
        "Cost Of Revenue": 90536000.0,
        "Total Revenue": 198139000.0,
        "Operating Revenue": 198139000.0
    },
    "2024-09-30": {
        "Tax Effect Of Unusual Items": 0.0,
        "Tax Rate For Calcs": 0.21,
        "Normalized EBITDA": -6079000.0,
        "Net Income From Continuing Operation Net Minority Interest": -3968000.0,
        "Reconciled Depreciation": 4817000.0,
        "Reconciled Cost Of Revenue": 90898000.0,
        "EBITDA": -6079000.0,
        "EBIT": -10896000.0,
        "Net Interest Income": 3282000.0,
        "Interest Income": 3282000.0,
        "Normalized Income": -3968000.0,
        "Net Income From Continuing And Discontinued Operation": -3968000.0,
        "Total Expenses": 211841000.0,
        "Total Operating Income As Reported": -10896000.0,
        "Diluted Average Shares": 66078000.0,
        "Basic Average Shares": 66078000.0,
        "Diluted EPS": -0.06,
        "Basic EPS": -0.06,
        "Diluted NI Availto Com Stockholders": -3968000.0,
        "Net Income Common Stockholders": -3968000.0,
        "Net Income": -3968000.0,
        "Net Income Including Noncontrolling Interests": -3968000.0,
        "Net Income Continuous Operations": -3968000.0,
        "Tax Provision": -3824000.0,
        "Pretax Income": -7792000.0,
        "Other Income Expense": -178000.0,
        "Other Non Operating Income Expenses": -178000.0,
        "Net Non Operating Interest Income Expense": 3282000.0,
        "Interest Income Non Operating": 3282000.0,
        "Operating Income": -10896000.0,
        "Operating Expense": 120943000.0,
        "Research And Development": 45467000.0,
        "Selling General And Administration": 75476000.0,
        "Selling And Marketing Expense": 52301000.0,
        "General And Administrative Expense": 23175000.0,
        "Other Gand A": 23175000.0,
        "Gross Profit": 110047000.0,
        "Cost Of Revenue": 90898000.0,
        "Total Revenue": 200945000.0,
        "Operating Revenue": 200945000.0
    },
    "2024-12-31": {
        "Tax Effect Of Unusual Items": 0.0,
        "Tax Rate For Calcs": 0.21,
        "Normalized EBITDA": -14005000.0,
        "Net Income From Continuing Operation Net Minority Interest": -17924000.0,
        "Reconciled Depreciation": 4745000.0,
        "Reconciled Cost Of Revenue": 92757000.0,
        "EBITDA": -14005000.0,
        "EBIT": -18750000.0,
        "Net Interest Income": 3466000.0,
        "Interest Income": 3466000.0,
        "Normalized Income": -17924000.0,
        "Net Income From Continuing And Discontinued Operation": -17924000.0,
        "Total Expenses": 224874000.0,
        "Total Operating Income As Reported": -18750000.0,
        "Diluted Average Shares": NaN,
        "Basic Average Shares": NaN,
        "Diluted EPS": NaN,
        "Basic EPS": NaN,
        "Diluted NI Availto Com Stockholders": -17924000.0,
        "Net Income Common Stockholders": -17924000.0,
        "Net Income": -17924000.0,
        "Net Income Including Noncontrolling Interests": -17924000.0,
        "Net Income Continuous Operations": -17924000.0,
        "Tax Provision": 2284000.0,
        "Pretax Income": -15640000.0,
        "Other Income Expense": -356000.0,
        "Other Non Operating Income Expenses": -356000.0,
        "Net Non Operating Interest Income Expense": 3466000.0,
        "Interest Income Non Operating": 3466000.0,
        "Operating Income": -18750000.0,
        "Operating Expense": 132117000.0,
        "Research And Development": 45858000.0,
        "Selling General And Administration": 86259000.0,
        "Selling And Marketing Expense": 59443000.0,
        "General And Administrative Expense": 26816000.0,
        "Other Gand A": 26816000.0,
        "Gross Profit": 113367000.0,
        "Cost Of Revenue": 92757000.0,
        "Total Revenue": 206124000.0,
        "Operating Revenue": 206124000.0
    }
}