{
    "2023-06-30": {
        "Tax Effect Of Unusual Items": 0.0,
        "Tax Rate For Calcs": 0.103833,
        "Normalized EBITDA": 26344000.0,
        "Net Income From Continuing Operation Net Minority Interest": 18539000.0,
        "Reconciled Cost Of Revenue": 38785000.0,
        "EBITDA": 26344000.0,
        "EBIT": 26344000.0,
        "Net Interest Income": 5754000.0,
        "Interest Income": 6728000.0,
        "Normalized Income": 18539000.0,
        "Net Income From Continuing And Discontinued Operation": 18539000.0,
        "Total Expenses": 58825000.0,
        "Total Operating Income As Reported": 14933000.0,
        "Diluted Average Shares": 48628000.0,
        "Basic Average Shares": 44572000.0,
        "Diluted EPS": 0.38,
        "Basic EPS": 0.42,
        "Diluted NI Availto Com Stockholders": 18539000.0,
        "Net Income Common Stockholders": 18539000.0,
        "Net Income": 18539000.0,
        "Net Income Including Noncontrolling Interests": 18539000.0,
        "Net Income Continuous Operations": 18539000.0,
        "Tax Provision": 2148000.0,
        "Pretax Income": 20687000.0,
        "Net Non Operating Interest Income Expense": 5754000.0,
        "Interest Income Non Operating": 6728000.0,
        "Operating Income": 14933000.0,
        "Operating Expense": 20040000.0,
        "Research And Development": 8118000.0,
        "Selling General And Administration": 11922000.0,
        "Gross Profit": 34973000.0,
        "Cost Of Revenue": 38785000.0,
        "Total Revenue": 73758000.0,
        "Operating Revenue": 73758000.0
    },
    "2023-03-31": {
        "Tax Effect Of Unusual Items": 0.0,
        "Tax Rate For Calcs": 0.106708,
        "Normalized EBITDA": 14195000.0,
        "Net Income From Continuing Operation Net Minority Interest": 17245000.0,
        "Reconciled Cost Of Revenue": 38593000.0,
        "EBITDA": 14195000.0,
        "EBIT": 14195000.0,
        "Net Interest Income": 5110000.0,
        "Interest Income": 5110000.0,
        "Normalized Income": 17245000.0,
        "Net Income From Continuing And Discontinued Operation": 17245000.0,
        "Total Expenses": 58262000.0,
        "Total Operating Income As Reported": 14195000.0,
        "Diluted Average Shares": 48436000.0,
        "Basic Average Shares": 44522000.0,
        "Diluted EPS": 0.36,
        "Basic EPS": 0.39,
        "Diluted NI Availto Com Stockholders": 17245000.0,
        "Net Income Common Stockholders": 17245000.0,
        "Net Income": 17245000.0,
        "Net Income Including Noncontrolling Interests": 17245000.0,
        "Net Income Continuous Operations": 17245000.0,
        "Tax Provision": 2060000.0,
        "Pretax Income": 19305000.0,
        "Net Non Operating Interest Income Expense": 5110000.0,
        "Interest Income Non Operating": 5110000.0,
        "Operating Income": 14195000.0,
        "Operating Expense": 19669000.0,
        "Research And Development": 7554000.0,
        "Selling General And Administration": 12115000.0,
        "Gross Profit": 33864000.0,
        "Cost Of Revenue": 38593000.0,
        "Total Revenue": 72457000.0,
        "Operating Revenue": 72457000.0
    },
    "2022-12-31": {
        "Tax Effect Of Unusual Items": NaN,
        "Tax Rate For Calcs": NaN,
        "Normalized EBITDA": NaN,
        "Net Income From Continuing Operation Net Minority Interest": NaN,
        "Reconciled Cost Of Revenue": NaN,
        "EBITDA": NaN,
        "EBIT": NaN,
        "Net Interest Income": NaN,
        "Interest Income": NaN,
        "Normalized Income": NaN,
        "Net Income From Continuing And Discontinued Operation": NaN,
        "Total Expenses": NaN,
        "Total Operating Income As Reported": NaN,
        "Diluted Average Shares": 48332000.0,
        "Basic Average Shares": 44397000.0,
        "Diluted EPS": 0.45,
        "Basic EPS": 0.49,
        "Diluted NI Availto Com Stockholders": NaN,
        "Net Income Common Stockholders": NaN,
        "Net Income": NaN,
        "Net Income Including Noncontrolling Interests": NaN,
        "Net Income Continuous Operations": NaN,
        "Tax Provision": NaN,
        "Pretax Income": NaN,
        "Net Non Operating Interest Income Expense": NaN,
        "Interest Income Non Operating": NaN,
        "Operating Income": NaN,
        "Operating Expense": NaN,
        "Research And Development": NaN,
        "Selling General And Administration": NaN,
        "Gross Profit": NaN,
        "Cost Of Revenue": NaN,
        "Total Revenue": NaN,
        "Operating Revenue": NaN
    },
    "2022-09-30": {
        "Tax Effect Of Unusual Items": 0.0,
        "Tax Rate For Calcs": 0.086036,
        "Normalized EBITDA": 20636000.0,
        "Net Income From Continuing Operation Net Minority Interest": 20715000.0,
        "Reconciled Cost Of Revenue": 42131000.0,
        "EBITDA": 20636000.0,
        "EBIT": 20636000.0,
        "Net Interest Income": 2029000.0,
        "Interest Income": 2029000.0,
        "Normalized Income": 20715000.0,
        "Net Income From Continuing And Discontinued Operation": 20715000.0,
        "Total Expenses": 61354000.0,
        "Total Operating Income As Reported": 20636000.0,
        "Diluted Average Shares": 48306000.0,
        "Basic Average Shares": 44370000.0,
        "Diluted EPS": 0.43,
        "Basic EPS": 0.47,
        "Diluted NI Availto Com Stockholders": 20715000.0,
        "Net Income Common Stockholders": 20715000.0,
        "Net Income": 20715000.0,
        "Net Income Including Noncontrolling Interests": 20715000.0,
        "Net Income Continuous Operations": 20715000.0,
        "Tax Provision": 1950000.0,
        "Pretax Income": 22665000.0,
        "Net Non Operating Interest Income Expense": 2029000.0,
        "Interest Income Non Operating": 2029000.0,
        "Operating Income": 20636000.0,
        "Operating Expense": 19223000.0,
        "Research And Development": 6976000.0,
        "Selling General And Administration": 12247000.0,
        "Gross Profit": 39859000.0,
        "Cost Of Revenue": 42131000.0,
        "Total Revenue": 81990000.0,
        "Operating Revenue": 81990000.0
    },
    "2022-06-30": {
        "Tax Effect Of Unusual Items": 0.0,
        "Tax Rate For Calcs": 0.090939,
        "Normalized EBITDA": 22282000.0,
        "Net Income From Continuing Operation Net Minority Interest": 19183000.0,
        "Reconciled Cost Of Revenue": 39385000.0,
        "EBITDA": 22282000.0,
        "EBIT": 22282000.0,
        "Net Interest Income": 227000.0,
        "Interest Income": 1855000.0,
        "Normalized Income": 19183000.0,
        "Net Income From Continuing And Discontinued Operation": 19183000.0,
        "Total Expenses": 58703000.0,
        "Total Operating Income As Reported": 20875000.0,
        "Diluted Average Shares": 48153000.0,
        "Basic Average Shares": 44006000.0,
        "Diluted EPS": 0.4,
        "Basic EPS": 0.44,
        "Diluted NI Availto Com Stockholders": 19183000.0,
        "Net Income Common Stockholders": 19183000.0,
        "Net Income": 19183000.0,
        "Net Income Including Noncontrolling Interests": 19183000.0,
        "Net Income Continuous Operations": 19183000.0,
        "Tax Provision": 1919000.0,
        "Pretax Income": 21102000.0,
        "Net Non Operating Interest Income Expense": 227000.0,
        "Interest Income Non Operating": 1855000.0,
        "Operating Income": 20875000.0,
        "Operating Expense": 19318000.0,
        "Research And Development": 7522000.0,
        "Selling General And Administration": 11796000.0,
        "Gross Profit": 40193000.0,
        "Cost Of Revenue": 39385000.0,
        "Total Revenue": 79578000.0,
        "Operating Revenue": 79578000.0
    },
    "2022-03-31": {
        "Diluted EPS": 0.39,
        "Total Revenue": 77,
        "Gross Profit": 40,
        "Operating Income": 20,
        "EBIT": 20,
        "Net Income": 18
    },
    "2021-12-31": {
        "Diluted EPS": 0.28,
        "Total Revenue": 74,
        "Gross Profit": 38,
        "Operating Income": 19,
        "EBIT": 20,
        "Net Income": 13
    },
    "2021-09-30": {
        "Diluted EPS": 0.41,
        "Total Revenue": 71,
        "Gross Profit": 36,
        "Operating Income": 20,
        "EBIT": 21,
        "Net Income": 19
    },
    "2021-06-30": {
        "Diluted EPS": 0.35,
        "Total Revenue": 67,
        "Gross Profit": 35,
        "Operating Income": 17,
        "EBIT": 17,
        "Net Income": 16
    },
    "2021-03-31": {
        "Diluted EPS": 0.3,
        "Total Revenue": 57,
        "Gross Profit": 29,
        "Operating Income": 14,
        "EBIT": 14,
        "Net Income": 13
    },
    "2020-12-31": {
        "Diluted EPS": 0.19,
        "Total Revenue": 49,
        "Gross Profit": 23,
        "Operating Income": 8,
        "EBIT": 9,
        "Net Income": 8
    },
    "2020-09-30": {
        "Diluted EPS": 0.15,
        "Total Revenue": 40,
        "Gross Profit": 19,
        "Operating Income": 6,
        "EBIT": 7,
        "Net Income": 6
    },
    "2020-06-30": {
        "Diluted EPS": 0.13,
        "Total Revenue": 37,
        "Gross Profit": 17,
        "Operating Income": 5,
        "EBIT": 5,
        "Net Income": 5
    },
    "2020-03-31": {
        "Diluted EPS": 0.07,
        "Total Revenue": 30,
        "Gross Profit": 14,
        "Operating Income": 3,
        "EBIT": 3,
        "Net Income": 3
    },
    "2019-12-31": {
        "Diluted EPS": 0.11,
        "Total Revenue": 33,
        "Gross Profit": 16,
        "Operating Income": 5,
        "EBIT": 5,
        "Net Income": 5
    },
    "2019-09-30": {
        "Diluted EPS": 0.11,
        "Total Revenue": 32,
        "Gross Profit": 15,
        "Operating Income": 4,
        "EBIT": 5,
        "Net Income": 4
    },
    "2019-06-30": {
        "Diluted EPS": 0.19,
        "Total Revenue": 34,
        "Gross Profit": 17,
        "Operating Income": 6,
        "EBIT": 6,
        "Net Income": 7
    },
    "2019-03-31": {
        "Diluted EPS": 0.16,
        "Total Revenue": 34,
        "Gross Profit": 17,
        "Operating Income": 7,
        "EBIT": 7,
        "Net Income": 6
    },
    "2018-12-31": {
        "Diluted EPS": 0.15,
        "Total Revenue": 33,
        "Gross Profit": 17,
        "Operating Income": 6,
        "EBIT": 6,
        "Net Income": 6
    },
    "2018-09-30": {
        "Diluted EPS": 0.14,
        "Total Revenue": 32,
        "Gross Profit": 16,
        "Operating Income": 6,
        "EBIT": 6,
        "Net Income": 5
    },
    "2018-06-30": {
        "Diluted EPS": 0.12,
        "Total Revenue": 30,
        "Gross Profit": 15,
        "Operating Income": 5,
        "EBIT": 5,
        "Net Income": 4
    },
    "2018-03-31": {
        "Diluted EPS": 0.1,
        "Total Revenue": 27,
        "Gross Profit": 13,
        "Operating Income": 4,
        "EBIT": 4,
        "Net Income": 4
    },
    "2017-12-31": {
        "Diluted EPS": 0.09,
        "Total Revenue": 26,
        "Gross Profit": 12,
        "Operating Income": 4,
        "EBIT": 4,
        "Net Income": 3
    },
    "2017-09-30": {
        "Diluted EPS": 0.32,
        "Total Revenue": 24,
        "Gross Profit": 12,
        "Operating Income": 3,
        "EBIT": 3,
        "Net Income": 12
    },
    "2017-06-30": {
        "Diluted EPS": -0.11,
        "Total Revenue": 23,
        "Gross Profit": 11,
        "Operating Income": -11,
        "EBIT": -11,
        "Net Income": -4
    },
    "2017-03-31": {
        "Diluted EPS": 0.09,
        "Total Revenue": 21,
        "Gross Profit": 10,
        "Operating Income": 1,
        "EBIT": 1,
        "Net Income": 3
    },
    "2016-12-31": {
        "Diluted EPS": 0.07,
        "Total Revenue": 14,
        "Gross Profit": 8,
        "Operating Income": 1,
        "EBIT": 1,
        "Net Income": 3
    },
    "2016-09-30": {
        "Diluted EPS": 0.03,
        "Total Revenue": 21,
        "Gross Profit": 4,
        "Operating Income": 0,
        "EBIT": 0,
        "Net Income": 1
    },
    "2016-06-30": {
        "Diluted EPS": 0.03,
        "Total Revenue": 20,
        "Gross Profit": 10,
        "Operating Income": 1,
        "EBIT": 1,
        "Net Income": 1
    },
    "2016-03-31": {
        "Diluted EPS": 0.0,
        "Total Revenue": 24,
        "Gross Profit": 10,
        "Operating Income": 0,
        "EBIT": 0,
        "Net Income": 0
    },
    "2015-12-31": {
        "Diluted EPS": -0.35,
        "Total Revenue": 26,
        "Gross Profit": 11,
        "Operating Income": -14,
        "EBIT": -14,
        "Net Income": -12
    },
    "2015-09-30": {
        "Diluted EPS": 0.03,
        "Total Revenue": 26,
        "Gross Profit": 12,
        "Operating Income": 2,
        "EBIT": 2,
        "Net Income": 1
    },
    "2015-06-30": {
        "Diluted EPS": 0.02,
        "Total Revenue": 25,
        "Gross Profit": 11,
        "Operating Income": 1,
        "EBIT": 1,
        "Net Income": 1
    },
    "2015-03-31": {
        "Diluted EPS": 0.0,
        "Total Revenue": 22,
        "Gross Profit": 10,
        "Operating Income": 1,
        "EBIT": 1,
        "Net Income": 0
    },
    "2014-12-31": {
        "Diluted EPS": 0.0,
        "Total Revenue": 21,
        "Gross Profit": 9,
        "Operating Income": 0,
        "EBIT": 0,
        "Net Income": 0
    },
    "2014-09-30": {
        "Diluted EPS": 0.02,
        "Total Revenue": 22,
        "Gross Profit": 10,
        "Operating Income": 1,
        "EBIT": 1,
        "Net Income": 1
    },
    "2014-06-30": {
        "Diluted EPS": 0.07,
        "Total Revenue": 23,
        "Gross Profit": 11,
        "Operating Income": 3,
        "EBIT": 3,
        "Net Income": 2
    },
    "2014-03-31": {
        "Diluted EPS": 0.02,
        "Total Revenue": 22,
        "Gross Profit": 10,
        "Operating Income": 1,
        "EBIT": 1,
        "Net Income": 1
    },
    "2013-12-31": {
        "Diluted EPS": 0.02,
        "Total Revenue": 23,
        "Gross Profit": 7,
        "Operating Income": 0,
        "EBIT": 0,
        "Net Income": 1
    },
    "2013-09-30": {
        "Diluted EPS": 0.0,
        "Total Revenue": 22,
        "Gross Profit": 10,
        "Operating Income": 1,
        "EBIT": 1,
        "Net Income": 0
    },
    "2013-06-30": {
        "Diluted EPS": 0.01,
        "Total Revenue": 22,
        "Gross Profit": 10,
        "Operating Income": 1,
        "EBIT": 1,
        "Net Income": 0
    },
    "2013-03-31": {
        "Diluted EPS": -0.03,
        "Total Revenue": 18,
        "Gross Profit": 8,
        "Operating Income": 0,
        "EBIT": 0,
        "Net Income": -1
    },
    "2012-12-31": {
        "Diluted EPS": -0.11,
        "Total Revenue": 18,
        "Gross Profit": 6,
        "Operating Income": -5,
        "EBIT": -5,
        "Net Income": -3
    },
    "2012-09-30": {
        "Diluted EPS": 0.08,
        "Total Revenue": 24,
        "Gross Profit": 11,
        "Operating Income": 3,
        "EBIT": 3,
        "Net Income": 2
    },
    "2012-06-30": {
        "Diluted EPS": 0.08,
        "Total Revenue": 25,
        "Gross Profit": 12,
        "Operating Income": 3,
        "EBIT": 3,
        "Net Income": 2
    },
    "2012-03-31": {
        "Diluted EPS": -0.05,
        "Total Revenue": 18,
        "Gross Profit": 8,
        "Operating Income": -1,
        "EBIT": -1,
        "Net Income": -1
    },
    "2011-12-31": {
        "Diluted EPS": -0.06,
        "Total Revenue": 21,
        "Gross Profit": 8,
        "Operating Income": -1,
        "EBIT": -1,
        "Net Income": -2
    },
    "2011-09-30": {
        "Diluted EPS": 0.09,
        "Total Revenue": 30,
        "Gross Profit": 14,
        "Operating Income": 4,
        "EBIT": 4,
        "Net Income": 3
    },
    "2011-06-30": {
        "Diluted EPS": 0.07,
        "Total Revenue": 29,
        "Gross Profit": 13,
        "Operating Income": 3,
        "EBIT": 3,
        "Net Income": 2
    },
    "2011-03-31": {
        "Diluted EPS": 0.08,
        "Total Revenue": 27,
        "Gross Profit": 13,
        "Operating Income": 3,
        "EBIT": 3,
        "Net Income": 2
    },
    "2010-12-31": {
        "Diluted EPS": 0.03,
        "Total Revenue": 25,
        "Gross Profit": 12,
        "Operating Income": 2,
        "EBIT": 2,
        "Net Income": 1
    },
    "2010-09-30": {
        "Diluted EPS": 0.07,
        "Total Revenue": 24,
        "Gross Profit": 11,
        "Operating Income": 2,
        "EBIT": 2,
        "Net Income": 2
    },
    "2010-06-30": {
        "Diluted EPS": 0.02,
        "Total Revenue": 21,
        "Gross Profit": 9,
        "Operating Income": 1,
        "EBIT": 1,
        "Net Income": 0
    },
    "2010-03-31": {
        "Diluted EPS": -0.03,
        "Total Revenue": 18,
        "Gross Profit": 7,
        "Operating Income": 0,
        "EBIT": 0,
        "Net Income": -1
    },
    "2009-12-31": {
        "Diluted EPS": -0.13,
        "Total Revenue": 17,
        "Gross Profit": 4,
        "Operating Income": -3,
        "EBIT": -3,
        "Net Income": -4
    },
    "2009-09-30": {
        "Diluted EPS": -0.01,
        "Total Revenue": 15,
        "Gross Profit": 6,
        "Operating Income": 0,
        "EBIT": 0,
        "Net Income": 0
    },
    "2009-06-30": {
        "Diluted EPS": -0.07,
        "Total Revenue": 13,
        "Gross Profit": 4,
        "Operating Income": -2,
        "EBIT": -2,
        "Net Income": -2
    },
    "2009-03-31": {
        "Diluted EPS": -0.19,
        "Total Revenue": 9,
        "Gross Profit": 3,
        "Operating Income": -5,
        "EBIT": -5,
        "Net Income": -5
    },
    "2023-09-30": {
        "Tax Effect Of Unusual Items": NaN,
        "Tax Rate For Calcs": NaN,
        "Normalized EBITDA": NaN,
        "Net Income From Continuing Operation Net Minority Interest": NaN,
        "Reconciled Cost Of Revenue": NaN,
        "EBITDA": NaN,
        "EBIT": NaN,
        "Net Interest Income": NaN,
        "Interest Income": NaN,
        "Normalized Income": NaN,
        "Net Income From Continuing And Discontinued Operation": NaN,
        "Total Expenses": NaN,
        "Total Operating Income As Reported": NaN,
        "Diluted Average Shares": 48965000.0,
        "Basic Average Shares": 44728000.0,
        "Diluted EPS": 0.46,
        "Basic EPS": 0.49,
        "Diluted NI Availto Com Stockholders": NaN,
        "Net Income Common Stockholders": NaN,
        "Net Income": NaN,
        "Net Income Including Noncontrolling Interests": NaN,
        "Net Income Continuous Operations": NaN,
        "Tax Provision": NaN,
        "Pretax Income": NaN,
        "Net Non Operating Interest Income Expense": NaN,
        "Interest Income Non Operating": NaN,
        "Operating Income": NaN,
        "Operating Expense": NaN,
        "Research And Development": NaN,
        "Selling General And Administration": NaN,
        "Gross Profit": NaN,
        "Cost Of Revenue": NaN,
        "Total Revenue": NaN,
        "Operating Revenue": NaN
    },
    "2023-12-31": {
        "Tax Effect Of Unusual Items": 0.0,
        "Tax Rate For Calcs": 0.092179,
        "Normalized EBITDA": 41192000.0,
        "Net Income From Continuing Operation Net Minority Interest": 20790000.0,
        "Reconciled Cost Of Revenue": 48902000.0,
        "EBITDA": 41192000.0,
        "EBIT": 41192000.0,
        "Net Interest Income": 5760000.0,
        "Interest Income": 7515000.0,
        "Normalized Income": 20790000.0,
        "Net Income From Continuing And Discontinued Operation": 20790000.0,
        "Total Expenses": 71471000.0,
        "Total Operating Income As Reported": 17219000.0,
        "Diluted Average Shares": 49149000.0,
        "Basic Average Shares": 44882000.0,
        "Diluted EPS": 0.42,
        "Basic EPS": 0.46,
        "Diluted NI Availto Com Stockholders": 21884000.0,
        "Net Income Common Stockholders": 20790000.0,
        "Net Income": 20790000.0,
        "Net Income Including Noncontrolling Interests": 20790000.0,
        "Net Income Continuous Operations": 20790000.0,
        "Tax Provision": 2111000.0,
        "Pretax Income": 22901000.0,
        "Net Non Operating Interest Income Expense": 5760000.0,
        "Interest Income Non Operating": 7515000.0,
        "Operating Income": 17219000.0,
        "Operating Expense": 22569000.0,
        "Research And Development": 8042000.0,
        "Selling General And Administration": 14527000.0,
        "Gross Profit": 39788000.0,
        "Cost Of Revenue": 48902000.0,
        "Total Revenue": 88690000.0,
        "Operating Revenue": 88690000.0
    },
    "2024-03-31": {
        "Tax Effect Of Unusual Items": 0.0,
        "Tax Rate For Calcs": 0.076319,
        "Normalized EBITDA": 21238000.0,
        "Net Income From Continuing Operation Net Minority Interest": 24799000.0,
        "Reconciled Cost Of Revenue": 52287000.0,
        "EBITDA": 21238000.0,
        "EBIT": 21238000.0,
        "Net Interest Income": 5610000.0,
        "Interest Income": 5610000.0,
        "Normalized Income": 24799000.0,
        "Net Income From Continuing And Discontinued Operation": 24799000.0,
        "Total Expenses": 75772000.0,
        "Total Operating Income As Reported": 21238000.0,
        "Diluted Average Shares": 49253000.0,
        "Basic Average Shares": 45074000.0,
        "Diluted EPS": 0.51,
        "Basic EPS": 0.55,
        "Diluted NI Availto Com Stockholders": 24799000.0,
        "Net Income Common Stockholders": 24799000.0,
        "Net Income": 24799000.0,
        "Net Income Including Noncontrolling Interests": 24799000.0,
        "Net Income Continuous Operations": 24799000.0,
        "Tax Provision": 2049000.0,
        "Pretax Income": 26848000.0,
        "Net Non Operating Interest Income Expense": 5610000.0,
        "Interest Income Non Operating": 5610000.0,
        "Operating Income": 21238000.0,
        "Operating Expense": 23485000.0,
        "Research And Development": 8912000.0,
        "Selling General And Administration": 14573000.0,
        "Gross Profit": 44723000.0,
        "Cost Of Revenue": 52287000.0,
        "Total Revenue": 97010000.0,
        "Operating Revenue": 97010000.0
    },
    "2024-06-30": {
        "Tax Effect Of Unusual Items": 0.0,
        "Tax Rate For Calcs": 0.094987,
        "Normalized EBITDA": 37056000.0,
        "Net Income From Continuing Operation Net Minority Interest": 27964000.0,
        "Reconciled Cost Of Revenue": 51351000.0,
        "EBITDA": 37056000.0,
        "EBIT": 37056000.0,
        "Net Interest Income": 5014000.0,
        "Interest Income": 6202000.0,
        "Normalized Income": 27964000.0,
        "Net Income From Continuing And Discontinued Operation": 27964000.0,
        "Total Expenses": 76706000.0,
        "Total Operating Income As Reported": 25885000.0,
        "Diluted Average Shares": 49310000.0,
        "Basic Average Shares": 45246000.0,
        "Diluted EPS": 0.57,
        "Basic EPS": 0.62,
        "Diluted NI Availto Com Stockholders": 27964000.0,
        "Net Income Common Stockholders": 27964000.0,
        "Net Income": 27964000.0,
        "Net Income Including Noncontrolling Interests": 27964000.0,
        "Net Income Continuous Operations": 27964000.0,
        "Tax Provision": 2935000.0,
        "Pretax Income": 30899000.0,
        "Net Non Operating Interest Income Expense": 5014000.0,
        "Interest Income Non Operating": 6202000.0,
        "Operating Income": 25885000.0,
        "Operating Expense": 25355000.0,
        "Research And Development": 9234000.0,
        "Selling General And Administration": 16121000.0,
        "Gross Profit": 51240000.0,
        "Cost Of Revenue": 51351000.0,
        "Total Revenue": 102591000.0,
        "Operating Revenue": 102591000.0
    },
    "2024-09-30": {
        "Tax Effect Of Unusual Items": 0.0,
        "Tax Rate For Calcs": 0.090876,
        "Normalized EBITDA": 29646000.0,
        "Net Income From Continuing Operation Net Minority Interest": 32743000.0,
        "Reconciled Cost Of Revenue": 56484000.0,
        "EBITDA": 29646000.0,
        "EBIT": 29646000.0,
        "Net Interest Income": 6370000.0,
        "Interest Income": 6370000.0,
        "Normalized Income": 32743000.0,
        "Net Income From Continuing And Discontinued Operation": 32743000.0,
        "Total Expenses": 82694000.0,
        "Total Operating Income As Reported": 29646000.0,
        "Diluted Average Shares": 49437000.0,
        "Basic Average Shares": 46016000.0,
        "Diluted EPS": 0.67,
        "Basic EPS": 0.71,
        "Diluted NI Availto Com Stockholders": 32743000.0,
        "Net Income Common Stockholders": 32743000.0,
        "Net Income": 32743000.0,
        "Net Income Including Noncontrolling Interests": 32743000.0,
        "Net Income Continuous Operations": 32743000.0,
        "Tax Provision": 3273000.0,
        "Pretax Income": 36016000.0,
        "Net Non Operating Interest Income Expense": 6370000.0,
        "Interest Income Non Operating": 6370000.0,
        "Operating Income": 29646000.0,
        "Operating Expense": 26210000.0,
        "Research And Development": 9770000.0,
        "Selling General And Administration": 16440000.0,
        "Gross Profit": 55856000.0,
        "Cost Of Revenue": 56484000.0,
        "Total Revenue": 112340000.0,
        "Operating Revenue": 112340000.0
    },
    "2024-12-31": {
        "Tax Effect Of Unusual Items": 0.0,
        "Tax Rate For Calcs": 0.119173,
        "Normalized EBITDA": 55563000.0,
        "Net Income From Continuing Operation Net Minority Interest": 33009000.0,
        "Reconciled Cost Of Revenue": 59161000.0,
        "EBITDA": 55563000.0,
        "EBIT": 55563000.0,
        "Net Interest Income": 6138000.0,
        "Interest Income": 7847000.0,
        "Normalized Income": 33009000.0,
        "Net Income From Continuing And Discontinued Operation": 33009000.0,
        "Total Expenses": 85993000.0,
        "Total Operating Income As Reported": 31300000.0,
        "Diluted Average Shares": 49503000.0,
        "Basic Average Shares": 45428000.0,
        "Diluted EPS": 0.67,
        "Basic EPS": 0.73,
        "Diluted NI Availto Com Stockholders": 34103000.0,
        "Net Income Common Stockholders": 33009000.0,
        "Net Income": 33009000.0,
        "Net Income Including Noncontrolling Interests": 33009000.0,
        "Net Income Continuous Operations": 33009000.0,
        "Tax Provision": 4466000.0,
        "Pretax Income": 37475000.0,
        "Net Non Operating Interest Income Expense": 6138000.0,
        "Interest Income Non Operating": 7847000.0,
        "Operating Income": 31300000.0,
        "Operating Expense": 26832000.0,
        "Research And Development": 10371000.0,
        "Selling General And Administration": 16461000.0,
        "Gross Profit": 58132000.0,
        "Cost Of Revenue": 59161000.0,
        "Total Revenue": 117293000.0,
        "Operating Revenue": 117293000.0
    },
    "2025-03-31": {
        "Tax Effect Of Unusual Items": 0.0,
        "Tax Rate For Calcs": 0.100228,
        "Normalized EBITDA": 32700000.0,
        "Net Income From Continuing Operation Net Minority Interest": 34311000.0,
        "Reconciled Cost Of Revenue": 58074000.0,
        "EBITDA": 32700000.0,
        "EBIT": 32700000.0,
        "Net Interest Income": 5433000.0,
        "Interest Income": 5433000.0,
        "Normalized Income": 34311000.0,
        "Net Income From Continuing And Discontinued Operation": 34311000.0,
        "Total Expenses": 85938000.0,
        "Total Operating Income As Reported": 32700000.0,
        "Diluted Average Shares": 49286000.0,
        "Basic Average Shares": 45561000.0,
        "Diluted EPS": 0.7,
        "Basic EPS": 0.75,
        "Diluted NI Availto Com Stockholders": 34311000.0,
        "Net Income Common Stockholders": 34311000.0,
        "Net Income": 34311000.0,
        "Net Income Including Noncontrolling Interests": 34311000.0,
        "Net Income Continuous Operations": 34311000.0,
        "Tax Provision": 3822000.0,
        "Pretax Income": 38133000.0,
        "Net Non Operating Interest Income Expense": 5433000.0,
        "Interest Income Non Operating": 5433000.0,
        "Operating Income": 32700000.0,
        "Operating Expense": 27864000.0,
        "Research And Development": 10362000.0,
        "Selling General And Administration": 17502000.0,
        "Gross Profit": 60564000.0,
        "Cost Of Revenue": 58074000.0,
        "Total Revenue": 118638000.0,
        "Operating Revenue": 118638000.0
    }
}