{
    "2023-03-31": {
        "Tax Effect Of Unusual Items": -69090.373326,
        "Tax Rate For Calcs": 0.026999,
        "Normalized EBITDA": -83107000.0,
        "Total Unusual Items": -2559000.0,
        "Total Unusual Items Excluding Goodwill": -2559000.0,
        "Net Income From Continuing Operation Net Minority Interest": -84366000.0,
        "Reconciled Cost Of Revenue": 102778000.0,
        "EBITDA": -85666000.0,
        "EBIT": -85666000.0,
        "Net Interest Income": 440000.0,
        "Interest Income": 440000.0,
        "Normalized Income": -81876090.373326,
        "Net Income From Continuing And Discontinued Operation": -84366000.0,
        "Total Expenses": 140898000.0,
        "Total Operating Income As Reported": -85666000.0,
        "Diluted Average Shares": 166837226.0,
        "Basic Average Shares": 166837226.0,
        "Diluted EPS": -0.5055,
        "Basic EPS": -0.5055,
        "Diluted NI Availto Com Stockholders": -84366000.0,
        "Net Income Common Stockholders": -84366000.0,
        "Net Income": -84366000.0,
        "Net Income Including Noncontrolling Interests": -84366000.0,
        "Net Income Continuous Operations": -84366000.0,
        "Tax Provision": -2341000.0,
        "Pretax Income": -86707000.0,
        "Other Income Expense": -1481000.0,
        "Other Non Operating Income Expenses": 1078000.0,
        "Special Income Charges": 0.0,
        "Impairment Of Capital Assets": 0.0,
        "Gain On Sale Of Security": -2559000.0,
        "Net Non Operating Interest Income Expense": 440000.0,
        "Interest Income Non Operating": 440000.0,
        "Operating Income": -85666000.0,
        "Operating Expense": 38120000.0,
        "Research And Development": 19058000.0,
        "Selling General And Administration": 19062000.0,
        "Selling And Marketing Expense": 1485000.0,
        "General And Administrative Expense": 17577000.0,
        "Other Gand A": 17577000.0,
        "Gross Profit": -47546000.0,
        "Cost Of Revenue": 102778000.0,
        "Total Revenue": 55232000.0,
        "Operating Revenue": 55203000.0
    },
    "2022-12-31": {
        "Tax Effect Of Unusual Items": 708192.135196,
        "Tax Rate For Calcs": 0.225714,
        "Normalized EBITDA": -80570707.086137,
        "Total Unusual Items": 3137564.198419,
        "Total Unusual Items Excluding Goodwill": 3137564.198419,
        "Net Income From Continuing Operation Net Minority Interest": -83389992.179262,
        "Reconciled Cost Of Revenue": 128543876.371567,
        "EBITDA": -77433142.887718,
        "EBIT": -77433142.887718,
        "Net Interest Income": 1149831.219988,
        "Interest Income": 1149831.219988,
        "Normalized Income": -85819364.242484,
        "Net Income From Continuing And Discontinued Operation": -83389992.179262,
        "Total Expenses": 189249434.539152,
        "Total Operating Income As Reported": -121734593.759545,
        "Diluted Average Shares": 167687500.0,
        "Basic Average Shares": 167687500.0,
        "Diluted EPS": -0.527445,
        "Basic EPS": -0.527445,
        "Diluted NI Availto Com Stockholders": -83389992.179262,
        "Net Income Common Stockholders": -83389992.179262,
        "Net Income": -83389992.179262,
        "Net Income Including Noncontrolling Interests": -83389992.179262,
        "Net Income Continuous Operations": -83389992.179262,
        "Tax Provision": -24309218.628748,
        "Pretax Income": -107699210.80801,
        "Other Income Expense": 5209555.615999,
        "Other Non Operating Income Expenses": 2071991.417581,
        "Special Income Charges": -1826571.473392,
        "Impairment Of Capital Assets": 1826571.473392,
        "Gain On Sale Of Security": 4964135.671811,
        "Net Non Operating Interest Income Expense": 1149831.219988,
        "Interest Income Non Operating": 1149831.219988,
        "Operating Income": -114058597.643997,
        "Operating Expense": 60705558.167585,
        "Research And Development": 33881530.273896,
        "Selling General And Administration": 26824027.893689,
        "Selling And Marketing Expense": 1360926.520838,
        "General And Administrative Expense": 25463101.372851,
        "Other Gand A": 25463101.372851,
        "Gross Profit": -53353039.476412,
        "Cost Of Revenue": 128543876.371567,
        "Total Revenue": 75190836.895154,
        "Operating Revenue": 75156993.901023
    },
    "2022-09-30": {
        "Tax Effect Of Unusual Items": NaN,
        "Tax Rate For Calcs": NaN,
        "Normalized EBITDA": NaN,
        "Total Unusual Items": NaN,
        "Total Unusual Items Excluding Goodwill": NaN,
        "Net Income From Continuing Operation Net Minority Interest": NaN,
        "Reconciled Cost Of Revenue": NaN,
        "EBITDA": NaN,
        "EBIT": NaN,
        "Net Interest Income": NaN,
        "Interest Income": NaN,
        "Normalized Income": NaN,
        "Net Income From Continuing And Discontinued Operation": NaN,
        "Total Expenses": NaN,
        "Total Operating Income As Reported": NaN,
        "Diluted Average Shares": NaN,
        "Basic Average Shares": NaN,
        "Diluted EPS": NaN,
        "Basic EPS": NaN,
        "Diluted NI Availto Com Stockholders": NaN,
        "Net Income Common Stockholders": NaN,
        "Net Income": NaN,
        "Net Income Including Noncontrolling Interests": NaN,
        "Net Income Continuous Operations": NaN,
        "Tax Provision": NaN,
        "Pretax Income": NaN,
        "Other Income Expense": NaN,
        "Other Non Operating Income Expenses": NaN,
        "Special Income Charges": NaN,
        "Write Off": 11290000.0,
        "Impairment Of Capital Assets": NaN,
        "Gain On Sale Of Security": NaN,
        "Net Non Operating Interest Income Expense": NaN,
        "Interest Income Non Operating": NaN,
        "Operating Income": NaN,
        "Operating Expense": NaN,
        "Research And Development": NaN,
        "Selling General And Administration": NaN,
        "Selling And Marketing Expense": NaN,
        "General And Administrative Expense": NaN,
        "Other Gand A": NaN,
        "Gross Profit": NaN,
        "Cost Of Revenue": NaN,
        "Total Revenue": NaN,
        "Operating Revenue": NaN
    },
    "2022-06-30": {
        "Tax Effect Of Unusual Items": 23595316.243686,
        "Tax Rate For Calcs": 0.215914,
        "Normalized EBITDA": 667310000.0,
        "Total Unusual Items": 109281000.0,
        "Total Unusual Items Excluding Goodwill": 109281000.0,
        "Net Income From Continuing Operation Net Minority Interest": 608914000.0,
        "Reconciled Cost Of Revenue": 722938000.0,
        "EBITDA": 776591000.0,
        "EBIT": 776591000.0,
        "Net Interest Income": 2076000.0,
        "Interest Expense": 0.0,
        "Interest Income": 2076000.0,
        "Normalized Income": 523228316.243686,
        "Net Income From Continuing And Discontinued Operation": 608914000.0,
        "Total Expenses": 993403000.0,
        "Total Operating Income As Reported": 659258000.0,
        "Diluted Average Shares": 172378991.0,
        "Basic Average Shares": 172309649.0,
        "Diluted EPS": 0.522,
        "Basic EPS": 0.5235,
        "Diluted NI Availto Com Stockholders": 608914000.0,
        "Net Income Common Stockholders": 608914000.0,
        "Net Income": 608914000.0,
        "Net Income Including Noncontrolling Interests": 608914000.0,
        "Net Income Continuous Operations": 608914000.0,
        "Tax Provision": 167677000.0,
        "Pretax Income": 776591000.0,
        "Other Income Expense": 115257000.0,
        "Other Non Operating Income Expenses": 5976000.0,
        "Special Income Charges": -30025000.0,
        "Write Off": 30025000.0,
        "Impairment Of Capital Assets": 30025000.0,
        "Gain On Sale Of Security": 139306000.0,
        "Net Non Operating Interest Income Expense": 2076000.0,
        "Interest Expense Non Operating": 0.0,
        "Interest Income Non Operating": 2076000.0,
        "Operating Income": 659258000.0,
        "Operating Expense": 270465000.0,
        "Research And Development": 103924000.0,
        "Selling General And Administration": 166541000.0,
        "Selling And Marketing Expense": 21122000.0,
        "General And Administrative Expense": 145419000.0,
        "Other Gand A": 145419000.0,
        "Salaries And Wages": NaN,
        "Gross Profit": 929723000.0,
        "Cost Of Revenue": 722938000.0,
        "Total Revenue": 1652661000.0,
        "Operating Revenue": 1652516000.0
    },
    "2022-03-31": {
        "Diluted EPS": 0.38,
        "Total Revenue": 202,
        "Gross Profit": 123,
        "Operating Income": 85,
        "EBIT": 85,
        "Net Income": 65
    },
    "2021-12-31": {
        "Diluted EPS": 1.2,
        "Total Revenue": 349,
        "Gross Profit": 236,
        "Operating Income": 191,
        "EBIT": 191,
        "Net Income": 203
    },
    "2021-09-30": {
        "Diluted EPS": 0.41,
        "Total Revenue": 204,
        "Gross Profit": 115,
        "Operating Income": 72,
        "EBIT": 72,
        "Net Income": 73
    },
    "2021-06-30": {
        "Diluted EPS": 0.22,
        "Total Revenue": 168,
        "Gross Profit": 66,
        "Operating Income": 26,
        "EBIT": 26,
        "Net Income": 38
    },
    "2021-03-31": {
        "Diluted EPS": 0.0,
        "Total Revenue": 61,
        "Gross Profit": 30,
        "Operating Income": -2,
        "EBIT": -2,
        "Net Income": 0
    },
    "2020-12-31": {
        "Diluted EPS": -0.07,
        "Total Revenue": 10,
        "Gross Profit": 10,
        "Operating Income": 10,
        "EBIT": 10,
        "Net Income": -12
    },
    "2020-09-30": {
        "Diluted EPS": -0.08,
        "Total Revenue": 24,
        "Gross Profit": -3,
        "Operating Income": -14,
        "EBIT": -14,
        "Net Income": -13
    },
    "2020-06-30": {
        "Diluted EPS": -0.02,
        "Total Revenue": 25,
        "Gross Profit": 25,
        "Operating Income": 25,
        "EBIT": 25,
        "Net Income": -2
    },
    "2020-03-31": {
        "Diluted EPS": -0.04,
        "Total Revenue": 10,
        "Gross Profit": 10,
        "Operating Income": 10,
        "EBIT": 10,
        "Net Income": -6
    },
    "2019-12-31": {
        "Diluted EPS": 0.77,
        "Total Revenue": 67,
        "Gross Profit": 67,
        "Operating Income": 67,
        "EBIT": 67,
        "Net Income": 115
    },
    "2023-06-30": {
        "Tax Effect Of Unusual Items": NaN,
        "Tax Rate For Calcs": NaN,
        "Normalized EBITDA": NaN,
        "Total Unusual Items": NaN,
        "Total Unusual Items Excluding Goodwill": NaN,
        "Net Income From Continuing Operation Net Minority Interest": NaN,
        "Reconciled Cost Of Revenue": NaN,
        "EBITDA": NaN,
        "EBIT": NaN,
        "Net Interest Income": NaN,
        "Interest Expense": 0.0,
        "Interest Income": NaN,
        "Normalized Income": NaN,
        "Net Income From Continuing And Discontinued Operation": NaN,
        "Total Expenses": NaN,
        "Total Operating Income As Reported": NaN,
        "Diluted Average Shares": NaN,
        "Basic Average Shares": NaN,
        "Diluted EPS": NaN,
        "Basic EPS": NaN,
        "Diluted NI Availto Com Stockholders": NaN,
        "Net Income Common Stockholders": NaN,
        "Net Income": NaN,
        "Net Income Including Noncontrolling Interests": NaN,
        "Net Income Continuous Operations": NaN,
        "Tax Provision": NaN,
        "Pretax Income": NaN,
        "Other Income Expense": NaN,
        "Other Non Operating Income Expenses": NaN,
        "Special Income Charges": NaN,
        "Write Off": 0.0,
        "Impairment Of Capital Assets": NaN,
        "Gain On Sale Of Security": NaN,
        "Net Non Operating Interest Income Expense": NaN,
        "Interest Expense Non Operating": 0.0,
        "Interest Income Non Operating": NaN,
        "Operating Income": NaN,
        "Operating Expense": NaN,
        "Research And Development": NaN,
        "Selling General And Administration": NaN,
        "Selling And Marketing Expense": NaN,
        "General And Administrative Expense": NaN,
        "Other Gand A": NaN,
        "Gross Profit": NaN,
        "Cost Of Revenue": NaN,
        "Total Revenue": NaN,
        "Operating Revenue": NaN
    },
    "2023-09-30": {
        "Tax Effect Of Unusual Items": NaN,
        "Tax Rate For Calcs": NaN,
        "Normalized EBITDA": NaN,
        "Total Unusual Items": NaN,
        "Total Unusual Items Excluding Goodwill": NaN,
        "Net Income From Continuing Operation Net Minority Interest": NaN,
        "Reconciled Cost Of Revenue": NaN,
        "EBITDA": NaN,
        "EBIT": NaN,
        "Net Interest Income": NaN,
        "Interest Expense": NaN,
        "Interest Income": NaN,
        "Normalized Income": NaN,
        "Net Income From Continuing And Discontinued Operation": NaN,
        "Total Expenses": NaN,
        "Total Operating Income As Reported": NaN,
        "Diluted Average Shares": NaN,
        "Basic Average Shares": NaN,
        "Diluted EPS": NaN,
        "Basic EPS": NaN,
        "Diluted NI Availto Com Stockholders": NaN,
        "Net Income Common Stockholders": NaN,
        "Net Income": NaN,
        "Net Income Including Noncontrolling Interests": NaN,
        "Net Income Continuous Operations": NaN,
        "Tax Provision": NaN,
        "Pretax Income": NaN,
        "Other Income Expense": NaN,
        "Other Non Operating Income Expenses": NaN,
        "Special Income Charges": NaN,
        "Gain On Sale Of Ppe": NaN,
        "Write Off": 2199000.0,
        "Impairment Of Capital Assets": NaN,
        "Gain On Sale Of Security": NaN,
        "Net Non Operating Interest Income Expense": NaN,
        "Interest Expense Non Operating": NaN,
        "Interest Income Non Operating": NaN,
        "Operating Income": NaN,
        "Operating Expense": NaN,
        "Research And Development": NaN,
        "Selling General And Administration": NaN,
        "Selling And Marketing Expense": NaN,
        "General And Administrative Expense": NaN,
        "Other Gand A": NaN,
        "Gross Profit": NaN,
        "Cost Of Revenue": NaN,
        "Total Revenue": NaN,
        "Operating Revenue": NaN
    },
    "2023-12-31": {
        "Tax Effect Of Unusual Items": -10724760.817938,
        "Tax Rate For Calcs": 0.142491,
        "Normalized EBITDA": -6405000.0,
        "Total Unusual Items": NaN,
        "Total Unusual Items Excluding Goodwill": -75266000.0,
        "Net Income From Continuing Operation Net Minority Interest": -139015000.0,
        "Reconciled Cost Of Revenue": 103142000.0,
        "EBITDA": -81671000.0,
        "EBIT": -81671000.0,
        "Net Interest Income": 229000.0,
        "Interest Expense": NaN,
        "Interest Income": 229000.0,
        "Normalized Income": NaN,
        "Net Income From Continuing And Discontinued Operation": -139015000.0,
        "Total Expenses": 135788000.0,
        "Total Operating Income As Reported": -93268000.0,
        "Diluted Average Shares": 180401607.0,
        "Basic Average Shares": 180401607.0,
        "Diluted EPS": -0.771,
        "Basic EPS": -0.771,
        "Diluted NI Availto Com Stockholders": -139015000.0,
        "Net Income Common Stockholders": -139015000.0,
        "Net Income": -139015000.0,
        "Net Income Including Noncontrolling Interests": -139015000.0,
        "Net Income Continuous Operations": -139015000.0,
        "Tax Provision": -23100000.0,
        "Pretax Income": -162115000.0,
        "Other Income Expense": -75629000.0,
        "Other Non Operating Income Expenses": -363000.0,
        "Special Income Charges": -6553000.0,
        "Gain On Sale Of Ppe": NaN,
        "Write Off": NaN,
        "Impairment Of Capital Assets": 11030000.0,
        "Gain On Sale Of Security": -68713000.0,
        "Net Non Operating Interest Income Expense": 229000.0,
        "Interest Expense Non Operating": NaN,
        "Interest Income Non Operating": 229000.0,
        "Operating Income": -86715000.0,
        "Operating Expense": 32646000.0,
        "Research And Development": 10778000.0,
        "Selling General And Administration": 21868000.0,
        "Selling And Marketing Expense": 1762000.0,
        "General And Administrative Expense": 20106000.0,
        "Other Gand A": 20106000.0,
        "Gross Profit": -54069000.0,
        "Cost Of Revenue": 103142000.0,
        "Total Revenue": 49073000.0,
        "Operating Revenue": 48615000.0
    },
    "2024-03-31": {
        "Tax Effect Of Unusual Items": NaN,
        "Tax Rate For Calcs": NaN,
        "Normalized EBITDA": NaN,
        "Total Unusual Items": NaN,
        "Total Unusual Items Excluding Goodwill": NaN,
        "Net Income From Continuing Operation Net Minority Interest": NaN,
        "Reconciled Cost Of Revenue": NaN,
        "EBITDA": NaN,
        "EBIT": NaN,
        "Net Interest Income": NaN,
        "Interest Expense": NaN,
        "Interest Income": NaN,
        "Normalized Income": NaN,
        "Net Income From Continuing And Discontinued Operation": NaN,
        "Total Expenses": NaN,
        "Total Operating Income As Reported": NaN,
        "Diluted Average Shares": NaN,
        "Basic Average Shares": NaN,
        "Diluted EPS": NaN,
        "Basic EPS": NaN,
        "Diluted NI Availto Com Stockholders": NaN,
        "Net Income Common Stockholders": NaN,
        "Net Income": NaN,
        "Net Income Including Noncontrolling Interests": NaN,
        "Net Income Continuous Operations": NaN,
        "Tax Provision": NaN,
        "Pretax Income": NaN,
        "Other Income Expense": NaN,
        "Other Non Operating Income Expenses": NaN,
        "Special Income Charges": NaN,
        "Gain On Sale Of Ppe": NaN,
        "Write Off": 0.0,
        "Impairment Of Capital Assets": NaN,
        "Gain On Sale Of Security": NaN,
        "Net Non Operating Interest Income Expense": NaN,
        "Interest Expense Non Operating": NaN,
        "Interest Income Non Operating": NaN,
        "Operating Income": NaN,
        "Operating Expense": NaN,
        "Research And Development": NaN,
        "Selling General And Administration": NaN,
        "Selling And Marketing Expense": NaN,
        "General And Administrative Expense": NaN,
        "Other Gand A": NaN,
        "Gross Profit": NaN,
        "Cost Of Revenue": NaN,
        "Total Revenue": NaN,
        "Operating Revenue": NaN
    },
    "2024-06-30": {
        "Tax Effect Of Unusual Items": NaN,
        "Tax Rate For Calcs": NaN,
        "Normalized EBITDA": NaN,
        "Total Unusual Items": NaN,
        "Total Unusual Items Excluding Goodwill": NaN,
        "Net Income From Continuing Operation Net Minority Interest": NaN,
        "Reconciled Cost Of Revenue": NaN,
        "EBITDA": NaN,
        "EBIT": NaN,
        "Net Interest Income": NaN,
        "Interest Expense": NaN,
        "Interest Income": NaN,
        "Normalized Income": NaN,
        "Net Income From Continuing And Discontinued Operation": NaN,
        "Total Expenses": NaN,
        "Total Operating Income As Reported": NaN,
        "Diluted Average Shares": NaN,
        "Basic Average Shares": NaN,
        "Diluted EPS": NaN,
        "Basic EPS": NaN,
        "Diluted NI Availto Com Stockholders": NaN,
        "Net Income Common Stockholders": NaN,
        "Net Income": NaN,
        "Net Income Including Noncontrolling Interests": NaN,
        "Net Income Continuous Operations": NaN,
        "Tax Provision": NaN,
        "Pretax Income": NaN,
        "Other Income Expense": NaN,
        "Other Non Operating Income Expenses": NaN,
        "Special Income Charges": NaN,
        "Gain On Sale Of Ppe": NaN,
        "Write Off": 0.0,
        "Impairment Of Capital Assets": NaN,
        "Gain On Sale Of Security": NaN,
        "Net Non Operating Interest Income Expense": NaN,
        "Interest Expense Non Operating": NaN,
        "Interest Income Non Operating": NaN,
        "Operating Income": NaN,
        "Operating Expense": NaN,
        "Research And Development": NaN,
        "Selling General And Administration": NaN,
        "Selling And Marketing Expense": NaN,
        "General And Administrative Expense": NaN,
        "Other Gand A": NaN,
        "Gross Profit": NaN,
        "Cost Of Revenue": NaN,
        "Total Revenue": NaN,
        "Operating Revenue": NaN
    },
    "2024-09-30": {
        "Tax Effect Of Unusual Items": -2544739.387753,
        "Tax Rate For Calcs": 0.081544,
        "Normalized EBITDA": -50833000.0,
        "Total Unusual Items": -31207000.0,
        "Total Unusual Items Excluding Goodwill": -31207000.0,
        "Net Income From Continuing Operation Net Minority Interest": -75577000.0,
        "Reconciled Cost Of Revenue": 95119000.0,
        "EBITDA": -82040000.0,
        "EBIT": -82040000.0,
        "Net Interest Income": -89000.0,
        "Interest Expense": 247000.0,
        "Interest Income": 158000.0,
        "Normalized Income": -46914739.387753,
        "Net Income From Continuing And Discontinued Operation": -75577000.0,
        "Total Expenses": 124805000.0,
        "Total Operating Income As Reported": -56844000.0,
        "Diluted Average Shares": 277536922.0,
        "Basic Average Shares": 277536922.0,
        "Diluted EPS": -0.273,
        "Basic EPS": -0.273,
        "Diluted NI Availto Com Stockholders": -75577000.0,
        "Net Income Common Stockholders": -75577000.0,
        "Net Income": -75577000.0,
        "Net Income Including Noncontrolling Interests": -75577000.0,
        "Net Income Continuous Operations": -75577000.0,
        "Tax Provision": -6710000.0,
        "Pretax Income": -82287000.0,
        "Other Income Expense": -31001000.0,
        "Other Non Operating Income Expenses": 206000.0,
        "Special Income Charges": -5647000.0,
        "Gain On Sale Of Ppe": 815000.0,
        "Write Off": 0.0,
        "Impairment Of Capital Assets": 6462000.0,
        "Gain On Sale Of Security": -25560000.0,
        "Net Non Operating Interest Income Expense": -89000.0,
        "Interest Expense Non Operating": 247000.0,
        "Interest Income Non Operating": 158000.0,
        "Operating Income": -51197000.0,
        "Operating Expense": 29686000.0,
        "Research And Development": 14761000.0,
        "Selling General And Administration": 14925000.0,
        "Selling And Marketing Expense": 1719000.0,
        "General And Administrative Expense": 13206000.0,
        "Other Gand A": 13206000.0,
        "Gross Profit": -21511000.0,
        "Cost Of Revenue": 95119000.0,
        "Total Revenue": 73608000.0,
        "Operating Revenue": 73543000.0
    },
    "2024-12-31": {
        "Tax Effect Of Unusual Items": 6397230.0,
        "Tax Rate For Calcs": 0.21,
        "Normalized EBITDA": -37804000.0,
        "Total Unusual Items": 30463000.0,
        "Total Unusual Items Excluding Goodwill": 30463000.0,
        "Net Income From Continuing Operation Net Minority Interest": -92902000.0,
        "Reconciled Cost Of Revenue": 95118000.0,
        "EBITDA": -7341000.0,
        "EBIT": -7341000.0,
        "Net Interest Income": -153000.0,
        "Interest Expense": 260000.0,
        "Interest Income": 107000.0,
        "Normalized Income": -116967770.0,
        "Net Income From Continuing And Discontinued Operation": -92902000.0,
        "Total Expenses": 140812000.0,
        "Total Operating Income As Reported": -55641000.0,
        "Diluted Average Shares": 285715431.0,
        "Basic Average Shares": 285715431.0,
        "Diluted EPS": -0.3255,
        "Basic EPS": -0.3255,
        "Diluted NI Availto Com Stockholders": -92902000.0,
        "Net Income Common Stockholders": -92902000.0,
        "Net Income": -92902000.0,
        "Net Income Including Noncontrolling Interests": -92902000.0,
        "Net Income Continuous Operations": -92902000.0,
        "Tax Provision": 85301000.0,
        "Pretax Income": -7601000.0,
        "Other Income Expense": 44598000.0,
        "Other Non Operating Income Expenses": 14135000.0,
        "Special Income Charges": -3595000.0,
        "Gain On Sale Of Ppe": 448000.0,
        "Write Off": 0.0,
        "Impairment Of Capital Assets": 4043000.0,
        "Gain On Sale Of Security": 34058000.0,
        "Net Non Operating Interest Income Expense": -153000.0,
        "Interest Expense Non Operating": 260000.0,
        "Interest Income Non Operating": 107000.0,
        "Operating Income": -52046000.0,
        "Operating Expense": 45694000.0,
        "Research And Development": 16572000.0,
        "Selling General And Administration": 29122000.0,
        "Selling And Marketing Expense": 1338000.0,
        "General And Administrative Expense": 27784000.0,
        "Other Gand A": 27784000.0,
        "Gross Profit": -6352000.0,
        "Cost Of Revenue": 95118000.0,
        "Total Revenue": 88767000.0,
        "Operating Revenue": 88747000.0
    },
    "2025-03-31": {
        "Tax Effect Of Unusual Items": -9983190.0,
        "Tax Rate For Calcs": 0.21,
        "Normalized EBITDA": -37836000.0,
        "Total Unusual Items": -47539000.0,
        "Total Unusual Items Excluding Goodwill": -47539000.0,
        "Net Income From Continuing Operation Net Minority Interest": -86431000.0,
        "Reconciled Cost Of Revenue": 82130000.0,
        "EBITDA": -85375000.0,
        "EBIT": -85375000.0,
        "Net Interest Income": -294000.0,
        "Interest Expense": 351000.0,
        "Interest Income": 57000.0,
        "Normalized Income": -48875190.0,
        "Net Income From Continuing And Discontinued Operation": -86431000.0,
        "Total Expenses": 120921000.0,
        "Total Operating Income As Reported": -37629000.0,
        "Diluted Average Shares": 321194604.0,
        "Basic Average Shares": 321194604.0,
        "Diluted EPS": -0.2685,
        "Basic EPS": -0.2685,
        "Diluted NI Availto Com Stockholders": -86431000.0,
        "Net Income Common Stockholders": -86431000.0,
        "Net Income": -86431000.0,
        "Net Income Including Noncontrolling Interests": -86431000.0,
        "Net Income Continuous Operations": -86431000.0,
        "Tax Provision": 705000.0,
        "Pretax Income": -85726000.0,
        "Other Income Expense": -47287000.0,
        "Other Non Operating Income Expenses": 252000.0,
        "Special Income Charges": 516000.0,
        "Gain On Sale Of Ppe": 516000.0,
        "Write Off": NaN,
        "Impairment Of Capital Assets": 0.0,
        "Gain On Sale Of Security": -48055000.0,
        "Net Non Operating Interest Income Expense": -294000.0,
        "Interest Expense Non Operating": 351000.0,
        "Interest Income Non Operating": 57000.0,
        "Operating Income": -38145000.0,
        "Operating Expense": 38791000.0,
        "Research And Development": 18947000.0,
        "Selling General And Administration": 19844000.0,
        "Selling And Marketing Expense": 2936000.0,
        "General And Administrative Expense": 16908000.0,
        "Other Gand A": 16908000.0,
        "Gross Profit": 646000.0,
        "Cost Of Revenue": 82130000.0,
        "Total Revenue": 82776000.0,
        "Operating Revenue": 82576000.0
    },
    "2025-06-30": {
        "Tax Effect Of Unusual Items": 3723720.0,
        "Tax Rate For Calcs": 0.21,
        "Normalized EBITDA": -27632000.0,
        "Total Unusual Items": 17732000.0,
        "Total Unusual Items Excluding Goodwill": 17732000.0,
        "Net Income From Continuing Operation Net Minority Interest": -11058000.0,
        "Reconciled Cost Of Revenue": 90903000.0,
        "EBITDA": -9900000.0,
        "EBIT": -9900000.0,
        "Net Interest Income": -309000.0,
        "Interest Expense": 385000.0,
        "Interest Income": 76000.0,
        "Normalized Income": -25066280.0,
        "Net Income From Continuing And Discontinued Operation": -11058000.0,
        "Total Expenses": 128142000.0,
        "Total Operating Income As Reported": -27070000.0,
        "Diluted Average Shares": 399657384.0,
        "Basic Average Shares": 399657384.0,
        "Diluted EPS": -0.027,
        "Basic EPS": -0.027,
        "Diluted NI Availto Com Stockholders": -11058000.0,
        "Net Income Common Stockholders": -11058000.0,
        "Net Income": -11058000.0,
        "Net Income Including Noncontrolling Interests": -11058000.0,
        "Net Income Continuous Operations": -11058000.0,
        "Tax Provision": 773000.0,
        "Pretax Income": -10285000.0,
        "Other Income Expense": 17957000.0,
        "Other Non Operating Income Expenses": 225000.0,
        "Special Income Charges": 863000.0,
        "Gain On Sale Of Ppe": 863000.0,
        "Write Off": NaN,
        "Impairment Of Capital Assets": 0.0,
        "Gain On Sale Of Security": 16869000.0,
        "Net Non Operating Interest Income Expense": -309000.0,
        "Interest Expense Non Operating": 385000.0,
        "Interest Income Non Operating": 76000.0,
        "Operating Income": -27933000.0,
        "Operating Expense": 37239000.0,
        "Research And Development": 16406000.0,
        "Selling General And Administration": 20833000.0,
        "Selling And Marketing Expense": 4472000.0,
        "General And Administrative Expense": 16361000.0,
        "Other Gand A": 16361000.0,
        "Gross Profit": 9306000.0,
        "Cost Of Revenue": 90903000.0,
        "Total Revenue": 100209000.0,
        "Operating Revenue": 99995000.0
    },
    "2025-09-30": {
        "Tax Effect Of Unusual Items": -1428420.0,
        "Tax Rate For Calcs": 0.21,
        "Normalized EBITDA": -20043000.0,
        "Total Unusual Items": -6802000.0,
        "Total Unusual Items Excluding Goodwill": -6802000.0,
        "Net Income From Continuing Operation Net Minority Interest": -27743000.0,
        "Reconciled Cost Of Revenue": 133853000.0,
        "EBITDA": -26845000.0,
        "EBIT": -26845000.0,
        "Net Interest Income": -309000.0,
        "Interest Expense": 403000.0,
        "Interest Income": 94000.0,
        "Normalized Income": -22369420.0,
        "Net Income From Continuing And Discontinued Operation": -27743000.0,
        "Total Expenses": 173192000.0,
        "Total Operating Income As Reported": -23910000.0,
        "Diluted Average Shares": 519183513.0,
        "Basic Average Shares": 519183513.0,
        "Diluted EPS": -0.054,
        "Basic EPS": -0.054,
        "Diluted NI Availto Com Stockholders": -27743000.0,
        "Net Income Common Stockholders": -27743000.0,
        "Net Income": -27743000.0,
        "Net Income Including Noncontrolling Interests": -27743000.0,
        "Net Income Continuous Operations": -27743000.0,
        "Tax Provision": 495000.0,
        "Pretax Income": -27248000.0,
        "Other Income Expense": -4223000.0,
        "Other Non Operating Income Expenses": 2579000.0,
        "Special Income Charges": -1194000.0,
        "Gain On Sale Of Ppe": 0.0,
        "Write Off": NaN,
        "Impairment Of Capital Assets": 1194000.0,
        "Gain On Sale Of Security": -5608000.0,
        "Net Non Operating Interest Income Expense": -309000.0,
        "Interest Expense Non Operating": 403000.0,
        "Interest Income Non Operating": 94000.0,
        "Operating Income": -22716000.0,
        "Operating Expense": 39339000.0,
        "Research And Development": 16336000.0,
        "Selling General And Administration": 23003000.0,
        "Selling And Marketing Expense": 5074000.0,
        "General And Administrative Expense": 17929000.0,
        "Other Gand A": 17929000.0,
        "Gross Profit": 16623000.0,
        "Cost Of Revenue": 133853000.0,
        "Total Revenue": 150476000.0,
        "Operating Revenue": 149161000.0
    }
}