{
    "2023-03-31": {
        "Tax Effect Of Unusual Items": 687012.0,
        "Tax Rate For Calcs": 0.25,
        "Normalized EBITDA": 74938476.0,
        "Total Unusual Items": 2748048.0,
        "Total Unusual Items Excluding Goodwill": 2748048.0,
        "Net Income From Continuing Operation Net Minority Interest": 78765077.0,
        "Reconciled Cost Of Revenue": 480517980.0,
        "EBITDA": 77686524.0,
        "EBIT": 77686524.0,
        "Net Interest Income": 16486795.0,
        "Interest Expense": 2294085.0,
        "Interest Income": 18780880.0,
        "Normalized Income": 76704041.0,
        "Net Income From Continuing And Discontinued Operation": 78765077.0,
        "Total Expenses": 490784779.0,
        "Total Operating Income As Reported": 51828584.0,
        "Diluted Average Shares": 140231084.0,
        "Basic Average Shares": 134769131.0,
        "Diluted EPS": 0.56,
        "Basic EPS": 0.58,
        "Diluted NI Availto Com Stockholders": 78765077.0,
        "Net Income Common Stockholders": 78765077.0,
        "Net Income": 78765077.0,
        "Net Income Including Noncontrolling Interests": 78765077.0,
        "Net Income Continuous Operations": 78765077.0,
        "Tax Provision": -3372638.0,
        "Pretax Income": 75392439.0,
        "Other Income Expense": 7077060.0,
        "Other Non Operating Income Expenses": 4329012.0,
        "Special Income Charges": NaN,
        "Impairment Of Capital Assets": NaN,
        "Gain On Sale Of Security": 2748048.0,
        "Net Non Operating Interest Income Expense": 16486795.0,
        "Interest Expense Non Operating": 2294085.0,
        "Interest Income Non Operating": 18780880.0,
        "Operating Income": 51828584.0,
        "Operating Expense": 10266799.0,
        "Other Operating Expenses": -1622556.0,
        "Provision For Doubtful Accounts": -48554100.0,
        "Research And Development": 8102363.0,
        "Selling General And Administration": 52341092.0,
        "Selling And Marketing Expense": 12538562.0,
        "General And Administrative Expense": 39802530.0,
        "Other Gand A": 39802530.0,
        "Gross Profit": 62095383.0,
        "Cost Of Revenue": 480517980.0,
        "Total Revenue": 542613363.0,
        "Operating Revenue": 535226946.0
    },
    "2022-12-31": {
        "Tax Effect Of Unusual Items": 523296.25,
        "Tax Rate For Calcs": 0.25,
        "Normalized EBITDA": -184897516.0,
        "Total Unusual Items": 2093185.0,
        "Total Unusual Items Excluding Goodwill": 2093185.0,
        "Net Income From Continuing Operation Net Minority Interest": -558935912.0,
        "Reconciled Cost Of Revenue": 481743466.0,
        "EBITDA": -182804331.0,
        "EBIT": -182804331.0,
        "Net Interest Income": 11495651.0,
        "Interest Expense": 5116136.0,
        "Interest Income": 16611787.0,
        "Normalized Income": -560505800.75,
        "Net Income From Continuing And Discontinued Operation": -558935912.0,
        "Total Expenses": 683382374.0,
        "Total Operating Income As Reported": -211585169.0,
        "Diluted Average Shares": 135295444.0,
        "Basic Average Shares": 135295444.0,
        "Diluted EPS": -4.13,
        "Basic EPS": -4.13,
        "Diluted NI Availto Com Stockholders": -558935912.0,
        "Net Income Common Stockholders": -558935912.0,
        "Net Income": -558935912.0,
        "Net Income Including Noncontrolling Interests": -558935912.0,
        "Net Income Continuous Operations": -558935912.0,
        "Tax Provision": 371015445.0,
        "Pretax Income": -187920467.0,
        "Other Income Expense": -3152041.0,
        "Other Non Operating Income Expenses": -5245226.0,
        "Special Income Charges": NaN,
        "Impairment Of Capital Assets": NaN,
        "Gain On Sale Of Security": 2093185.0,
        "Net Non Operating Interest Income Expense": 11495651.0,
        "Interest Expense Non Operating": 5116136.0,
        "Interest Income Non Operating": 16611787.0,
        "Operating Income": -196264077.0,
        "Operating Expense": 201638908.0,
        "Other Operating Expenses": 47523962.0,
        "Provision For Doubtful Accounts": 60245674.0,
        "Research And Development": 8442599.0,
        "Selling General And Administration": 85426673.0,
        "Selling And Marketing Expense": 19247674.0,
        "General And Administrative Expense": 66178999.0,
        "Other Gand A": 66178999.0,
        "Gross Profit": 5374831.0,
        "Cost Of Revenue": 481743466.0,
        "Total Revenue": 487118297.0,
        "Operating Revenue": 486089939.0
    },
    "2022-09-30": {
        "Tax Effect Of Unusual Items": NaN,
        "Tax Rate For Calcs": NaN,
        "Normalized EBITDA": NaN,
        "Total Unusual Items": NaN,
        "Total Unusual Items Excluding Goodwill": NaN,
        "Net Income From Continuing Operation Net Minority Interest": NaN,
        "Reconciled Cost Of Revenue": NaN,
        "EBITDA": NaN,
        "EBIT": NaN,
        "Net Interest Income": NaN,
        "Interest Expense": NaN,
        "Interest Income": NaN,
        "Normalized Income": NaN,
        "Net Income From Continuing And Discontinued Operation": NaN,
        "Total Expenses": NaN,
        "Total Operating Income As Reported": NaN,
        "Diluted Average Shares": NaN,
        "Basic Average Shares": NaN,
        "Diluted EPS": NaN,
        "Basic EPS": NaN,
        "Diluted NI Availto Com Stockholders": NaN,
        "Net Income Common Stockholders": NaN,
        "Net Income": NaN,
        "Net Income Including Noncontrolling Interests": NaN,
        "Net Income Continuous Operations": NaN,
        "Tax Provision": NaN,
        "Pretax Income": NaN,
        "Other Income Expense": NaN,
        "Other Non Operating Income Expenses": NaN,
        "Special Income Charges": 0.0,
        "Impairment Of Capital Assets": 0.0,
        "Gain On Sale Of Security": NaN,
        "Net Non Operating Interest Income Expense": NaN,
        "Interest Expense Non Operating": NaN,
        "Interest Income Non Operating": NaN,
        "Operating Income": NaN,
        "Operating Expense": NaN,
        "Other Operating Expenses": NaN,
        "Provision For Doubtful Accounts": NaN,
        "Research And Development": NaN,
        "Selling General And Administration": NaN,
        "Selling And Marketing Expense": NaN,
        "General And Administrative Expense": NaN,
        "Other Gand A": NaN,
        "Gross Profit": NaN,
        "Cost Of Revenue": NaN,
        "Total Revenue": NaN,
        "Operating Revenue": NaN
    },
    "2022-06-30": {
        "Tax Effect Of Unusual Items": 890918.779775,
        "Tax Rate For Calcs": 0.168213,
        "Normalized EBITDA": -344630122.0,
        "Total Unusual Items": 5296377.0,
        "Total Unusual Items Excluding Goodwill": 5296377.0,
        "Net Income From Continuing Operation Net Minority Interest": -285784991.0,
        "Reconciled Cost Of Revenue": 272661870.0,
        "EBITDA": -339333745.0,
        "EBIT": -339333745.0,
        "Net Interest Income": 2908066.0,
        "Interest Expense": 4245737.0,
        "Interest Income": 7153803.0,
        "Normalized Income": -290190449.220225,
        "Net Income From Continuing And Discontinued Operation": -285784991.0,
        "Total Expenses": 643331494.0,
        "Total Operating Income As Reported": -354139909.0,
        "Diluted Average Shares": 137612565.0,
        "Basic Average Shares": 137612565.0,
        "Diluted EPS": -2.08,
        "Basic EPS": -2.08,
        "Diluted NI Availto Com Stockholders": -285784991.0,
        "Net Income Common Stockholders": -285784991.0,
        "Net Income": -285784991.0,
        "Net Income Including Noncontrolling Interests": -285784991.0,
        "Net Income Continuous Operations": -285784991.0,
        "Tax Provision": -57794491.0,
        "Pretax Income": -343579482.0,
        "Other Income Expense": 7652361.0,
        "Other Non Operating Income Expenses": 2355984.0,
        "Gain On Sale Of Security": 5296377.0,
        "Net Non Operating Interest Income Expense": 2908066.0,
        "Interest Expense Non Operating": 4245737.0,
        "Interest Income Non Operating": 7153803.0,
        "Operating Income": -354139909.0,
        "Operating Expense": 370669624.0,
        "Other Operating Expenses": 53144802.0,
        "Provision For Doubtful Accounts": 138198835.0,
        "Research And Development": 12857670.0,
        "Selling General And Administration": 219613119.0,
        "Selling And Marketing Expense": 41798207.0,
        "General And Administrative Expense": 177814912.0,
        "Other Gand A": 177814912.0,
        "Gross Profit": 16529715.0,
        "Cost Of Revenue": 272661870.0,
        "Total Revenue": 289191585.0,
        "Operating Revenue": 286474295.0
    },
    "2022-03-31": {
        "Diluted EPS": -0.15,
        "Total Revenue": 124,
        "Gross Profit": 16,
        "Operating Income": -30,
        "EBIT": -30,
        "Net Income": -21
    },
    "2021-12-31": {
        "Diluted EPS": 0.14,
        "Total Revenue": 173,
        "Gross Profit": 29,
        "Operating Income": -24,
        "EBIT": -24,
        "Net Income": 19
    },
    "2021-09-30": {
        "Diluted EPS": -0.45,
        "Total Revenue": 124,
        "Gross Profit": 30,
        "Operating Income": -6,
        "EBIT": -6,
        "Net Income": -65
    },
    "2021-06-30": {
        "Diluted EPS": 0.58,
        "Total Revenue": 147,
        "Gross Profit": 39,
        "Operating Income": 2,
        "EBIT": 2,
        "Net Income": 86
    },
    "2021-03-31": {
        "Diluted EPS": -0.28,
        "Total Revenue": 172,
        "Gross Profit": 54,
        "Operating Income": 24,
        "EBIT": 24,
        "Net Income": -42
    },
    "2020-12-31": {
        "Diluted EPS": 1.64,
        "Total Revenue": 177,
        "Gross Profit": 63,
        "Operating Income": 31,
        "EBIT": 31,
        "Net Income": 251
    },
    "2020-09-30": {
        "Diluted EPS": 1.73,
        "Total Revenue": 64,
        "Gross Profit": 37,
        "Operating Income": 20,
        "EBIT": 20,
        "Net Income": 261
    },
    "2020-06-30": {
        "Diluted EPS": 0.07,
        "Total Revenue": 39,
        "Gross Profit": 24,
        "Operating Income": 9,
        "EBIT": 9,
        "Net Income": 10
    },
    "2020-03-31": {
        "Diluted EPS": -0.04,
        "Total Revenue": 35,
        "Gross Profit": 22,
        "Operating Income": -11,
        "EBIT": -11,
        "Net Income": -5
    },
    "2019-12-31": {
        "Diluted EPS": 0.09,
        "Total Revenue": 56,
        "Gross Profit": 34,
        "Operating Income": 11,
        "EBIT": 11,
        "Net Income": 15
    },
    "2019-09-30": {
        "Diluted EPS": 0.11,
        "Total Revenue": 49,
        "Gross Profit": 32,
        "Operating Income": 13,
        "EBIT": 13,
        "Net Income": 16
    },
    "2019-06-30": {
        "Diluted EPS": 0.09,
        "Total Revenue": 49,
        "Gross Profit": 31,
        "Operating Income": 12,
        "EBIT": 12,
        "Net Income": 13
    },
    "2019-03-31": {
        "Diluted EPS": 0.08,
        "Total Revenue": 52,
        "Gross Profit": 33,
        "Operating Income": 10,
        "EBIT": 10,
        "Net Income": 11
    },
    "2018-12-31": {
        "Diluted EPS": 0.03,
        "Total Revenue": 42,
        "Gross Profit": 21,
        "Operating Income": 3,
        "EBIT": 3,
        "Net Income": 13
    },
    "2018-09-30": {
        "Diluted EPS": 0.11,
        "Total Revenue": 42,
        "Gross Profit": 25,
        "Operating Income": 11,
        "EBIT": 11,
        "Net Income": 16
    },
    "2018-06-30": {
        "Diluted EPS": 0.07,
        "Total Revenue": 36,
        "Gross Profit": 23,
        "Operating Income": 11,
        "EBIT": 11,
        "Net Income": 9
    },
    "2018-03-31": {
        "Diluted EPS": 0.1,
        "Total Revenue": 40,
        "Gross Profit": 27,
        "Operating Income": 15,
        "EBIT": 15,
        "Net Income": 6
    },
    "2017-12-31": {
        "Diluted EPS": 0.0,
        "Total Revenue": NaN,
        "Gross Profit": NaN,
        "Operating Income": NaN,
        "EBIT": NaN,
        "Net Income": NaN
    },
    "2023-06-30": {
        "Tax Effect Of Unusual Items": 2122260.0,
        "Tax Rate For Calcs": 0.25,
        "Normalized EBITDA": 14830921.0,
        "Total Unusual Items": 8489040.0,
        "Total Unusual Items Excluding Goodwill": 8489040.0,
        "Net Income From Continuing Operation Net Minority Interest": 36226609.0,
        "Reconciled Cost Of Revenue": 615829103.0,
        "EBITDA": 23319961.0,
        "EBIT": 23319961.0,
        "Net Interest Income": 19065901.0,
        "Interest Expense": 1652610.0,
        "Interest Income": 20718511.0,
        "Normalized Income": 29859829.0,
        "Net Income From Continuing And Discontinued Operation": 36226609.0,
        "Total Expenses": 684360132.0,
        "Total Operating Income As Reported": -8930056.0,
        "Diluted Average Shares": 69183356.0,
        "Basic Average Shares": 66526390.0,
        "Diluted EPS": 0.52,
        "Basic EPS": 0.54,
        "Diluted NI Availto Com Stockholders": 36226609.0,
        "Net Income Common Stockholders": 36226609.0,
        "Net Income": 36226609.0,
        "Net Income Including Noncontrolling Interests": 36226609.0,
        "Net Income Continuous Operations": 36226609.0,
        "Tax Provision": -14559258.0,
        "Pretax Income": 21667351.0,
        "Other Income Expense": 11531506.0,
        "Other Non Operating Income Expenses": 3042466.0,
        "Special Income Charges": NaN,
        "Impairment Of Capital Assets": NaN,
        "Gain On Sale Of Security": 8489040.0,
        "Net Non Operating Interest Income Expense": 19065901.0,
        "Interest Expense Non Operating": 1652610.0,
        "Interest Income Non Operating": 20718511.0,
        "Operating Income": -8930056.0,
        "Operating Expense": 68531029.0,
        "Other Operating Expenses": 1556164.0,
        "Provision For Doubtful Accounts": 10238843.0,
        "Research And Development": 7748158.0,
        "Selling General And Administration": 48987864.0,
        "Selling And Marketing Expense": 12153129.0,
        "General And Administrative Expense": 36834735.0,
        "Other Gand A": 36834735.0,
        "Gross Profit": 59600973.0,
        "Cost Of Revenue": 615829103.0,
        "Total Revenue": 675430076.0,
        "Operating Revenue": 659766700.0
    },
    "2023-09-30": {
        "Tax Effect Of Unusual Items": NaN,
        "Tax Rate For Calcs": NaN,
        "Normalized EBITDA": NaN,
        "Total Unusual Items": NaN,
        "Total Unusual Items Excluding Goodwill": NaN,
        "Net Income From Continuing Operation Net Minority Interest": NaN,
        "Reconciled Cost Of Revenue": NaN,
        "EBITDA": NaN,
        "EBIT": NaN,
        "Net Interest Income": NaN,
        "Interest Expense": NaN,
        "Interest Income": NaN,
        "Normalized Income": NaN,
        "Net Income From Continuing And Discontinued Operation": NaN,
        "Total Expenses": NaN,
        "Total Operating Income As Reported": NaN,
        "Diluted Average Shares": NaN,
        "Basic Average Shares": NaN,
        "Diluted EPS": NaN,
        "Basic EPS": NaN,
        "Diluted NI Availto Com Stockholders": NaN,
        "Net Income Common Stockholders": NaN,
        "Net Income": NaN,
        "Net Income Including Noncontrolling Interests": NaN,
        "Net Income Continuous Operations": NaN,
        "Tax Provision": NaN,
        "Pretax Income": NaN,
        "Other Income Expense": NaN,
        "Other Non Operating Income Expenses": NaN,
        "Special Income Charges": -148657971.0,
        "Impairment Of Capital Assets": 148657971.0,
        "Gain On Sale Of Security": NaN,
        "Net Non Operating Interest Income Expense": NaN,
        "Interest Expense Non Operating": NaN,
        "Interest Income Non Operating": NaN,
        "Operating Income": NaN,
        "Operating Expense": NaN,
        "Other Operating Expenses": NaN,
        "Provision For Doubtful Accounts": NaN,
        "Research And Development": NaN,
        "Selling General And Administration": NaN,
        "Selling And Marketing Expense": NaN,
        "General And Administrative Expense": NaN,
        "Other Gand A": NaN,
        "Gross Profit": NaN,
        "Cost Of Revenue": NaN,
        "Total Revenue": NaN,
        "Operating Revenue": NaN
    },
    "2023-12-31": {
        "Tax Effect Of Unusual Items": NaN,
        "Tax Rate For Calcs": NaN,
        "Normalized EBITDA": NaN,
        "Total Unusual Items": NaN,
        "Total Unusual Items Excluding Goodwill": NaN,
        "Net Income From Continuing Operation Net Minority Interest": NaN,
        "Reconciled Cost Of Revenue": NaN,
        "EBITDA": NaN,
        "EBIT": NaN,
        "Net Interest Income": NaN,
        "Interest Expense": NaN,
        "Interest Income": NaN,
        "Normalized Income": NaN,
        "Net Income From Continuing And Discontinued Operation": NaN,
        "Total Expenses": NaN,
        "Total Operating Income As Reported": NaN,
        "Diluted Average Shares": NaN,
        "Basic Average Shares": NaN,
        "Diluted EPS": NaN,
        "Basic EPS": NaN,
        "Diluted NI Availto Com Stockholders": NaN,
        "Net Income Common Stockholders": NaN,
        "Net Income": NaN,
        "Net Income Including Noncontrolling Interests": NaN,
        "Net Income Discontinuous Operations": NaN,
        "Net Income Continuous Operations": NaN,
        "Tax Provision": NaN,
        "Pretax Income": NaN,
        "Other Income Expense": NaN,
        "Other Non Operating Income Expenses": NaN,
        "Special Income Charges": 0.0,
        "Impairment Of Capital Assets": 0.0,
        "Gain On Sale Of Security": NaN,
        "Net Non Operating Interest Income Expense": NaN,
        "Interest Expense Non Operating": NaN,
        "Interest Income Non Operating": NaN,
        "Operating Income": NaN,
        "Operating Expense": NaN,
        "Other Operating Expenses": NaN,
        "Provision For Doubtful Accounts": NaN,
        "Research And Development": NaN,
        "Selling General And Administration": NaN,
        "Selling And Marketing Expense": NaN,
        "General And Administrative Expense": NaN,
        "Other Gand A": NaN,
        "Gross Profit": NaN,
        "Cost Of Revenue": NaN,
        "Total Revenue": NaN,
        "Operating Revenue": NaN
    },
    "2024-03-31": {
        "Tax Effect Of Unusual Items": NaN,
        "Tax Rate For Calcs": NaN,
        "Normalized EBITDA": NaN,
        "Total Unusual Items": NaN,
        "Total Unusual Items Excluding Goodwill": NaN,
        "Net Income From Continuing Operation Net Minority Interest": NaN,
        "Reconciled Cost Of Revenue": NaN,
        "EBITDA": NaN,
        "EBIT": NaN,
        "Net Interest Income": NaN,
        "Interest Expense": NaN,
        "Interest Income": NaN,
        "Normalized Income": NaN,
        "Net Income From Continuing And Discontinued Operation": NaN,
        "Total Expenses": NaN,
        "Total Operating Income As Reported": NaN,
        "Diluted Average Shares": NaN,
        "Basic Average Shares": NaN,
        "Diluted EPS": NaN,
        "Basic EPS": NaN,
        "Diluted NI Availto Com Stockholders": NaN,
        "Net Income Common Stockholders": NaN,
        "Net Income": NaN,
        "Net Income Including Noncontrolling Interests": NaN,
        "Net Income Discontinuous Operations": NaN,
        "Net Income Continuous Operations": NaN,
        "Tax Provision": NaN,
        "Pretax Income": NaN,
        "Other Income Expense": NaN,
        "Other Non Operating Income Expenses": NaN,
        "Special Income Charges": NaN,
        "Impairment Of Capital Assets": NaN,
        "Gain On Sale Of Security": NaN,
        "Net Non Operating Interest Income Expense": NaN,
        "Interest Expense Non Operating": NaN,
        "Interest Income Non Operating": NaN,
        "Operating Income": NaN,
        "Operating Expense": NaN,
        "Other Operating Expenses": -15018246.0,
        "Provision For Doubtful Accounts": NaN,
        "Research And Development": 1098105.0,
        "Selling General And Administration": NaN,
        "Selling And Marketing Expense": 3548273.0,
        "General And Administrative Expense": NaN,
        "Other Gand A": NaN,
        "Gross Profit": NaN,
        "Cost Of Revenue": NaN,
        "Total Revenue": NaN,
        "Operating Revenue": NaN
    },
    "2024-06-30": {
        "Tax Effect Of Unusual Items": NaN,
        "Tax Rate For Calcs": NaN,
        "Normalized EBITDA": NaN,
        "Total Unusual Items": NaN,
        "Total Unusual Items Excluding Goodwill": NaN,
        "Net Income From Continuing Operation Net Minority Interest": NaN,
        "Reconciled Cost Of Revenue": NaN,
        "EBITDA": NaN,
        "EBIT": NaN,
        "Net Interest Income": NaN,
        "Interest Expense": NaN,
        "Interest Income": NaN,
        "Normalized Income": NaN,
        "Net Income From Continuing And Discontinued Operation": NaN,
        "Total Expenses": NaN,
        "Total Operating Income As Reported": NaN,
        "Diluted Average Shares": NaN,
        "Basic Average Shares": NaN,
        "Diluted EPS": NaN,
        "Basic EPS": NaN,
        "Diluted NI Availto Com Stockholders": NaN,
        "Net Income Common Stockholders": NaN,
        "Net Income": NaN,
        "Net Income Including Noncontrolling Interests": NaN,
        "Net Income Discontinuous Operations": 11480326.899,
        "Net Income Continuous Operations": NaN,
        "Tax Provision": NaN,
        "Pretax Income": NaN,
        "Other Income Expense": NaN,
        "Other Non Operating Income Expenses": NaN,
        "Special Income Charges": NaN,
        "Impairment Of Capital Assets": NaN,
        "Gain On Sale Of Security": NaN,
        "Net Non Operating Interest Income Expense": NaN,
        "Interest Expense Non Operating": NaN,
        "Interest Income Non Operating": NaN,
        "Operating Income": NaN,
        "Operating Expense": NaN,
        "Other Operating Expenses": -10257113.0,
        "Provision For Doubtful Accounts": NaN,
        "Research And Development": 1670526.0,
        "Selling General And Administration": NaN,
        "Selling And Marketing Expense": 3985488.0,
        "General And Administrative Expense": NaN,
        "Other Gand A": NaN,
        "Gross Profit": NaN,
        "Cost Of Revenue": NaN,
        "Total Revenue": NaN,
        "Operating Revenue": NaN
    },
    "2024-09-30": {
        "Tax Effect Of Unusual Items": 0.0,
        "Tax Rate For Calcs": 0.0,
        "Normalized EBITDA": 1072968.0,
        "Total Unusual Items": 0.0,
        "Total Unusual Items Excluding Goodwill": 0.0,
        "Net Income From Continuing Operation Net Minority Interest": 1072968.0,
        "Reconciled Cost Of Revenue": 0.0,
        "EBITDA": 1072968.0,
        "EBIT": 1072968.0,
        "Net Interest Income": 2066213.0,
        "Interest Expense": 0.0,
        "Interest Income": 2066213.0,
        "Normalized Income": 1072968.0,
        "Net Income From Continuing And Discontinued Operation": 9524483.0,
        "Total Expenses": 1222709.0,
        "Total Operating Income As Reported": -1222709.0,
        "Diluted Average Shares": 227823258.0,
        "Basic Average Shares": 206973996.0,
        "Diluted EPS": 0.04,
        "Basic EPS": 0.05,
        "Diluted NI Availto Com Stockholders": 9524483.0,
        "Net Income Common Stockholders": 9524483.0,
        "Net Income": 9524483.0,
        "Net Income Including Noncontrolling Interests": 9524483.0,
        "Net Income Discontinuous Operations": 8451515.0,
        "Net Income Continuous Operations": 1072968.0,
        "Tax Provision": 0.0,
        "Pretax Income": 1072968.0,
        "Other Income Expense": 229464.0,
        "Other Non Operating Income Expenses": 229464.0,
        "Special Income Charges": 0.0,
        "Impairment Of Capital Assets": 0.0,
        "Gain On Sale Of Security": 823256.0,
        "Net Non Operating Interest Income Expense": 2066213.0,
        "Interest Expense Non Operating": 0.0,
        "Interest Income Non Operating": 2066213.0,
        "Operating Income": -1222709.0,
        "Operating Expense": 1222709.0,
        "Other Operating Expenses": -7110545.0,
        "Provision For Doubtful Accounts": 0.0,
        "Research And Development": 1424250.0,
        "Selling General And Administration": 1222709.0,
        "Selling And Marketing Expense": 3375602.0,
        "General And Administrative Expense": 1222709.0,
        "Other Gand A": 1222709.0,
        "Gross Profit": 0.0,
        "Cost Of Revenue": 0.0,
        "Total Revenue": 0.0,
        "Operating Revenue": 0.0
    },
    "2024-12-31": {
        "Tax Effect Of Unusual Items": -7771.07343,
        "Tax Rate For Calcs": 0.002668,
        "Normalized EBITDA": 9304460.736987,
        "Total Unusual Items": -2913198.881788,
        "Total Unusual Items Excluding Goodwill": -2913198.881788,
        "Net Income From Continuing Operation Net Minority Interest": 6284151.334779,
        "Reconciled Cost Of Revenue": 74971430.013355,
        "EBITDA": 6391261.855199,
        "EBIT": 6391261.855199,
        "Net Interest Income": 3635304.858636,
        "Interest Expense": 90302.46161,
        "Interest Income": 3725607.320246,
        "Normalized Income": 9189579.143136,
        "Net Income From Continuing And Discontinued Operation": 6284151.334779,
        "Total Expenses": 84672839.321683,
        "Total Operating Income As Reported": 2207216.657114,
        "Diluted Average Shares": 232982086.0,
        "Basic Average Shares": 206720970.0,
        "Diluted EPS": 0.032876,
        "Basic EPS": 0.036986,
        "Diluted NI Availto Com Stockholders": 6284151.334779,
        "Net Income Common Stockholders": 6284151.334779,
        "Net Income": 6284151.334779,
        "Net Income Including Noncontrolling Interests": 6284151.334779,
        "Net Income Discontinuous Operations": NaN,
        "Net Income Continuous Operations": 6284151.334779,
        "Tax Provision": 16808.05881,
        "Pretax Income": 6300959.393589,
        "Other Income Expense": -3404434.000629,
        "Other Non Operating Income Expenses": -491235.118841,
        "Special Income Charges": -3445280.612594,
        "Impairment Of Capital Assets": 3445280.612594,
        "Gain On Sale Of Security": 532081.730807,
        "Net Non Operating Interest Income Expense": 3635304.858636,
        "Interest Expense Non Operating": 90302.46161,
        "Interest Income Non Operating": 3725607.320246,
        "Operating Income": 6070088.535581,
        "Operating Expense": 9701409.308328,
        "Other Operating Expenses": 392541.436067,
        "Provision For Doubtful Accounts": -7909869.731127,
        "Research And Development": 150966.023809,
        "Selling General And Administration": 17067771.579579,
        "Selling And Marketing Expense": 238656.057134,
        "General And Administrative Expense": 16829115.522445,
        "Other Gand A": 16829115.522445,
        "Gross Profit": 15771497.843909,
        "Cost Of Revenue": 74971430.013355,
        "Total Revenue": 90742927.857264,
        "Operating Revenue": 90720002.500769
    },
    "2025-03-31": {
        "Tax Effect Of Unusual Items": -5659979.6539,
        "Tax Rate For Calcs": 0.21,
        "Normalized EBITDA": 146924.061786,
        "Total Unusual Items": -26952284.066191,
        "Total Unusual Items Excluding Goodwill": -26952284.066191,
        "Net Income From Continuing Operation Net Minority Interest": -28546425.149371,
        "Reconciled Cost Of Revenue": 131486423.359674,
        "EBITDA": -26805360.004405,
        "EBIT": -26805360.004405,
        "Net Interest Income": -1013975.054379,
        "Interest Expense": 1310303.284782,
        "Interest Income": 296328.230403,
        "Normalized Income": -7254120.73708,
        "Net Income From Continuing And Discontinued Operation": -28546425.149371,
        "Total Expenses": 139651057.160164,
        "Total Operating Income As Reported": -21403698.064374,
        "Diluted Average Shares": 207566174.0,
        "Basic Average Shares": 207566174.0,
        "Diluted EPS": -0.137669,
        "Basic EPS": -0.137669,
        "Diluted NI Availto Com Stockholders": -28546425.149371,
        "Net Income Common Stockholders": -28546425.149371,
        "Net Income": -28546425.149371,
        "Net Income Including Noncontrolling Interests": -28546425.149371,
        "Net Income Discontinuous Operations": NaN,
        "Net Income Continuous Operations": -28546425.149371,
        "Tax Provision": 430761.860183,
        "Pretax Income": -28115663.289187,
        "Other Income Expense": -32537660.728544,
        "Other Non Operating Income Expenses": -5585376.662353,
        "Special Income Charges": -26839670.55811,
        "Impairment Of Capital Assets": 26839670.55811,
        "Gain On Sale Of Security": -112613.508081,
        "Net Non Operating Interest Income Expense": -1013975.054379,
        "Interest Expense Non Operating": 1310303.284782,
        "Interest Income Non Operating": 296328.230403,
        "Operating Income": 5435972.493736,
        "Operating Expense": 8164633.80049,
        "Other Operating Expenses": -725413.83298,
        "Provision For Doubtful Accounts": -3951397.615573,
        "Research And Development": 44741.182301,
        "Selling General And Administration": 12796704.066742,
        "Selling And Marketing Expense": 57267.683582,
        "General And Administrative Expense": 12739436.38316,
        "Other Gand A": 12739436.38316,
        "Gross Profit": 13600606.294226,
        "Cost Of Revenue": 131486423.359674,
        "Total Revenue": 145087029.6539,
        "Operating Revenue": 144885249.869214
    },
    "2025-06-30": {
        "Tax Effect Of Unusual Items": -1543596.680433,
        "Tax Rate For Calcs": 0.0087,
        "Normalized EBITDA": -2022680.78462,
        "Total Unusual Items": -177423803.900793,
        "Total Unusual Items Excluding Goodwill": -177423803.900793,
        "Net Income From Continuing Operation Net Minority Interest": -179918730.778346,
        "Reconciled Cost Of Revenue": 138478238.090591,
        "EBITDA": -179446484.685413,
        "EBIT": -179446484.685413,
        "Net Interest Income": -1354223.675222,
        "Interest Expense": 2051286.508943,
        "Interest Income": 697062.833721,
        "Normalized Income": -4038523.557986,
        "Net Income From Continuing And Discontinued Operation": -295000858.927352,
        "Total Expenses": 142415266.767974,
        "Total Operating Income As Reported": -180198807.316427,
        "Diluted Average Shares": 107044846.0,
        "Basic Average Shares": 107044846.0,
        "Diluted EPS": -2.756207,
        "Basic EPS": -2.756207,
        "Diluted NI Availto Com Stockholders": -295000858.927352,
        "Net Income Common Stockholders": -295000858.927352,
        "Net Income": -295000858.927352,
        "Net Income Including Noncontrolling Interests": -295000858.927352,
        "Net Income Discontinuous Operations": -115082128.149005,
        "Net Income Continuous Operations": -179918730.778346,
        "Tax Provision": -1579040.41601,
        "Pretax Income": -181497771.194357,
        "Other Income Expense": -177388233.211114,
        "Other Non Operating Income Expenses": 35570.689679,
        "Special Income Charges": -177443493.008407,
        "Impairment Of Capital Assets": 177443493.008407,
        "Gain On Sale Of Security": 19689.107613,
        "Net Non Operating Interest Income Expense": -1354223.675222,
        "Interest Expense Non Operating": 2051286.508943,
        "Interest Income Non Operating": 697062.833721,
        "Operating Income": -2755314.30802,
        "Operating Expense": 3937028.677383,
        "Other Operating Expenses": NaN,
        "Provision For Doubtful Accounts": 915280.84875,
        "Research And Development": NaN,
        "Selling General And Administration": 3021747.828633,
        "Selling And Marketing Expense": NaN,
        "General And Administrative Expense": 3021747.828633,
        "Other Gand A": 3021747.828633,
        "Gross Profit": 1181714.369362,
        "Cost Of Revenue": 138478238.090591,
        "Total Revenue": 139659952.459953,
        "Operating Revenue": 139659952.459953
    },
    "2025-09-30": {
        "Tax Effect Of Unusual Items": 951010.606364,
        "Tax Rate For Calcs": 0.041149,
        "Normalized EBITDA": 23186430.0,
        "Total Unusual Items": 23111663.0,
        "Total Unusual Items Excluding Goodwill": 23111663.0,
        "Net Income From Continuing Operation Net Minority Interest": 37319940.0,
        "Reconciled Cost Of Revenue": 197929204.0,
        "EBITDA": 46298093.0,
        "EBIT": 46298093.0,
        "Net Interest Income": -6403881.0,
        "Interest Expense": 7376591.0,
        "Interest Income": 972710.0,
        "Normalized Income": 15159287.606364,
        "Net Income From Continuing And Discontinued Operation": 37319940.0,
        "Total Expenses": 204395131.0,
        "Total Operating Income As Reported": 43474858.0,
        "Diluted Average Shares": 383939436.0,
        "Basic Average Shares": 354492530.0,
        "Diluted EPS": 0.1,
        "Basic EPS": 0.11,
        "Diluted NI Availto Com Stockholders": 37319940.0,
        "Net Income Common Stockholders": 37319940.0,
        "Net Income": 37319940.0,
        "Net Income Including Noncontrolling Interests": 37319940.0,
        "Net Income Discontinuous Operations": 0.0,
        "Net Income Continuous Operations": 37319940.0,
        "Tax Provision": 1601562.0,
        "Pretax Income": 38921502.0,
        "Other Income Expense": 25084785.0,
        "Other Non Operating Income Expenses": 1973122.0,
        "Special Income Charges": 23234260.0,
        "Impairment Of Capital Assets": -23234260.0,
        "Gain On Sale Of Security": -122597.0,
        "Net Non Operating Interest Income Expense": -6403881.0,
        "Interest Expense Non Operating": 7376591.0,
        "Interest Income Non Operating": 972710.0,
        "Operating Income": 20240598.0,
        "Operating Expense": 6465927.0,
        "Other Operating Expenses": NaN,
        "Provision For Doubtful Accounts": 471861.0,
        "Research And Development": NaN,
        "Selling General And Administration": 5994066.0,
        "Selling And Marketing Expense": NaN,
        "General And Administrative Expense": 5994066.0,
        "Other Gand A": 5994066.0,
        "Gross Profit": 26706525.0,
        "Cost Of Revenue": 197929204.0,
        "Total Revenue": 224635729.0,
        "Operating Revenue": 224144083.0
    }
}