{
    "2023-03-31": {
        "Tax Effect Of Unusual Items": 0.0,
        "Tax Rate For Calcs": 0.288,
        "Normalized EBITDA": 25635000.0,
        "Net Income From Continuing Operation Net Minority Interest": 16132000.0,
        "Reconciled Depreciation": 11576000.0,
        "Reconciled Cost Of Revenue": 69225000.0,
        "EBITDA": 25635000.0,
        "EBIT": 14059000.0,
        "Net Interest Income": 3743000.0,
        "Interest Income": 3743000.0,
        "Normalized Income": 16132000.0,
        "Net Income From Continuing And Discontinued Operation": 16132000.0,
        "Total Expenses": 217904000.0,
        "Total Operating Income As Reported": 14059000.0,
        "Diluted Average Shares": 115915737.0,
        "Basic Average Shares": 115358475.0,
        "Diluted EPS": 0.1,
        "Basic EPS": 0.14,
        "Diluted NI Availto Com Stockholders": 11866000.0,
        "Average Dilution Earnings": -4266000.0,
        "Net Income Common Stockholders": 16132000.0,
        "Net Income": 16132000.0,
        "Minority Interests": 4266000.0,
        "Net Income Including Noncontrolling Interests": 11866000.0,
        "Net Income Continuous Operations": 11866000.0,
        "Tax Provision": 6531000.0,
        "Pretax Income": 18397000.0,
        "Other Income Expense": 595000.0,
        "Other Non Operating Income Expenses": 595000.0,
        "Net Non Operating Interest Income Expense": 3743000.0,
        "Interest Income Non Operating": 3743000.0,
        "Operating Income": 14059000.0,
        "Operating Expense": 140921000.0,
        "Depreciation Amortization Depletion Income Statement": 3818000.0,
        "Depreciation And Amortization In Income Statement": 3818000.0,
        "Research And Development": 36607000.0,
        "Selling General And Administration": 100496000.0,
        "Selling And Marketing Expense": 75577000.0,
        "General And Administrative Expense": 24919000.0,
        "Other Gand A": 24919000.0,
        "Salaries And Wages": NaN,
        "Gross Profit": 154980000.0,
        "Cost Of Revenue": 76983000.0,
        "Total Revenue": 231963000.0,
        "Operating Revenue": 231963000.0
    },
    "2022-12-31": {
        "Tax Effect Of Unusual Items": 0.0,
        "Tax Rate For Calcs": 0.286955,
        "Normalized EBITDA": 41353000.0,
        "Net Income From Continuing Operation Net Minority Interest": 49849000.0,
        "Reconciled Depreciation": 11732000.0,
        "Reconciled Cost Of Revenue": 141913000.0,
        "EBITDA": 41353000.0,
        "EBIT": 29621000.0,
        "Net Interest Income": NaN,
        "Interest Income": NaN,
        "Normalized Income": 49849000.0,
        "Net Income From Continuing And Discontinued Operation": 49849000.0,
        "Total Expenses": 257123000.0,
        "Total Operating Income As Reported": 29621000.0,
        "Diluted Average Shares": 119117004.0,
        "Basic Average Shares": 118783793.0,
        "Diluted EPS": 0.2,
        "Basic EPS": 1.34,
        "Diluted NI Availto Com Stockholders": 44416000.0,
        "Average Dilution Earnings": -114831000.0,
        "Net Income Common Stockholders": 159247000.0,
        "Net Income": 49849000.0,
        "Minority Interests": 26618000.0,
        "Net Income Including Noncontrolling Interests": 23231000.0,
        "Net Income Continuous Operations": 23231000.0,
        "Tax Provision": 9349000.0,
        "Pretax Income": 32580000.0,
        "Other Income Expense": -886000.0,
        "Other Non Operating Income Expenses": -886000.0,
        "Net Non Operating Interest Income Expense": NaN,
        "Interest Income Non Operating": NaN,
        "Operating Income": 29621000.0,
        "Operating Expense": 107421000.0,
        "Depreciation Amortization Depletion Income Statement": 3943000.0,
        "Depreciation And Amortization In Income Statement": 3943000.0,
        "Research And Development": 31553000.0,
        "Selling General And Administration": 71925000.0,
        "Selling And Marketing Expense": 70203000.0,
        "General And Administrative Expense": 1722000.0,
        "Other Gand A": 1722000.0,
        "Salaries And Wages": NaN,
        "Gross Profit": 137042000.0,
        "Cost Of Revenue": 149702000.0,
        "Total Revenue": 286744000.0,
        "Operating Revenue": 286744000.0
    },
    "2022-09-30": {
        "Tax Effect Of Unusual Items": 0.0,
        "Tax Rate For Calcs": 0.33,
        "Normalized EBITDA": 39839000.0,
        "Net Income From Continuing Operation Net Minority Interest": 106964000.0,
        "Reconciled Depreciation": 11183000.0,
        "Reconciled Cost Of Revenue": 268328000.0,
        "EBITDA": 39839000.0,
        "EBIT": 28656000.0,
        "Net Interest Income": NaN,
        "Interest Income": NaN,
        "Normalized Income": 106964000.0,
        "Net Income From Continuing And Discontinued Operation": 106964000.0,
        "Total Expenses": 397798000.0,
        "Total Operating Income As Reported": 28656000.0,
        "Diluted Average Shares": 132243636.0,
        "Basic Average Shares": 118683642.0,
        "Diluted EPS": 0.14,
        "Basic EPS": 0.9,
        "Diluted NI Availto Com Stockholders": 18824000.0,
        "Average Dilution Earnings": -88140000.0,
        "Net Income Common Stockholders": 106964000.0,
        "Otherunder Preferred Stock Dividend": NaN,
        "Net Income": 106964000.0,
        "Minority Interests": 88140000.0,
        "Net Income Including Noncontrolling Interests": 18824000.0,
        "Net Income Continuous Operations": 18824000.0,
        "Tax Provision": 10032000.0,
        "Pretax Income": 28856000.0,
        "Other Income Expense": 200000.0,
        "Other Non Operating Income Expenses": 200000.0,
        "Net Non Operating Interest Income Expense": NaN,
        "Interest Income Non Operating": NaN,
        "Operating Income": 28656000.0,
        "Operating Expense": 122129000.0,
        "Depreciation Amortization Depletion Income Statement": 3842000.0,
        "Depreciation And Amortization In Income Statement": 3842000.0,
        "Research And Development": 30208000.0,
        "Selling General And Administration": 88079000.0,
        "Selling And Marketing Expense": 83319000.0,
        "General And Administrative Expense": 4760000.0,
        "Other Gand A": 4760000.0,
        "Salaries And Wages": NaN,
        "Gross Profit": 150785000.0,
        "Cost Of Revenue": 275669000.0,
        "Total Revenue": 426454000.0,
        "Operating Revenue": 426454000.0
    },
    "2022-06-30": {
        "Tax Effect Of Unusual Items": 0.0,
        "Tax Rate For Calcs": 0.216,
        "Normalized EBITDA": 34776000.0,
        "Net Income From Continuing Operation Net Minority Interest": -10336000.0,
        "Reconciled Depreciation": 11234000.0,
        "Reconciled Cost Of Revenue": 315980000.0,
        "EBITDA": 34776000.0,
        "EBIT": 23542000.0,
        "Net Interest Income": NaN,
        "Interest Income": NaN,
        "Normalized Income": -10336000.0,
        "Net Income From Continuing And Discontinued Operation": -10336000.0,
        "Total Expenses": 487687000.0,
        "Total Operating Income As Reported": 23542000.0,
        "Diluted Average Shares": 118390641.0,
        "Basic Average Shares": 118390641.0,
        "Diluted EPS": -0.09,
        "Basic EPS": -0.09,
        "Diluted NI Availto Com Stockholders": -10336000.0,
        "Average Dilution Earnings": 0.0,
        "Net Income Common Stockholders": -10336000.0,
        "Otherunder Preferred Stock Dividend": NaN,
        "Net Income": -10336000.0,
        "Minority Interests": -28397000.0,
        "Net Income Including Noncontrolling Interests": 18061000.0,
        "Net Income Continuous Operations": 18061000.0,
        "Tax Provision": 5325000.0,
        "Pretax Income": 23386000.0,
        "Other Income Expense": -156000.0,
        "Other Non Operating Income Expenses": -156000.0,
        "Net Non Operating Interest Income Expense": NaN,
        "Interest Income Non Operating": NaN,
        "Operating Income": 23542000.0,
        "Operating Expense": 164309000.0,
        "Depreciation Amortization Depletion Income Statement": 3836000.0,
        "Depreciation And Amortization In Income Statement": 3836000.0,
        "Research And Development": 31354000.0,
        "Selling General And Administration": 129119000.0,
        "Selling And Marketing Expense": 95605000.0,
        "General And Administrative Expense": 33514000.0,
        "Other Gand A": 33514000.0,
        "Salaries And Wages": NaN,
        "Gross Profit": 187851000.0,
        "Cost Of Revenue": 323378000.0,
        "Total Revenue": 511229000.0,
        "Operating Revenue": 511229000.0
    },
    "2022-03-31": {
        "Diluted EPS": -0.53,
        "Total Revenue": 431,
        "Gross Profit": 182,
        "Operating Income": 27,
        "EBIT": 41,
        "Net Income": -62
    },
    "2021-12-31": {
        "Diluted EPS": -0.66,
        "Total Revenue": 339,
        "Gross Profit": 180,
        "Operating Income": 44,
        "EBIT": 58,
        "Net Income": -80
    },
    "2021-09-30": {
        "Diluted EPS": 0.24,
        "Total Revenue": 223,
        "Gross Profit": 163,
        "Operating Income": 40,
        "EBIT": 54,
        "Net Income": 29
    },
    "2021-06-30": {
        "Diluted EPS": 0.23,
        "Total Revenue": 218,
        "Gross Profit": 167,
        "Operating Income": 38,
        "EBIT": 52,
        "Net Income": 28
    },
    "2021-03-31": {
        "Diluted EPS": 0.19,
        "Total Revenue": 171,
        "Gross Profit": 147,
        "Operating Income": 26,
        "EBIT": 38,
        "Net Income": 22
    },
    "2020-12-31": {
        "Diluted EPS": 0.22,
        "Total Revenue": 152,
        "Gross Profit": 140,
        "Operating Income": 33,
        "EBIT": 38,
        "Net Income": 25
    },
    "2020-09-30": {
        "Diluted EPS": 0.29,
        "Total Revenue": 147,
        "Gross Profit": 138,
        "Operating Income": 44,
        "EBIT": 49,
        "Net Income": 33
    },
    "2020-06-30": {
        "Diluted EPS": 0.06,
        "Total Revenue": 95,
        "Gross Profit": 85,
        "Operating Income": 9,
        "EBIT": 15,
        "Net Income": 7
    },
    "2020-03-31": {
        "Diluted EPS": 0.11,
        "Total Revenue": 158,
        "Gross Profit": 146,
        "Operating Income": 12,
        "EBIT": 18,
        "Net Income": 13
    },
    "2019-12-31": {
        "Diluted EPS": 0.12,
        "Total Revenue": 158,
        "Gross Profit": 148,
        "Operating Income": 14,
        "EBIT": 18,
        "Net Income": 13
    },
    "2019-09-30": {
        "Diluted EPS": 0.09,
        "Total Revenue": 150,
        "Gross Profit": 141,
        "Operating Income": 10,
        "EBIT": 14,
        "Net Income": 10
    },
    "2019-06-30": {
        "Diluted EPS": 0.05,
        "Total Revenue": 145,
        "Gross Profit": 136,
        "Operating Income": 4,
        "EBIT": 7,
        "Net Income": 6
    },
    "2019-03-31": {
        "Diluted EPS": 0.11,
        "Total Revenue": 135,
        "Gross Profit": 128,
        "Operating Income": 7,
        "EBIT": 11,
        "Net Income": 13
    },
    "2018-12-31": {
        "Diluted EPS": 0.11,
        "Total Revenue": 126,
        "Gross Profit": 119,
        "Operating Income": 7,
        "EBIT": 10,
        "Net Income": 12
    },
    "2018-09-30": {
        "Diluted EPS": 0.12,
        "Total Revenue": 119,
        "Gross Profit": 113,
        "Operating Income": 6,
        "EBIT": 8,
        "Net Income": 14
    },
    "2018-06-30": {
        "Diluted EPS": 0.29,
        "Total Revenue": 110,
        "Gross Profit": 104,
        "Operating Income": 4,
        "EBIT": 6,
        "Net Income": 33
    },
    "2018-03-31": {
        "Diluted EPS": 0.05,
        "Total Revenue": 99,
        "Gross Profit": 93,
        "Operating Income": 6,
        "EBIT": 8,
        "Net Income": 5
    },
    "2017-12-31": {
        "Diluted EPS": 0.02,
        "Total Revenue": 91,
        "Gross Profit": 85,
        "Operating Income": 0,
        "EBIT": 1,
        "Net Income": 3
    },
    "2017-09-30": {
        "Diluted EPS": 0.02,
        "Total Revenue": 83,
        "Gross Profit": 78,
        "Operating Income": 3,
        "EBIT": 4,
        "Net Income": 1
    },
    "2017-06-30": {
        "Diluted EPS": 0.04,
        "Total Revenue": 76,
        "Gross Profit": 72,
        "Operating Income": 6,
        "EBIT": 7,
        "Net Income": 2
    },
    "2017-03-31": {
        "Diluted EPS": 0.04,
        "Total Revenue": 67,
        "Gross Profit": 64,
        "Operating Income": 6,
        "EBIT": 7,
        "Net Income": 2
    },
    "2016-12-31": {
        "Diluted EPS": 0.0,
        "Total Revenue": NaN,
        "Gross Profit": NaN,
        "Operating Income": NaN,
        "EBIT": NaN,
        "Net Income": NaN
    },
    "2016-09-30": {
        "Diluted EPS": 0.02,
        "Total Revenue": 53,
        "Gross Profit": 50,
        "Operating Income": 3,
        "EBIT": 3,
        "Net Income": 1
    },
    "2015-12-31": {
        "Diluted EPS": 0.0,
        "Total Revenue": NaN,
        "Gross Profit": NaN,
        "Operating Income": NaN,
        "EBIT": NaN,
        "Net Income": NaN
    },
    "2023-06-30": {
        "Tax Effect Of Unusual Items": NaN,
        "Tax Rate For Calcs": NaN,
        "Normalized EBITDA": NaN,
        "Total Unusual Items": 0.0,
        "Total Unusual Items Excluding Goodwill": 0.0,
        "Net Income From Continuing Operation Net Minority Interest": NaN,
        "Reconciled Depreciation": NaN,
        "Reconciled Cost Of Revenue": NaN,
        "EBITDA": NaN,
        "EBIT": NaN,
        "Net Interest Income": NaN,
        "Interest Income": NaN,
        "Normalized Income": NaN,
        "Net Income From Continuing And Discontinued Operation": NaN,
        "Total Expenses": NaN,
        "Total Operating Income As Reported": NaN,
        "Diluted Average Shares": NaN,
        "Basic Average Shares": NaN,
        "Diluted EPS": NaN,
        "Basic EPS": NaN,
        "Diluted NI Availto Com Stockholders": NaN,
        "Average Dilution Earnings": NaN,
        "Net Income Common Stockholders": NaN,
        "Net Income": NaN,
        "Minority Interests": NaN,
        "Net Income Including Noncontrolling Interests": NaN,
        "Net Income Continuous Operations": NaN,
        "Tax Provision": NaN,
        "Pretax Income": NaN,
        "Other Income Expense": NaN,
        "Other Non Operating Income Expenses": NaN,
        "Special Income Charges": 0.0,
        "Impairment Of Capital Assets": 0.0,
        "Net Non Operating Interest Income Expense": NaN,
        "Interest Income Non Operating": NaN,
        "Operating Income": NaN,
        "Operating Expense": NaN,
        "Depreciation Amortization Depletion Income Statement": NaN,
        "Depreciation And Amortization In Income Statement": NaN,
        "Research And Development": NaN,
        "Selling General And Administration": NaN,
        "Selling And Marketing Expense": NaN,
        "General And Administrative Expense": NaN,
        "Other Gand A": NaN,
        "Salaries And Wages": 9608000.0,
        "Gross Profit": NaN,
        "Cost Of Revenue": NaN,
        "Total Revenue": NaN,
        "Operating Revenue": NaN
    },
    "2023-09-30": {
        "Tax Effect Of Unusual Items": NaN,
        "Tax Rate For Calcs": NaN,
        "Normalized EBITDA": NaN,
        "Total Unusual Items": 0.0,
        "Total Unusual Items Excluding Goodwill": 0.0,
        "Net Income From Continuing Operation Net Minority Interest": NaN,
        "Reconciled Depreciation": NaN,
        "Reconciled Cost Of Revenue": NaN,
        "EBITDA": NaN,
        "EBIT": NaN,
        "Net Interest Income": NaN,
        "Interest Income": NaN,
        "Normalized Income": NaN,
        "Net Income From Continuing And Discontinued Operation": NaN,
        "Total Expenses": NaN,
        "Total Operating Income As Reported": NaN,
        "Diluted Average Shares": NaN,
        "Basic Average Shares": NaN,
        "Diluted EPS": NaN,
        "Basic EPS": NaN,
        "Diluted NI Availto Com Stockholders": NaN,
        "Average Dilution Earnings": NaN,
        "Net Income Common Stockholders": NaN,
        "Net Income": NaN,
        "Minority Interests": NaN,
        "Net Income Including Noncontrolling Interests": NaN,
        "Net Income Continuous Operations": NaN,
        "Tax Provision": NaN,
        "Pretax Income": NaN,
        "Other Income Expense": NaN,
        "Other Non Operating Income Expenses": NaN,
        "Special Income Charges": 0.0,
        "Impairment Of Capital Assets": 0.0,
        "Net Non Operating Interest Income Expense": NaN,
        "Interest Income Non Operating": NaN,
        "Operating Income": NaN,
        "Operating Expense": NaN,
        "Depreciation Amortization Depletion Income Statement": NaN,
        "Depreciation And Amortization In Income Statement": NaN,
        "Research And Development": NaN,
        "Selling General And Administration": NaN,
        "Selling And Marketing Expense": NaN,
        "General And Administrative Expense": NaN,
        "Other Gand A": NaN,
        "Gross Profit": NaN,
        "Cost Of Revenue": NaN,
        "Total Revenue": NaN,
        "Operating Revenue": NaN
    },
    "2023-12-31": {
        "Tax Effect Of Unusual Items": NaN,
        "Tax Rate For Calcs": NaN,
        "Normalized EBITDA": NaN,
        "Total Unusual Items": NaN,
        "Total Unusual Items Excluding Goodwill": NaN,
        "Net Income From Continuing Operation Net Minority Interest": NaN,
        "Reconciled Depreciation": NaN,
        "Reconciled Cost Of Revenue": NaN,
        "EBITDA": NaN,
        "EBIT": NaN,
        "Net Interest Income": NaN,
        "Interest Income": NaN,
        "Normalized Income": NaN,
        "Net Income From Continuing And Discontinued Operation": NaN,
        "Total Expenses": NaN,
        "Total Operating Income As Reported": NaN,
        "Diluted Average Shares": NaN,
        "Basic Average Shares": NaN,
        "Diluted EPS": NaN,
        "Basic EPS": NaN,
        "Diluted NI Availto Com Stockholders": NaN,
        "Average Dilution Earnings": 1140000.0,
        "Net Income Common Stockholders": NaN,
        "Net Income": NaN,
        "Minority Interests": 4698000.0,
        "Net Income Including Noncontrolling Interests": NaN,
        "Net Income Continuous Operations": NaN,
        "Tax Provision": NaN,
        "Pretax Income": NaN,
        "Other Income Expense": NaN,
        "Other Non Operating Income Expenses": NaN,
        "Special Income Charges": NaN,
        "Impairment Of Capital Assets": NaN,
        "Net Non Operating Interest Income Expense": NaN,
        "Interest Income Non Operating": NaN,
        "Operating Income": NaN,
        "Operating Expense": NaN,
        "Depreciation Amortization Depletion Income Statement": NaN,
        "Depreciation And Amortization In Income Statement": NaN,
        "Research And Development": NaN,
        "Selling General And Administration": NaN,
        "Selling And Marketing Expense": NaN,
        "General And Administrative Expense": NaN,
        "Other Gand A": NaN,
        "Gross Profit": NaN,
        "Cost Of Revenue": NaN,
        "Total Revenue": NaN,
        "Operating Revenue": NaN
    },
    "2024-03-31": {
        "Tax Effect Of Unusual Items": 0.0,
        "Tax Rate For Calcs": 0.282432,
        "Normalized EBITDA": 33765000.0,
        "Total Unusual Items": NaN,
        "Total Unusual Items Excluding Goodwill": NaN,
        "Net Income From Continuing Operation Net Minority Interest": 21301000.0,
        "Reconciled Depreciation": 7481000.0,
        "Reconciled Cost Of Revenue": 36146000.0,
        "EBITDA": 33765000.0,
        "EBIT": 26284000.0,
        "Net Interest Income": 3906000.0,
        "Interest Income": 3906000.0,
        "Normalized Income": 21301000.0,
        "Net Income From Continuing And Discontinued Operation": 21301000.0,
        "Total Expenses": 189512000.0,
        "Total Operating Income As Reported": 26284000.0,
        "Diluted Average Shares": 108632159.0,
        "Basic Average Shares": 107174812.0,
        "Diluted EPS": 0.2,
        "Basic EPS": 0.2,
        "Diluted NI Availto Com Stockholders": 21301000.0,
        "Average Dilution Earnings": 0.0,
        "Net Income Common Stockholders": 21301000.0,
        "Net Income": 21301000.0,
        "Minority Interests": 0.0,
        "Net Income Including Noncontrolling Interests": 21301000.0,
        "Net Income Continuous Operations": 21301000.0,
        "Tax Provision": 8384000.0,
        "Pretax Income": 29685000.0,
        "Other Income Expense": -505000.0,
        "Other Non Operating Income Expenses": -505000.0,
        "Special Income Charges": NaN,
        "Impairment Of Capital Assets": NaN,
        "Net Non Operating Interest Income Expense": 3906000.0,
        "Interest Income Non Operating": 3906000.0,
        "Operating Income": 26284000.0,
        "Operating Expense": 148677000.0,
        "Depreciation Amortization Depletion Income Statement": 2792000.0,
        "Depreciation And Amortization In Income Statement": 2792000.0,
        "Research And Development": 35545000.0,
        "Selling General And Administration": 110340000.0,
        "Selling And Marketing Expense": 82274000.0,
        "General And Administrative Expense": 28066000.0,
        "Other Gand A": 28066000.0,
        "Gross Profit": 174961000.0,
        "Cost Of Revenue": 40835000.0,
        "Total Revenue": 215796000.0,
        "Operating Revenue": 215796000.0
    },
    "2024-06-30": {
        "Tax Effect Of Unusual Items": -30594000.0,
        "Tax Rate For Calcs": 0.24,
        "Normalized EBITDA": 167029000.0,
        "Total Unusual Items": -127475000.0,
        "Total Unusual Items Excluding Goodwill": -127475000.0,
        "Net Income From Continuing Operation Net Minority Interest": -68721000.0,
        "Reconciled Depreciation": 5663000.0,
        "Reconciled Cost Of Revenue": 32818000.0,
        "EBITDA": 39554000.0,
        "EBIT": 33891000.0,
        "Net Interest Income": 2440000.0,
        "Interest Income": 2440000.0,
        "Normalized Income": 28160000.0,
        "Net Income From Continuing And Discontinued Operation": -68721000.0,
        "Total Expenses": 184801000.0,
        "Total Operating Income As Reported": -93584000.0,
        "Diluted Average Shares": 103827661.0,
        "Basic Average Shares": 103827661.0,
        "Diluted EPS": -0.66,
        "Basic EPS": -0.66,
        "Diluted NI Availto Com Stockholders": -68721000.0,
        "Average Dilution Earnings": 0.0,
        "Net Income Common Stockholders": -68721000.0,
        "Net Income": -68721000.0,
        "Minority Interests": 0.0,
        "Net Income Including Noncontrolling Interests": -68721000.0,
        "Net Income Continuous Operations": -68721000.0,
        "Tax Provision": -21702000.0,
        "Pretax Income": -90423000.0,
        "Other Income Expense": -126754000.0,
        "Other Non Operating Income Expenses": 721000.0,
        "Special Income Charges": -127475000.0,
        "Impairment Of Capital Assets": 127475000.0,
        "Net Non Operating Interest Income Expense": 2440000.0,
        "Interest Income Non Operating": 2440000.0,
        "Operating Income": 33891000.0,
        "Operating Expense": 148553000.0,
        "Depreciation Amortization Depletion Income Statement": 2233000.0,
        "Depreciation And Amortization In Income Statement": 2233000.0,
        "Research And Development": 36580000.0,
        "Selling General And Administration": 109740000.0,
        "Selling And Marketing Expense": 82311000.0,
        "General And Administrative Expense": 27429000.0,
        "Other Gand A": 27429000.0,
        "Gross Profit": 182444000.0,
        "Cost Of Revenue": 36248000.0,
        "Total Revenue": 218692000.0,
        "Operating Revenue": 218692000.0
    },
    "2024-09-30": {
        "Tax Effect Of Unusual Items": -1763526.0,
        "Tax Rate For Calcs": 0.251,
        "Normalized EBITDA": 46664000.0,
        "Total Unusual Items": -7026000.0,
        "Total Unusual Items Excluding Goodwill": -7026000.0,
        "Net Income From Continuing Operation Net Minority Interest": 22511000.0,
        "Reconciled Depreciation": 5178000.0,
        "Reconciled Cost Of Revenue": 45958000.0,
        "EBITDA": 39638000.0,
        "EBIT": 34460000.0,
        "Net Interest Income": 2717000.0,
        "Interest Income": 2717000.0,
        "Normalized Income": 27773474.0,
        "Net Income From Continuing And Discontinued Operation": 22511000.0,
        "Total Expenses": 196898000.0,
        "Total Operating Income As Reported": 27434000.0,
        "Diluted Average Shares": 105059283.0,
        "Basic Average Shares": 103321988.0,
        "Diluted EPS": 0.21,
        "Basic EPS": 0.22,
        "Diluted NI Availto Com Stockholders": 22511000.0,
        "Average Dilution Earnings": 0.0,
        "Net Income Common Stockholders": 22511000.0,
        "Net Income": 22511000.0,
        "Minority Interests": 0.0,
        "Net Income Including Noncontrolling Interests": 22511000.0,
        "Net Income Continuous Operations": 22511000.0,
        "Tax Provision": 7546000.0,
        "Pretax Income": 30057000.0,
        "Other Income Expense": -7120000.0,
        "Other Non Operating Income Expenses": -94000.0,
        "Special Income Charges": -7026000.0,
        "Impairment Of Capital Assets": 7026000.0,
        "Net Non Operating Interest Income Expense": 2717000.0,
        "Interest Income Non Operating": 2717000.0,
        "Operating Income": 34460000.0,
        "Operating Expense": 148091000.0,
        "Depreciation Amortization Depletion Income Statement": 2329000.0,
        "Depreciation And Amortization In Income Statement": 2329000.0,
        "Research And Development": 36359000.0,
        "Selling General And Administration": 109403000.0,
        "Selling And Marketing Expense": 81216000.0,
        "General And Administrative Expense": 28187000.0,
        "Other Gand A": 28187000.0,
        "Gross Profit": 182551000.0,
        "Cost Of Revenue": 48807000.0,
        "Total Revenue": 231358000.0,
        "Operating Revenue": 231358000.0
    },
    "2024-12-31": {
        "Tax Effect Of Unusual Items": 0.0,
        "Tax Rate For Calcs": 0.170895,
        "Normalized EBITDA": 60316000.0,
        "Total Unusual Items": 0.0,
        "Total Unusual Items Excluding Goodwill": 0.0,
        "Net Income From Continuing Operation Net Minority Interest": 45881000.0,
        "Reconciled Depreciation": 7038000.0,
        "Reconciled Cost Of Revenue": 27442000.0,
        "EBITDA": 60316000.0,
        "EBIT": 53278000.0,
        "Net Interest Income": 3126000.0,
        "Interest Income": 3126000.0,
        "Normalized Income": 45881000.0,
        "Net Income From Continuing And Discontinued Operation": 45881000.0,
        "Total Expenses": 175260000.0,
        "Total Operating Income As Reported": 53278000.0,
        "Diluted Average Shares": 106116888.0,
        "Basic Average Shares": 103838821.0,
        "Diluted EPS": 0.43,
        "Basic EPS": 0.44,
        "Diluted NI Availto Com Stockholders": 45881000.0,
        "Average Dilution Earnings": 0.0,
        "Net Income Common Stockholders": 45881000.0,
        "Net Income": 45881000.0,
        "Minority Interests": 0.0,
        "Net Income Including Noncontrolling Interests": 45881000.0,
        "Net Income Continuous Operations": 45881000.0,
        "Tax Provision": 9457000.0,
        "Pretax Income": 55338000.0,
        "Other Income Expense": -1066000.0,
        "Other Non Operating Income Expenses": -1066000.0,
        "Special Income Charges": 0.0,
        "Impairment Of Capital Assets": NaN,
        "Net Non Operating Interest Income Expense": 3126000.0,
        "Interest Income Non Operating": 3126000.0,
        "Operating Income": 53278000.0,
        "Operating Expense": 145711000.0,
        "Depreciation Amortization Depletion Income Statement": 4931000.0,
        "Depreciation And Amortization In Income Statement": 4931000.0,
        "Research And Development": 35948000.0,
        "Selling General And Administration": 104832000.0,
        "Selling And Marketing Expense": 76448000.0,
        "General And Administrative Expense": 28384000.0,
        "Other Gand A": 28384000.0,
        "Gross Profit": 198989000.0,
        "Cost Of Revenue": 29549000.0,
        "Total Revenue": 228538000.0,
        "Operating Revenue": 228538000.0
    },
    "2025-03-31": {
        "Tax Effect Of Unusual Items": 0.0,
        "Tax Rate For Calcs": 0.195794,
        "Normalized EBITDA": 52309000.0,
        "Total Unusual Items": NaN,
        "Total Unusual Items Excluding Goodwill": NaN,
        "Net Income From Continuing Operation Net Minority Interest": 39045000.0,
        "Reconciled Depreciation": 6554000.0,
        "Reconciled Cost Of Revenue": 23103000.0,
        "EBITDA": 52309000.0,
        "EBIT": 45755000.0,
        "Net Interest Income": 3098000.0,
        "Interest Income": 3098000.0,
        "Normalized Income": 39045000.0,
        "Net Income From Continuing And Discontinued Operation": 39045000.0,
        "Total Expenses": 179403000.0,
        "Total Operating Income As Reported": 45755000.0,
        "Diluted Average Shares": 105068046.0,
        "Basic Average Shares": 103094690.0,
        "Diluted EPS": 0.37,
        "Basic EPS": 0.38,
        "Diluted NI Availto Com Stockholders": 39045000.0,
        "Average Dilution Earnings": NaN,
        "Net Income Common Stockholders": 39045000.0,
        "Net Income": 39045000.0,
        "Minority Interests": NaN,
        "Net Income Including Noncontrolling Interests": 39045000.0,
        "Net Income Continuous Operations": 39045000.0,
        "Tax Provision": 9506000.0,
        "Pretax Income": 48551000.0,
        "Other Income Expense": -302000.0,
        "Other Non Operating Income Expenses": -302000.0,
        "Special Income Charges": NaN,
        "Impairment Of Capital Assets": NaN,
        "Net Non Operating Interest Income Expense": 3098000.0,
        "Interest Income Non Operating": 3098000.0,
        "Operating Income": 45755000.0,
        "Operating Expense": 153952000.0,
        "Depreciation Amortization Depletion Income Statement": 4206000.0,
        "Depreciation And Amortization In Income Statement": 4206000.0,
        "Research And Development": 36250000.0,
        "Selling General And Administration": 113496000.0,
        "Selling And Marketing Expense": 86716000.0,
        "General And Administrative Expense": 26780000.0,
        "Other Gand A": 26780000.0,
        "Gross Profit": 199707000.0,
        "Cost Of Revenue": 25451000.0,
        "Total Revenue": 225158000.0,
        "Operating Revenue": 225158000.0
    }
}