{
    "2023-03-31": {
        "Tax Effect Of Unusual Items": 0.0,
        "Tax Rate For Calcs": 0.08344,
        "Normalized EBITDA": 44810000.0,
        "Net Income From Continuing Operation Net Minority Interest": 11479000.0,
        "Reconciled Depreciation": 24042000.0,
        "Reconciled Cost Of Revenue": 29795000.0,
        "EBITDA": 44810000.0,
        "EBIT": 20768000.0,
        "Net Interest Income": -8244000.0,
        "Interest Expense": 8244000.0,
        "Normalized Income": 11479000.0,
        "Net Income From Continuing And Discontinued Operation": 11479000.0,
        "Total Expenses": 154539000.0,
        "Total Operating Income As Reported": 12529000.0,
        "Diluted Average Shares": 67747000.0,
        "Basic Average Shares": 66530000.0,
        "Diluted EPS": 0.17,
        "Basic EPS": 0.17,
        "Diluted NI Availto Com Stockholders": 11479000.0,
        "Net Income Common Stockholders": 11479000.0,
        "Net Income": 11479000.0,
        "Net Income Including Noncontrolling Interests": 11479000.0,
        "Net Income Continuous Operations": 11479000.0,
        "Tax Provision": 1045000.0,
        "Pretax Income": 12524000.0,
        "Other Income Expense": 8239000.0,
        "Other Non Operating Income Expenses": 8239000.0,
        "Net Non Operating Interest Income Expense": -8244000.0,
        "Interest Expense Non Operating": 8244000.0,
        "Operating Income": 12529000.0,
        "Operating Expense": 124744000.0,
        "Depreciation Amortization Depletion Income Statement": 24042000.0,
        "Depreciation And Amortization In Income Statement": 24042000.0,
        "Research And Development": 24101000.0,
        "Selling General And Administration": 76601000.0,
        "Selling And Marketing Expense": 58297000.0,
        "General And Administrative Expense": 18304000.0,
        "Other Gand A": 18304000.0,
        "Gross Profit": 137273000.0,
        "Cost Of Revenue": 29795000.0,
        "Total Revenue": 167068000.0,
        "Operating Revenue": 163386000.0
    },
    "2022-12-31": {
        "Tax Effect Of Unusual Items": 0.0,
        "Tax Rate For Calcs": 0.376625,
        "Normalized EBITDA": 48610000.0,
        "Net Income From Continuing Operation Net Minority Interest": 10262000.0,
        "Reconciled Depreciation": 23706000.0,
        "Reconciled Cost Of Revenue": 28875000.0,
        "EBITDA": 48610000.0,
        "EBIT": 24904000.0,
        "Net Interest Income": -8442000.0,
        "Interest Expense": 8442000.0,
        "Normalized Income": 10262000.0,
        "Net Income From Continuing And Discontinued Operation": 10262000.0,
        "Total Expenses": 148390000.0,
        "Total Operating Income As Reported": 19811000.0,
        "Diluted Average Shares": 68513000.0,
        "Basic Average Shares": 66546000.0,
        "Diluted EPS": 0.15,
        "Basic EPS": 0.15,
        "Diluted NI Availto Com Stockholders": 10262000.0,
        "Net Income Common Stockholders": 10262000.0,
        "Net Income": 10262000.0,
        "Net Income Including Noncontrolling Interests": 10262000.0,
        "Net Income Continuous Operations": 10262000.0,
        "Tax Provision": 6200000.0,
        "Pretax Income": 16462000.0,
        "Other Income Expense": 5093000.0,
        "Other Non Operating Income Expenses": 5093000.0,
        "Net Non Operating Interest Income Expense": -8442000.0,
        "Interest Expense Non Operating": 8442000.0,
        "Operating Income": 19811000.0,
        "Operating Expense": 119515000.0,
        "Depreciation Amortization Depletion Income Statement": 23706000.0,
        "Depreciation And Amortization In Income Statement": 23706000.0,
        "Research And Development": NaN,
        "Selling General And Administration": 95809000.0,
        "Selling And Marketing Expense": 56515000.0,
        "General And Administrative Expense": 39294000.0,
        "Other Gand A": 39294000.0,
        "Gross Profit": 139326000.0,
        "Cost Of Revenue": 28875000.0,
        "Total Revenue": 168201000.0,
        "Operating Revenue": 163754000.0
    },
    "2022-09-30": {
        "Tax Effect Of Unusual Items": 0.0,
        "Tax Rate For Calcs": 0.4,
        "Normalized EBITDA": 29646000.0,
        "Net Income From Continuing Operation Net Minority Interest": -2941000.0,
        "Reconciled Depreciation": 23134000.0,
        "Reconciled Cost Of Revenue": 28828000.0,
        "EBITDA": 29646000.0,
        "EBIT": 6512000.0,
        "Net Interest Income": -8501000.0,
        "Interest Expense": 8501000.0,
        "Normalized Income": -2941000.0,
        "Net Income From Continuing And Discontinued Operation": -2941000.0,
        "Total Expenses": 144696000.0,
        "Total Operating Income As Reported": 19899000.0,
        "Diluted Average Shares": 67680000.0,
        "Basic Average Shares": 67680000.0,
        "Diluted EPS": -0.04,
        "Basic EPS": -0.04,
        "Diluted NI Availto Com Stockholders": -2941000.0,
        "Net Income Common Stockholders": -2941000.0,
        "Net Income": -2941000.0,
        "Net Income Including Noncontrolling Interests": -2941000.0,
        "Net Income Continuous Operations": -2941000.0,
        "Tax Provision": 952000.0,
        "Pretax Income": -1989000.0,
        "Other Income Expense": -13387000.0,
        "Other Non Operating Income Expenses": -13387000.0,
        "Net Non Operating Interest Income Expense": -8501000.0,
        "Interest Expense Non Operating": 8501000.0,
        "Operating Income": 19899000.0,
        "Operating Expense": 115868000.0,
        "Depreciation Amortization Depletion Income Statement": 23134000.0,
        "Depreciation And Amortization In Income Statement": 23134000.0,
        "Research And Development": NaN,
        "Selling General And Administration": 92734000.0,
        "Selling And Marketing Expense": 53615000.0,
        "General And Administrative Expense": 39119000.0,
        "Other Gand A": 39119000.0,
        "Gross Profit": 135767000.0,
        "Cost Of Revenue": 28828000.0,
        "Total Revenue": 164595000.0,
        "Operating Revenue": 160304000.0
    },
    "2022-06-30": {
        "Tax Effect Of Unusual Items": 0.0,
        "Tax Rate For Calcs": 0.118,
        "Normalized EBITDA": 38332000.0,
        "Net Income From Continuing Operation Net Minority Interest": 5545000.0,
        "Reconciled Depreciation": 23001000.0,
        "Reconciled Cost Of Revenue": 29504000.0,
        "EBITDA": 38332000.0,
        "EBIT": 15331000.0,
        "Net Interest Income": -9047000.0,
        "Interest Expense": 9047000.0,
        "Normalized Income": 5545000.0,
        "Net Income From Continuing And Discontinued Operation": 5545000.0,
        "Total Expenses": 147488000.0,
        "Total Operating Income As Reported": 15385000.0,
        "Diluted Average Shares": 70257000.0,
        "Basic Average Shares": 69194000.0,
        "Diluted EPS": 0.08,
        "Basic EPS": 0.08,
        "Diluted NI Availto Com Stockholders": 5545000.0,
        "Net Income Common Stockholders": 5545000.0,
        "Net Income": 5545000.0,
        "Net Income Including Noncontrolling Interests": 5545000.0,
        "Net Income Continuous Operations": 5545000.0,
        "Tax Provision": 739000.0,
        "Pretax Income": 6284000.0,
        "Other Income Expense": -54000.0,
        "Other Non Operating Income Expenses": -54000.0,
        "Net Non Operating Interest Income Expense": -9047000.0,
        "Interest Expense Non Operating": 9047000.0,
        "Operating Income": 15385000.0,
        "Operating Expense": 117984000.0,
        "Depreciation Amortization Depletion Income Statement": 23001000.0,
        "Depreciation And Amortization In Income Statement": 23001000.0,
        "Research And Development": NaN,
        "Selling General And Administration": 94983000.0,
        "Selling And Marketing Expense": 54655000.0,
        "General And Administrative Expense": 40328000.0,
        "Other Gand A": 40328000.0,
        "Gross Profit": 133369000.0,
        "Cost Of Revenue": 29504000.0,
        "Total Revenue": 162873000.0,
        "Operating Revenue": 158131000.0
    },
    "2023-06-30": {
        "Tax Effect Of Unusual Items": 0.0,
        "Tax Rate For Calcs": 0.21,
        "Normalized EBITDA": 33870000.0,
        "Net Income From Continuing Operation Net Minority Interest": 94126000.0,
        "Reconciled Depreciation": 24669000.0,
        "Reconciled Cost Of Revenue": 30415000.0,
        "EBITDA": 33870000.0,
        "EBIT": 9201000.0,
        "Net Interest Income": -8150000.0,
        "Interest Expense": 8150000.0,
        "Normalized Income": 94126000.0,
        "Net Income From Continuing And Discontinued Operation": 94126000.0,
        "Total Expenses": 155842000.0,
        "Total Operating Income As Reported": 12334000.0,
        "Diluted Average Shares": 68493000.0,
        "Basic Average Shares": 66762000.0,
        "Diluted EPS": 1.37,
        "Basic EPS": 1.41,
        "Diluted NI Availto Com Stockholders": 94126000.0,
        "Net Income Common Stockholders": 94126000.0,
        "Net Income": 94126000.0,
        "Net Income Including Noncontrolling Interests": 94126000.0,
        "Net Income Continuous Operations": 94126000.0,
        "Tax Provision": -93075000.0,
        "Pretax Income": 1051000.0,
        "Other Income Expense": -3133000.0,
        "Other Non Operating Income Expenses": -3133000.0,
        "Net Non Operating Interest Income Expense": -8150000.0,
        "Interest Expense Non Operating": 8150000.0,
        "Operating Income": 12334000.0,
        "Operating Expense": 125427000.0,
        "Depreciation Amortization Depletion Income Statement": 24669000.0,
        "Depreciation And Amortization In Income Statement": 24669000.0,
        "Research And Development": 24956000.0,
        "Selling General And Administration": 75802000.0,
        "Selling And Marketing Expense": 58153000.0,
        "General And Administrative Expense": 17649000.0,
        "Other Gand A": 17649000.0,
        "Gross Profit": 137761000.0,
        "Cost Of Revenue": 30415000.0,
        "Total Revenue": 168176000.0,
        "Operating Revenue": 165711000.0
    },
    "2022-03-31": {
        "Diluted EPS": 0.06,
        "Total Revenue": 158,
        "Gross Profit": 109,
        "Operating Income": 11,
        "EBIT": 37,
        "Net Income": 4
    },
    "2021-12-31": {
        "Diluted EPS": -0.04,
        "Total Revenue": 158,
        "Gross Profit": 108,
        "Operating Income": 4,
        "EBIT": 32,
        "Net Income": -3
    },
    "2021-09-30": {
        "Diluted EPS": 0.03,
        "Total Revenue": 157,
        "Gross Profit": 107,
        "Operating Income": 12,
        "EBIT": 40,
        "Net Income": 2
    },
    "2021-06-30": {
        "Diluted EPS": 0.08,
        "Total Revenue": 156,
        "Gross Profit": 108,
        "Operating Income": 16,
        "EBIT": 43,
        "Net Income": 6
    },
    "2021-03-31": {
        "Diluted EPS": 0.08,
        "Total Revenue": 153,
        "Gross Profit": 109,
        "Operating Income": 17,
        "EBIT": 44,
        "Net Income": 5
    },
    "2020-12-31": {
        "Diluted EPS": 0.57,
        "Total Revenue": 153,
        "Gross Profit": 108,
        "Operating Income": 16,
        "EBIT": 51,
        "Net Income": 35
    },
    "2020-09-30": {
        "Diluted EPS": -0.18,
        "Total Revenue": 144,
        "Gross Profit": 104,
        "Operating Income": 19,
        "EBIT": 47,
        "Net Income": -12
    },
    "2020-06-30": {
        "Diluted EPS": -0.37,
        "Total Revenue": 102,
        "Gross Profit": 67,
        "Operating Income": -17,
        "EBIT": 15,
        "Net Income": -25
    },
    "2020-03-31": {
        "Diluted EPS": -11.76,
        "Total Revenue": 148,
        "Gross Profit": 107,
        "Operating Income": -905,
        "EBIT": 32,
        "Net Income": -787
    },
    "2019-12-31": {
        "Diluted EPS": -0.05,
        "Total Revenue": 152,
        "Gross Profit": 113,
        "Operating Income": 5,
        "EBIT": 35,
        "Net Income": -4
    },
    "2019-09-30": {
        "Diluted EPS": -6.38,
        "Total Revenue": 152,
        "Gross Profit": 112,
        "Operating Income": -448,
        "EBIT": 37,
        "Net Income": -426
    },
    "2019-06-30": {
        "Diluted EPS": -0.09,
        "Total Revenue": 148,
        "Gross Profit": 109,
        "Operating Income": 1,
        "EBIT": 25,
        "Net Income": -6
    },
    "2019-03-31": {
        "Diluted EPS": -0.13,
        "Total Revenue": 154,
        "Gross Profit": 111,
        "Operating Income": -4,
        "EBIT": 18,
        "Net Income": -9
    },
    "2018-12-31": {
        "Diluted EPS": 0.13,
        "Total Revenue": 164,
        "Gross Profit": 121,
        "Operating Income": 24,
        "EBIT": 45,
        "Net Income": 9
    },
    "2018-09-30": {
        "Diluted EPS": 0.23,
        "Total Revenue": 169,
        "Gross Profit": 130,
        "Operating Income": 28,
        "EBIT": 49,
        "Net Income": 16
    },
    "2018-06-30": {
        "Diluted EPS": 0.18,
        "Total Revenue": 169,
        "Gross Profit": 128,
        "Operating Income": 25,
        "EBIT": 45,
        "Net Income": 13
    },
    "2018-03-31": {
        "Diluted EPS": 0.01,
        "Total Revenue": 160,
        "Gross Profit": 124,
        "Operating Income": 7,
        "EBIT": 25,
        "Net Income": 1
    },
    "2017-12-31": {
        "Diluted EPS": 2.11,
        "Total Revenue": 157,
        "Gross Profit": 123,
        "Operating Income": 39,
        "EBIT": 55,
        "Net Income": 152
    },
    "2017-09-30": {
        "Diluted EPS": 0.29,
        "Total Revenue": 160,
        "Gross Profit": 123,
        "Operating Income": 39,
        "EBIT": 55,
        "Net Income": 21
    },
    "2017-06-30": {
        "Diluted EPS": 0.35,
        "Total Revenue": 157,
        "Gross Profit": 122,
        "Operating Income": 29,
        "EBIT": 45,
        "Net Income": 25
    },
    "2017-03-31": {
        "Diluted EPS": 0.38,
        "Total Revenue": 153,
        "Gross Profit": 118,
        "Operating Income": 27,
        "EBIT": 43,
        "Net Income": 27
    },
    "2016-12-31": {
        "Diluted EPS": 1.15,
        "Total Revenue": 162,
        "Gross Profit": 130,
        "Operating Income": 49,
        "EBIT": 64,
        "Net Income": 49
    },
    "2016-09-30": {
        "Diluted EPS": 0.72,
        "Total Revenue": 162,
        "Gross Profit": 130,
        "Operating Income": 52,
        "EBIT": 67,
        "Net Income": 52
    },
    "2016-06-30": {
        "Diluted EPS": 0.59,
        "Total Revenue": 157,
        "Gross Profit": 123,
        "Operating Income": 42,
        "EBIT": 56,
        "Net Income": 42
    },
    "2016-03-31": {
        "Diluted EPS": 0.0,
        "Total Revenue": 152,
        "Gross Profit": 120,
        "Operating Income": 34,
        "EBIT": 48,
        "Net Income": 34
    },
    "2015-12-31": {
        "Diluted EPS": 0.0,
        "Total Revenue": NaN,
        "Gross Profit": NaN,
        "Operating Income": NaN,
        "EBIT": NaN,
        "Net Income": NaN
    },
    "2014-12-31": {
        "Diluted EPS": 0.0,
        "Total Revenue": NaN,
        "Gross Profit": NaN,
        "Operating Income": NaN,
        "EBIT": NaN,
        "Net Income": NaN
    },
    "2023-09-30": {
        "Tax Effect Of Unusual Items": 0.0,
        "Tax Rate For Calcs": 0.21,
        "Normalized EBITDA": 36086000.0,
        "Net Income From Continuing Operation Net Minority Interest": 4491000.0,
        "Reconciled Depreciation": 25670000.0,
        "Reconciled Cost Of Revenue": 31077000.0,
        "EBITDA": 36086000.0,
        "EBIT": 10416000.0,
        "Net Interest Income": -7777000.0,
        "Interest Expense": 7777000.0,
        "Normalized Income": 4491000.0,
        "Net Income From Continuing And Discontinued Operation": 4491000.0,
        "Total Expenses": 160015000.0,
        "Total Operating Income As Reported": 14318000.0,
        "Diluted Average Shares": 68508000.0,
        "Basic Average Shares": 66773000.0,
        "Diluted EPS": 0.07,
        "Basic EPS": 0.07,
        "Diluted NI Availto Com Stockholders": 4491000.0,
        "Net Income Common Stockholders": 4491000.0,
        "Net Income": 4491000.0,
        "Net Income Including Noncontrolling Interests": 4491000.0,
        "Net Income Continuous Operations": 4491000.0,
        "Tax Provision": -1852000.0,
        "Pretax Income": 2639000.0,
        "Other Income Expense": -3902000.0,
        "Other Non Operating Income Expenses": -3902000.0,
        "Net Non Operating Interest Income Expense": -7777000.0,
        "Interest Expense Non Operating": 7777000.0,
        "Operating Income": 14318000.0,
        "Operating Expense": 128938000.0,
        "Depreciation Amortization Depletion Income Statement": 25670000.0,
        "Depreciation And Amortization In Income Statement": 25670000.0,
        "Research And Development": 25297000.0,
        "Selling General And Administration": 77971000.0,
        "Selling And Marketing Expense": 60186000.0,
        "General And Administrative Expense": 17785000.0,
        "Other Gand A": 17785000.0,
        "Gross Profit": 143256000.0,
        "Cost Of Revenue": 31077000.0,
        "Total Revenue": 174333000.0,
        "Operating Revenue": 171665000.0
    },
    "2023-12-31": {
        "Tax Effect Of Unusual Items": 0.0,
        "Tax Rate For Calcs": 0.21,
        "Normalized EBITDA": 36764000.0,
        "Net Income From Continuing Operation Net Minority Interest": 8346000.0,
        "Reconciled Depreciation": 26619000.0,
        "Reconciled Cost Of Revenue": 30918000.0,
        "EBITDA": 36764000.0,
        "EBIT": 10145000.0,
        "Net Interest Income": -8254000.0,
        "Interest Expense": 8254000.0,
        "Normalized Income": 8346000.0,
        "Net Income From Continuing And Discontinued Operation": 8346000.0,
        "Total Expenses": 164671000.0,
        "Total Operating Income As Reported": 14935000.0,
        "Diluted Average Shares": 68326000.0,
        "Basic Average Shares": 66510000.0,
        "Diluted EPS": 0.12,
        "Basic EPS": 0.13,
        "Diluted NI Availto Com Stockholders": 8346000.0,
        "Net Income Common Stockholders": 8346000.0,
        "Net Income": 8346000.0,
        "Net Income Including Noncontrolling Interests": 8346000.0,
        "Net Income Continuous Operations": 8346000.0,
        "Tax Provision": -6455000.0,
        "Pretax Income": 1891000.0,
        "Other Income Expense": -4790000.0,
        "Other Non Operating Income Expenses": -4790000.0,
        "Net Non Operating Interest Income Expense": -8254000.0,
        "Interest Expense Non Operating": 8254000.0,
        "Operating Income": 14935000.0,
        "Operating Expense": 133753000.0,
        "Depreciation Amortization Depletion Income Statement": 26619000.0,
        "Depreciation And Amortization In Income Statement": 26619000.0,
        "Research And Development": 25230000.0,
        "Selling General And Administration": 81904000.0,
        "Selling And Marketing Expense": 58835000.0,
        "General And Administrative Expense": 23069000.0,
        "Other Gand A": 23069000.0,
        "Gross Profit": 148688000.0,
        "Cost Of Revenue": 30918000.0,
        "Total Revenue": 179606000.0,
        "Operating Revenue": 176803000.0
    },
    "2024-03-31": {
        "Tax Effect Of Unusual Items": 0.0,
        "Tax Rate For Calcs": 0.043902,
        "Normalized EBITDA": 36506000.0,
        "Net Income From Continuing Operation Net Minority Interest": 784000.0,
        "Reconciled Depreciation": 27365000.0,
        "Reconciled Cost Of Revenue": 29962000.0,
        "EBITDA": 36506000.0,
        "EBIT": 9141000.0,
        "Net Interest Income": -8321000.0,
        "Interest Expense": 8321000.0,
        "Normalized Income": 784000.0,
        "Net Income From Continuing And Discontinued Operation": 784000.0,
        "Total Expenses": 167432000.0,
        "Total Operating Income As Reported": 12744000.0,
        "Diluted Average Shares": 67291000.0,
        "Basic Average Shares": 66318000.0,
        "Diluted EPS": 0.01,
        "Basic EPS": 0.01,
        "Diluted NI Availto Com Stockholders": 784000.0,
        "Net Income Common Stockholders": 784000.0,
        "Net Income": 784000.0,
        "Net Income Including Noncontrolling Interests": 784000.0,
        "Net Income Continuous Operations": 784000.0,
        "Tax Provision": 36000.0,
        "Pretax Income": 820000.0,
        "Other Income Expense": -3603000.0,
        "Other Non Operating Income Expenses": -3603000.0,
        "Net Non Operating Interest Income Expense": -8321000.0,
        "Interest Expense Non Operating": 8321000.0,
        "Operating Income": 12744000.0,
        "Operating Expense": 137470000.0,
        "Depreciation Amortization Depletion Income Statement": 27365000.0,
        "Depreciation And Amortization In Income Statement": 27365000.0,
        "Research And Development": 28085000.0,
        "Selling General And Administration": 82020000.0,
        "Selling And Marketing Expense": 59163000.0,
        "General And Administrative Expense": 22857000.0,
        "Other Gand A": 22857000.0,
        "Gross Profit": 150214000.0,
        "Cost Of Revenue": 29962000.0,
        "Total Revenue": 180176000.0,
        "Operating Revenue": 177122000.0
    },
    "2024-06-30": {
        "Tax Effect Of Unusual Items": 0.0,
        "Tax Rate For Calcs": 0.305952,
        "Normalized EBITDA": 52078000.0,
        "Net Income From Continuing Operation Net Minority Interest": 11381000.0,
        "Reconciled Depreciation": 27571000.0,
        "Reconciled Cost Of Revenue": 31030000.0,
        "EBITDA": 52078000.0,
        "EBIT": 24507000.0,
        "Net Interest Income": -8109000.0,
        "Interest Expense": 8109000.0,
        "Normalized Income": 11381000.0,
        "Net Income From Continuing And Discontinued Operation": 11381000.0,
        "Total Expenses": 169377000.0,
        "Total Operating Income As Reported": 9517000.0,
        "Diluted Average Shares": 67821000.0,
        "Basic Average Shares": 66534000.0,
        "Diluted EPS": 0.17,
        "Basic EPS": 0.17,
        "Diluted NI Availto Com Stockholders": 11381000.0,
        "Net Income Common Stockholders": 11381000.0,
        "Net Income": 11381000.0,
        "Net Income Including Noncontrolling Interests": 11381000.0,
        "Net Income Continuous Operations": 11381000.0,
        "Tax Provision": 5017000.0,
        "Pretax Income": 16398000.0,
        "Other Income Expense": 14990000.0,
        "Other Non Operating Income Expenses": 14990000.0,
        "Net Non Operating Interest Income Expense": -8109000.0,
        "Interest Expense Non Operating": 8109000.0,
        "Operating Income": 9517000.0,
        "Operating Expense": 138347000.0,
        "Depreciation Amortization Depletion Income Statement": 27571000.0,
        "Depreciation And Amortization In Income Statement": 27571000.0,
        "Research And Development": 27583000.0,
        "Selling General And Administration": 83193000.0,
        "Selling And Marketing Expense": 60213000.0,
        "General And Administrative Expense": 22980000.0,
        "Other Gand A": 22980000.0,
        "Gross Profit": 147864000.0,
        "Cost Of Revenue": 31030000.0,
        "Total Revenue": 178894000.0,
        "Operating Revenue": 175671000.0
    },
    "2024-09-30": {
        "Tax Effect Of Unusual Items": 0.0,
        "Tax Rate For Calcs": 0.237173,
        "Normalized EBITDA": 60130000.0,
        "Net Income From Continuing Operation Net Minority Interest": 18719000.0,
        "Reconciled Depreciation": 27563000.0,
        "Reconciled Cost Of Revenue": 31610000.0,
        "EBITDA": 60130000.0,
        "EBIT": 32567000.0,
        "Net Interest Income": -8028000.0,
        "Interest Expense": 8028000.0,
        "Normalized Income": 18719000.0,
        "Net Income From Continuing And Discontinued Operation": 18719000.0,
        "Total Expenses": 168195000.0,
        "Total Operating Income As Reported": 11456000.0,
        "Diluted Average Shares": 67666000.0,
        "Basic Average Shares": 66107000.0,
        "Diluted EPS": 0.28,
        "Basic EPS": 0.28,
        "Diluted NI Availto Com Stockholders": 18719000.0,
        "Net Income Common Stockholders": 18719000.0,
        "Net Income": 18719000.0,
        "Net Income Including Noncontrolling Interests": 18719000.0,
        "Net Income Continuous Operations": 18719000.0,
        "Tax Provision": 5820000.0,
        "Pretax Income": 24539000.0,
        "Other Income Expense": 21111000.0,
        "Other Non Operating Income Expenses": 21111000.0,
        "Net Non Operating Interest Income Expense": -8028000.0,
        "Interest Expense Non Operating": 8028000.0,
        "Operating Income": 11456000.0,
        "Operating Expense": 136585000.0,
        "Depreciation Amortization Depletion Income Statement": 27563000.0,
        "Depreciation And Amortization In Income Statement": 27563000.0,
        "Research And Development": 29223000.0,
        "Selling General And Administration": 79799000.0,
        "Selling And Marketing Expense": 58288000.0,
        "General And Administrative Expense": 21511000.0,
        "Other Gand A": 21511000.0,
        "Gross Profit": 148041000.0,
        "Cost Of Revenue": 31610000.0,
        "Total Revenue": 179651000.0,
        "Operating Revenue": 176527000.0
    },
    "2024-12-31": {
        "Tax Effect Of Unusual Items": 0.0,
        "Tax Rate For Calcs": 0.139361,
        "Normalized EBITDA": 52528000.0,
        "Net Income From Continuing Operation Net Minority Interest": 17304000.0,
        "Reconciled Depreciation": 24683000.0,
        "Reconciled Cost Of Revenue": 31730000.0,
        "EBITDA": 52528000.0,
        "EBIT": 27845000.0,
        "Net Interest Income": -7739000.0,
        "Interest Expense": 7739000.0,
        "Normalized Income": 17304000.0,
        "Net Income From Continuing And Discontinued Operation": 17304000.0,
        "Total Expenses": 160650000.0,
        "Total Operating Income As Reported": 19781000.0,
        "Diluted Average Shares": 66802000.0,
        "Basic Average Shares": 65071000.0,
        "Diluted EPS": 0.26,
        "Basic EPS": 0.27,
        "Diluted NI Availto Com Stockholders": 17304000.0,
        "Net Income Common Stockholders": 17304000.0,
        "Net Income": 17304000.0,
        "Net Income Including Noncontrolling Interests": 17304000.0,
        "Net Income Continuous Operations": 17304000.0,
        "Tax Provision": 2802000.0,
        "Pretax Income": 20106000.0,
        "Other Income Expense": 8064000.0,
        "Other Non Operating Income Expenses": 8064000.0,
        "Net Non Operating Interest Income Expense": -7739000.0,
        "Interest Expense Non Operating": 7739000.0,
        "Operating Income": 19781000.0,
        "Operating Expense": 128920000.0,
        "Depreciation Amortization Depletion Income Statement": 24683000.0,
        "Depreciation And Amortization In Income Statement": 24683000.0,
        "Research And Development": 29040000.0,
        "Selling General And Administration": 75197000.0,
        "Selling And Marketing Expense": 53838000.0,
        "General And Administrative Expense": 21359000.0,
        "Other Gand A": 21359000.0,
        "Gross Profit": 148701000.0,
        "Cost Of Revenue": 31730000.0,
        "Total Revenue": 180431000.0,
        "Operating Revenue": 177296000.0
    },
    "2025-03-31": {
        "Tax Effect Of Unusual Items": 0.0,
        "Tax Rate For Calcs": 0.21,
        "Normalized EBITDA": 33474000.0,
        "Net Income From Continuing Operation Net Minority Interest": -2013000.0,
        "Reconciled Depreciation": 27039000.0,
        "Reconciled Cost Of Revenue": 30939000.0,
        "EBITDA": 33474000.0,
        "EBIT": 6435000.0,
        "Net Interest Income": -7668000.0,
        "Interest Expense": 7668000.0,
        "Normalized Income": -2013000.0,
        "Net Income From Continuing And Discontinued Operation": -2013000.0,
        "Total Expenses": 172564000.0,
        "Total Operating Income As Reported": 6460000.0,
        "Diluted Average Shares": 64467000.0,
        "Basic Average Shares": 64467000.0,
        "Diluted EPS": -0.03,
        "Basic EPS": -0.03,
        "Diluted NI Availto Com Stockholders": -2013000.0,
        "Net Income Common Stockholders": -2013000.0,
        "Net Income": -2013000.0,
        "Net Income Including Noncontrolling Interests": -2013000.0,
        "Net Income Continuous Operations": -2013000.0,
        "Tax Provision": 780000.0,
        "Pretax Income": -1233000.0,
        "Other Income Expense": -25000.0,
        "Other Non Operating Income Expenses": -25000.0,
        "Net Non Operating Interest Income Expense": -7668000.0,
        "Interest Expense Non Operating": 7668000.0,
        "Operating Income": 6460000.0,
        "Operating Expense": 141625000.0,
        "Depreciation Amortization Depletion Income Statement": 27039000.0,
        "Depreciation And Amortization In Income Statement": 27039000.0,
        "Research And Development": 28478000.0,
        "Selling General And Administration": 86108000.0,
        "Selling And Marketing Expense": 60225000.0,
        "General And Administrative Expense": 25883000.0,
        "Other Gand A": 25883000.0,
        "Gross Profit": 148085000.0,
        "Cost Of Revenue": 30939000.0,
        "Total Revenue": 179024000.0,
        "Operating Revenue": 175423000.0
    },
    "2025-06-30": {
        "Tax Effect Of Unusual Items": 0.0,
        "Tax Rate For Calcs": 0.29685,
        "Normalized EBITDA": 42485000.0,
        "Net Income From Continuing Operation Net Minority Interest": 7009000.0,
        "Reconciled Depreciation": 24873000.0,
        "Reconciled Cost Of Revenue": 30547000.0,
        "EBITDA": 42485000.0,
        "EBIT": 17612000.0,
        "Net Interest Income": -7644000.0,
        "Interest Expense": 7644000.0,
        "Normalized Income": 7009000.0,
        "Net Income From Continuing And Discontinued Operation": 7009000.0,
        "Total Expenses": 163493000.0,
        "Total Operating Income As Reported": 15246000.0,
        "Diluted Average Shares": 63842000.0,
        "Basic Average Shares": 63163000.0,
        "Diluted EPS": 0.11,
        "Basic EPS": 0.11,
        "Diluted NI Availto Com Stockholders": 7009000.0,
        "Net Income Common Stockholders": 7009000.0,
        "Net Income": 7009000.0,
        "Net Income Including Noncontrolling Interests": 7009000.0,
        "Net Income Continuous Operations": 7009000.0,
        "Tax Provision": 2959000.0,
        "Pretax Income": 9968000.0,
        "Other Income Expense": 2366000.0,
        "Other Non Operating Income Expenses": 2366000.0,
        "Net Non Operating Interest Income Expense": -7644000.0,
        "Interest Expense Non Operating": 7644000.0,
        "Operating Income": 15246000.0,
        "Operating Expense": 132946000.0,
        "Depreciation Amortization Depletion Income Statement": 24873000.0,
        "Depreciation And Amortization In Income Statement": 24873000.0,
        "Research And Development": 28634000.0,
        "Selling General And Administration": 79439000.0,
        "Selling And Marketing Expense": 57757000.0,
        "General And Administrative Expense": 21682000.0,
        "Other Gand A": 21682000.0,
        "Gross Profit": 148192000.0,
        "Cost Of Revenue": 30547000.0,
        "Total Revenue": 178739000.0,
        "Operating Revenue": 175114000.0
    }
}