{
    "2023-03-31": {
        "Tax Effect Of Unusual Items": -33390.0,
        "Tax Rate For Calcs": 0.21,
        "Normalized EBITDA": -23257000.0,
        "Total Unusual Items": -159000.0,
        "Total Unusual Items Excluding Goodwill": -159000.0,
        "Net Income From Continuing Operation Net Minority Interest": -31658000.0,
        "Reconciled Depreciation": 2886000.0,
        "Reconciled Cost Of Revenue": 27142000.0,
        "EBITDA": -23416000.0,
        "EBIT": -26302000.0,
        "Net Interest Income": -4242000.0,
        "Interest Expense": 5208000.0,
        "Interest Income": 966000.0,
        "Normalized Income": -31532390.0,
        "Net Income From Continuing And Discontinued Operation": -31658000.0,
        "Total Expenses": 72439000.0,
        "Total Operating Income As Reported": -27142000.0,
        "Diluted Average Shares": 95793000.0,
        "Basic Average Shares": 95793000.0,
        "Diluted EPS": -0.33,
        "Basic EPS": -0.33,
        "Diluted NI Availto Com Stockholders": -31658000.0,
        "Net Income Common Stockholders": -31658000.0,
        "Net Income": -31658000.0,
        "Net Income Including Noncontrolling Interests": -31658000.0,
        "Net Income Continuous Operations": -31658000.0,
        "Tax Provision": 148000.0,
        "Pretax Income": -31510000.0,
        "Other Income Expense": -126000.0,
        "Other Non Operating Income Expenses": 33000.0,
        "Special Income Charges": 133000.0,
        "Other Special Charges": -133000.0,
        "Gain On Sale Of Security": -292000.0,
        "Net Non Operating Interest Income Expense": -4242000.0,
        "Interest Expense Non Operating": 5208000.0,
        "Interest Income Non Operating": 966000.0,
        "Operating Income": -27142000.0,
        "Operating Expense": 45297000.0,
        "Research And Development": 20840000.0,
        "Selling General And Administration": 24457000.0,
        "General And Administrative Expense": NaN,
        "Other Gand A": NaN,
        "Salaries And Wages": NaN,
        "Gross Profit": 18155000.0,
        "Cost Of Revenue": 27142000.0,
        "Total Revenue": 45297000.0,
        "Operating Revenue": 45297000.0
    },
    "2022-12-31": {
        "Tax Effect Of Unusual Items": 497490.0,
        "Tax Rate For Calcs": 0.21,
        "Normalized EBITDA": 2802000.0,
        "Total Unusual Items": 2369000.0,
        "Total Unusual Items Excluding Goodwill": 2369000.0,
        "Net Income From Continuing Operation Net Minority Interest": 1240000.0,
        "Reconciled Depreciation": 3037000.0,
        "Reconciled Cost Of Revenue": 48427000.0,
        "EBITDA": 5171000.0,
        "EBIT": 2134000.0,
        "Net Interest Income": -4168000.0,
        "Interest Expense": 5350000.0,
        "Interest Income": 1182000.0,
        "Normalized Income": -631510.0,
        "Net Income From Continuing And Discontinued Operation": 1240000.0,
        "Total Expenses": 86287000.0,
        "Total Operating Income As Reported": -1884000.0,
        "Diluted Average Shares": 96182000.0,
        "Basic Average Shares": 94642000.0,
        "Diluted EPS": 0.01,
        "Basic EPS": 0.01,
        "Diluted NI Availto Com Stockholders": 1240000.0,
        "Net Income Common Stockholders": 1240000.0,
        "Net Income": 1240000.0,
        "Net Income Including Noncontrolling Interests": 1240000.0,
        "Net Income Continuous Operations": 1240000.0,
        "Tax Provision": -4456000.0,
        "Pretax Income": -3216000.0,
        "Other Income Expense": 2836000.0,
        "Other Non Operating Income Expenses": 467000.0,
        "Special Income Charges": NaN,
        "Other Special Charges": NaN,
        "Gain On Sale Of Security": -359000.0,
        "Net Non Operating Interest Income Expense": -4168000.0,
        "Interest Expense Non Operating": 5350000.0,
        "Interest Income Non Operating": 1182000.0,
        "Operating Income": -1884000.0,
        "Operating Expense": 37860000.0,
        "Research And Development": 17698000.0,
        "Selling General And Administration": 20162000.0,
        "General And Administrative Expense": NaN,
        "Other Gand A": NaN,
        "Salaries And Wages": NaN,
        "Gross Profit": 35976000.0,
        "Cost Of Revenue": 48427000.0,
        "Total Revenue": 84403000.0,
        "Operating Revenue": 84403000.0
    },
    "2022-09-30": {
        "Tax Effect Of Unusual Items": 60123.546646,
        "Tax Rate For Calcs": 0.03889,
        "Normalized EBITDA": -29209000.0,
        "Total Unusual Items": 1546000.0,
        "Total Unusual Items Excluding Goodwill": 1546000.0,
        "Net Income From Continuing Operation Net Minority Interest": -31164000.0,
        "Reconciled Depreciation": 3196000.0,
        "Reconciled Cost Of Revenue": 52523000.0,
        "EBITDA": -27663000.0,
        "EBIT": -27663000.0,
        "Net Interest Income": -3952000.0,
        "Interest Expense": 4762000.0,
        "Interest Income": 810000.0,
        "Normalized Income": -32649876.453354,
        "Net Income From Continuing And Discontinued Operation": -31164000.0,
        "Total Expenses": 97024000.0,
        "Total Operating Income As Reported": -30125000.0,
        "Diluted Average Shares": 94512000.0,
        "Basic Average Shares": 94512000.0,
        "Diluted EPS": -0.33,
        "Basic EPS": -0.33,
        "Diluted NI Availto Com Stockholders": -31164000.0,
        "Net Income Common Stockholders": -31164000.0,
        "Net Income": -31164000.0,
        "Net Income Including Noncontrolling Interests": -31164000.0,
        "Net Income Continuous Operations": -31164000.0,
        "Tax Provision": -1261000.0,
        "Pretax Income": -32425000.0,
        "Other Income Expense": 1652000.0,
        "Other Non Operating Income Expenses": 106000.0,
        "Special Income Charges": NaN,
        "Other Special Charges": NaN,
        "Gain On Sale Of Security": 1546000.0,
        "Net Non Operating Interest Income Expense": -3952000.0,
        "Interest Expense Non Operating": 4762000.0,
        "Interest Income Non Operating": 810000.0,
        "Operating Income": -30125000.0,
        "Operating Expense": 44501000.0,
        "Research And Development": 22059000.0,
        "Selling General And Administration": 22442000.0,
        "General And Administrative Expense": NaN,
        "Other Gand A": NaN,
        "Salaries And Wages": NaN,
        "Gross Profit": 14376000.0,
        "Cost Of Revenue": 52523000.0,
        "Total Revenue": 66899000.0,
        "Operating Revenue": 66899000.0
    },
    "2022-06-30": {
        "Tax Effect Of Unusual Items": 158339.527924,
        "Tax Rate For Calcs": 0.194044,
        "Normalized EBITDA": -14188000.0,
        "Total Unusual Items": 816000.0,
        "Total Unusual Items Excluding Goodwill": 816000.0,
        "Net Income From Continuing Operation Net Minority Interest": -16697000.0,
        "Reconciled Depreciation": 3525000.0,
        "Reconciled Cost Of Revenue": 44201000.0,
        "EBITDA": -13372000.0,
        "EBIT": -16897000.0,
        "Net Interest Income": -3546000.0,
        "Interest Expense": 3820000.0,
        "Interest Income": 274000.0,
        "Normalized Income": -17354660.472076,
        "Net Income From Continuing And Discontinued Operation": -16697000.0,
        "Total Expenses": 88984000.0,
        "Total Operating Income As Reported": -18148000.0,
        "Diluted Average Shares": 92504000.0,
        "Basic Average Shares": 92504000.0,
        "Diluted EPS": -0.18,
        "Basic EPS": -0.18,
        "Diluted NI Availto Com Stockholders": -16697000.0,
        "Net Income Common Stockholders": -16697000.0,
        "Net Income": -16697000.0,
        "Net Income Including Noncontrolling Interests": -16697000.0,
        "Net Income Continuous Operations": -16697000.0,
        "Tax Provision": -4020000.0,
        "Pretax Income": -20717000.0,
        "Other Income Expense": 977000.0,
        "Other Non Operating Income Expenses": 161000.0,
        "Special Income Charges": NaN,
        "Other Special Charges": NaN,
        "Gain On Sale Of Security": 816000.0,
        "Net Non Operating Interest Income Expense": -3546000.0,
        "Interest Expense Non Operating": 3820000.0,
        "Interest Income Non Operating": 274000.0,
        "Operating Income": -18148000.0,
        "Operating Expense": 44783000.0,
        "Research And Development": 22813000.0,
        "Selling General And Administration": 21970000.0,
        "General And Administrative Expense": NaN,
        "Other Gand A": NaN,
        "Salaries And Wages": NaN,
        "Gross Profit": 26635000.0,
        "Cost Of Revenue": 44201000.0,
        "Total Revenue": 70836000.0,
        "Operating Revenue": 70836000.0
    },
    "2022-03-31": {
        "Diluted EPS": -0.39,
        "Total Revenue": 64,
        "Gross Profit": 27,
        "Operating Income": -18,
        "EBIT": -15,
        "Net Income": -33
    },
    "2021-12-31": {
        "Diluted EPS": 0.03,
        "Total Revenue": 105,
        "Gross Profit": 46,
        "Operating Income": 4,
        "EBIT": 8,
        "Net Income": 2
    },
    "2021-09-30": {
        "Diluted EPS": -0.01,
        "Total Revenue": 99,
        "Gross Profit": 41,
        "Operating Income": -2,
        "EBIT": 2,
        "Net Income": -1
    },
    "2021-06-30": {
        "Diluted EPS": -0.04,
        "Total Revenue": 93,
        "Gross Profit": 46,
        "Operating Income": 4,
        "EBIT": 8,
        "Net Income": -3
    },
    "2021-03-31": {
        "Diluted EPS": 0.06,
        "Total Revenue": 104,
        "Gross Profit": 56,
        "Operating Income": 13,
        "EBIT": 17,
        "Net Income": 6
    },
    "2020-12-31": {
        "Diluted EPS": 0.28,
        "Total Revenue": 121,
        "Gross Profit": 62,
        "Operating Income": 17,
        "EBIT": 22,
        "Net Income": 23
    },
    "2020-09-30": {
        "Diluted EPS": 0.04,
        "Total Revenue": 106,
        "Gross Profit": 53,
        "Operating Income": 9,
        "EBIT": 14,
        "Net Income": 3
    },
    "2020-06-30": {
        "Diluted EPS": -0.04,
        "Total Revenue": 83,
        "Gross Profit": 43,
        "Operating Income": 1,
        "EBIT": 6,
        "Net Income": -3
    },
    "2020-03-31": {
        "Diluted EPS": 0.01,
        "Total Revenue": 84,
        "Gross Profit": 43,
        "Operating Income": -4,
        "EBIT": 1,
        "Net Income": 1
    },
    "2019-12-31": {
        "Diluted EPS": -0.3,
        "Total Revenue": 113,
        "Gross Profit": 60,
        "Operating Income": 10,
        "EBIT": 15,
        "Net Income": -26
    },
    "2019-09-30": {
        "Diluted EPS": -0.1,
        "Total Revenue": 82,
        "Gross Profit": 39,
        "Operating Income": -9,
        "EBIT": -4,
        "Net Income": -8
    },
    "2019-06-30": {
        "Diluted EPS": 0.01,
        "Total Revenue": 52,
        "Gross Profit": 39,
        "Operating Income": 4,
        "EBIT": 6,
        "Net Income": 1
    },
    "2019-03-31": {
        "Diluted EPS": -0.18,
        "Total Revenue": 35,
        "Gross Profit": 24,
        "Operating Income": -14,
        "EBIT": -12,
        "Net Income": -15
    },
    "2018-12-31": {
        "Diluted EPS": 0.16,
        "Total Revenue": 68,
        "Gross Profit": 50,
        "Operating Income": 17,
        "EBIT": 19,
        "Net Income": 15
    },
    "2018-09-30": {
        "Diluted EPS": 0.21,
        "Total Revenue": 72,
        "Gross Profit": 57,
        "Operating Income": 23,
        "EBIT": 25,
        "Net Income": 19
    },
    "2018-06-30": {
        "Diluted EPS": 0.23,
        "Total Revenue": 69,
        "Gross Profit": 49,
        "Operating Income": 17,
        "EBIT": 19,
        "Net Income": 21
    },
    "2018-03-31": {
        "Diluted EPS": 0.19,
        "Total Revenue": 89,
        "Gross Profit": 62,
        "Operating Income": 23,
        "EBIT": 25,
        "Net Income": 18
    },
    "2017-12-31": {
        "Diluted EPS": 0.74,
        "Total Revenue": 118,
        "Gross Profit": 91,
        "Operating Income": 54,
        "EBIT": 57,
        "Net Income": 102
    },
    "2017-09-30": {
        "Diluted EPS": 0.27,
        "Total Revenue": 94,
        "Gross Profit": 69,
        "Operating Income": 40,
        "EBIT": 42,
        "Net Income": 10
    },
    "2017-06-30": {
        "Diluted EPS": -0.95,
        "Total Revenue": 67,
        "Gross Profit": 46,
        "Operating Income": 19,
        "EBIT": 21,
        "Net Income": -32
    },
    "2017-03-31": {
        "Diluted EPS": 0.2,
        "Total Revenue": 73,
        "Gross Profit": 52,
        "Operating Income": 23,
        "EBIT": 25,
        "Net Income": 8
    },
    "2016-12-31": {
        "Diluted EPS": 0.0,
        "Total Revenue": NaN,
        "Gross Profit": NaN,
        "Operating Income": NaN,
        "EBIT": NaN,
        "Net Income": NaN
    },
    "2016-09-30": {
        "Diluted EPS": 0.0,
        "Total Revenue": NaN,
        "Gross Profit": NaN,
        "Operating Income": NaN,
        "EBIT": NaN,
        "Net Income": NaN
    },
    "2015-12-31": {
        "Diluted EPS": 0.0,
        "Total Revenue": NaN,
        "Gross Profit": NaN,
        "Operating Income": NaN,
        "EBIT": NaN,
        "Net Income": NaN
    },
    "2014-12-31": {
        "Diluted EPS": 0.0,
        "Total Revenue": NaN,
        "Gross Profit": NaN,
        "Operating Income": NaN,
        "EBIT": NaN,
        "Net Income": NaN
    },
    "2023-06-30": {
        "Tax Effect Of Unusual Items": -5937750.0,
        "Tax Rate For Calcs": 0.21,
        "Normalized EBITDA": -12872000.0,
        "Total Unusual Items": -28275000.0,
        "Total Unusual Items Excluding Goodwill": -28275000.0,
        "Net Income From Continuing Operation Net Minority Interest": -51136000.0,
        "Reconciled Depreciation": 2853000.0,
        "Reconciled Cost Of Revenue": 34187000.0,
        "EBITDA": -41147000.0,
        "EBIT": -44000000.0,
        "Net Interest Income": -5123000.0,
        "Interest Expense": 5976000.0,
        "Interest Income": 853000.0,
        "Normalized Income": -28798750.0,
        "Net Income From Continuing And Discontinued Operation": -51136000.0,
        "Total Expenses": 75158000.0,
        "Total Operating Income As Reported": -17155000.0,
        "Diluted Average Shares": 96816000.0,
        "Basic Average Shares": 96816000.0,
        "Diluted EPS": -0.53,
        "Basic EPS": -0.53,
        "Diluted NI Availto Com Stockholders": -51136000.0,
        "Net Income Common Stockholders": -51136000.0,
        "Net Income": -51136000.0,
        "Net Income Including Noncontrolling Interests": -51136000.0,
        "Net Income Continuous Operations": -51136000.0,
        "Tax Provision": 1160000.0,
        "Pretax Income": -49976000.0,
        "Other Income Expense": -27698000.0,
        "Other Non Operating Income Expenses": 577000.0,
        "Special Income Charges": -28955000.0,
        "Other Special Charges": 28955000.0,
        "Gain On Sale Of Security": 680000.0,
        "Net Non Operating Interest Income Expense": -5123000.0,
        "Interest Expense Non Operating": 5976000.0,
        "Interest Income Non Operating": 853000.0,
        "Operating Income": -17155000.0,
        "Operating Expense": 40971000.0,
        "Research And Development": 19986000.0,
        "Selling General And Administration": 20985000.0,
        "General And Administrative Expense": 20985000.0,
        "Other Gand A": 19740000.0,
        "Salaries And Wages": 1245000.0,
        "Gross Profit": 23816000.0,
        "Cost Of Revenue": 34187000.0,
        "Total Revenue": 58003000.0,
        "Operating Revenue": 58003000.0
    },
    "2023-09-30": {
        "Tax Effect Of Unusual Items": 763350.0,
        "Tax Rate For Calcs": 0.21,
        "Normalized EBITDA": -14988000.0,
        "Total Unusual Items": 3635000.0,
        "Total Unusual Items Excluding Goodwill": 3635000.0,
        "Net Income From Continuing Operation Net Minority Interest": -25618000.0,
        "Reconciled Depreciation": 2757000.0,
        "Reconciled Cost Of Revenue": 36198000.0,
        "EBITDA": -11353000.0,
        "EBIT": -14110000.0,
        "Net Interest Income": -10100000.0,
        "Interest Expense": 10712000.0,
        "Interest Income": 612000.0,
        "Normalized Income": -28489650.0,
        "Net Income From Continuing And Discontinued Operation": -25618000.0,
        "Total Expenses": 80493000.0,
        "Total Operating Income As Reported": -18404000.0,
        "Diluted Average Shares": 97488000.0,
        "Basic Average Shares": 97488000.0,
        "Diluted EPS": -0.26,
        "Basic EPS": -0.26,
        "Diluted NI Availto Com Stockholders": -25618000.0,
        "Net Income Common Stockholders": -25618000.0,
        "Net Income": -25618000.0,
        "Net Income Including Noncontrolling Interests": -25618000.0,
        "Net Income Continuous Operations": -25618000.0,
        "Tax Provision": 796000.0,
        "Pretax Income": -24822000.0,
        "Other Income Expense": 3682000.0,
        "Other Non Operating Income Expenses": 47000.0,
        "Special Income Charges": 0.0,
        "Other Special Charges": NaN,
        "Gain On Sale Of Security": 3635000.0,
        "Net Non Operating Interest Income Expense": -10100000.0,
        "Interest Expense Non Operating": 10712000.0,
        "Interest Income Non Operating": 612000.0,
        "Operating Income": -18404000.0,
        "Operating Expense": 44295000.0,
        "Research And Development": 17121000.0,
        "Selling General And Administration": 27174000.0,
        "General And Administrative Expense": NaN,
        "Other Gand A": NaN,
        "Salaries And Wages": NaN,
        "Gross Profit": 25891000.0,
        "Cost Of Revenue": 36198000.0,
        "Total Revenue": 62089000.0,
        "Operating Revenue": 62089000.0
    }
}