{
    "2023-06-30": {
        "Tax Effect Of Unusual Items": NaN,
        "Tax Rate For Calcs": NaN,
        "Total Unusual Items": NaN,
        "Total Unusual Items Excluding Goodwill": NaN,
        "Net Income From Continuing Operation Net Minority Interest": NaN,
        "Reconciled Depreciation": NaN,
        "Net Interest Income": NaN,
        "Interest Expense": NaN,
        "Interest Income": NaN,
        "Normalized Income": NaN,
        "Net Income From Continuing And Discontinued Operation": NaN,
        "Diluted Average Shares": NaN,
        "Basic Average Shares": NaN,
        "Diluted EPS": NaN,
        "Basic EPS": NaN,
        "Diluted NI Availto Com Stockholders": NaN,
        "Average Dilution Earnings": NaN,
        "Net Income Common Stockholders": NaN,
        "Otherunder Preferred Stock Dividend": NaN,
        "Net Income": NaN,
        "Minority Interests": NaN,
        "Net Income Including Noncontrolling Interests": NaN,
        "Net Income Continuous Operations": NaN,
        "Tax Provision": NaN,
        "Pretax Income": NaN,
        "Special Income Charges": NaN,
        "Gain On Sale Of Business": NaN,
        "Other Special Charges": NaN,
        "Write Off": NaN,
        "Gain On Sale Of Security": 9000.0,
        "Depreciation Amortization Depletion Income Statement": NaN,
        "Depreciation And Amortization In Income Statement": NaN,
        "Amortization": NaN,
        "Amortization Of Intangibles Income Statement": NaN,
        "Depreciation Income Statement": NaN,
        "Selling General And Administration": NaN,
        "General And Administrative Expense": NaN,
        "Salaries And Wages": NaN,
        "Total Revenue": NaN,
        "Operating Revenue": NaN,
        "Occupancy And Equipment": NaN,
        "Professional Expense And Contract Services Expense": NaN,
        "Other Non Interest Expense": NaN
    },
    "2023-03-31": {
        "Tax Effect Of Unusual Items": NaN,
        "Tax Rate For Calcs": NaN,
        "Total Unusual Items": NaN,
        "Total Unusual Items Excluding Goodwill": NaN,
        "Net Income From Continuing Operation Net Minority Interest": NaN,
        "Reconciled Depreciation": NaN,
        "Net Interest Income": NaN,
        "Interest Expense": NaN,
        "Interest Income": NaN,
        "Normalized Income": NaN,
        "Net Income From Continuing And Discontinued Operation": NaN,
        "Diluted Average Shares": NaN,
        "Basic Average Shares": NaN,
        "Diluted EPS": NaN,
        "Basic EPS": NaN,
        "Diluted NI Availto Com Stockholders": NaN,
        "Average Dilution Earnings": NaN,
        "Net Income Common Stockholders": NaN,
        "Otherunder Preferred Stock Dividend": NaN,
        "Net Income": NaN,
        "Minority Interests": NaN,
        "Net Income Including Noncontrolling Interests": NaN,
        "Net Income Continuous Operations": NaN,
        "Tax Provision": NaN,
        "Pretax Income": NaN,
        "Special Income Charges": NaN,
        "Other Special Charges": NaN,
        "Write Off": NaN,
        "Gain On Sale Of Security": 82000.0,
        "Depreciation Amortization Depletion Income Statement": NaN,
        "Depreciation And Amortization In Income Statement": NaN,
        "Amortization": NaN,
        "Amortization Of Intangibles Income Statement": NaN,
        "Depreciation Income Statement": NaN,
        "Selling General And Administration": NaN,
        "General And Administrative Expense": NaN,
        "Salaries And Wages": NaN,
        "Total Revenue": NaN,
        "Operating Revenue": NaN,
        "Occupancy And Equipment": NaN,
        "Professional Expense And Contract Services Expense": NaN,
        "Other Non Interest Expense": NaN
    },
    "2022-12-31": {
        "Tax Effect Of Unusual Items": NaN,
        "Tax Rate For Calcs": NaN,
        "Total Unusual Items": NaN,
        "Total Unusual Items Excluding Goodwill": NaN,
        "Net Income From Continuing Operation Net Minority Interest": NaN,
        "Reconciled Depreciation": NaN,
        "Net Interest Income": NaN,
        "Interest Expense": NaN,
        "Interest Income": NaN,
        "Normalized Income": NaN,
        "Net Income From Continuing And Discontinued Operation": NaN,
        "Diluted Average Shares": NaN,
        "Basic Average Shares": NaN,
        "Diluted EPS": NaN,
        "Basic EPS": NaN,
        "Diluted NI Availto Com Stockholders": NaN,
        "Average Dilution Earnings": NaN,
        "Net Income Common Stockholders": NaN,
        "Otherunder Preferred Stock Dividend": NaN,
        "Net Income": NaN,
        "Minority Interests": NaN,
        "Net Income Including Noncontrolling Interests": NaN,
        "Net Income Continuous Operations": NaN,
        "Tax Provision": NaN,
        "Pretax Income": NaN,
        "Special Income Charges": NaN,
        "Other Special Charges": -10000000.0,
        "Write Off": NaN,
        "Gain On Sale Of Security": 0.0,
        "Depreciation Amortization Depletion Income Statement": NaN,
        "Depreciation And Amortization In Income Statement": NaN,
        "Amortization": NaN,
        "Amortization Of Intangibles Income Statement": NaN,
        "Depreciation Income Statement": NaN,
        "Selling General And Administration": NaN,
        "General And Administrative Expense": NaN,
        "Salaries And Wages": NaN,
        "Total Revenue": NaN,
        "Operating Revenue": NaN,
        "Occupancy And Equipment": NaN,
        "Professional Expense And Contract Services Expense": NaN,
        "Other Non Interest Expense": NaN
    },
    "2022-09-30": {
        "Tax Effect Of Unusual Items": NaN,
        "Tax Rate For Calcs": NaN,
        "Total Unusual Items": NaN,
        "Total Unusual Items Excluding Goodwill": NaN,
        "Net Income From Continuing Operation Net Minority Interest": NaN,
        "Reconciled Depreciation": NaN,
        "Net Interest Income": NaN,
        "Interest Expense": NaN,
        "Interest Income": NaN,
        "Normalized Income": NaN,
        "Net Income From Continuing And Discontinued Operation": NaN,
        "Diluted Average Shares": NaN,
        "Basic Average Shares": NaN,
        "Diluted EPS": NaN,
        "Basic EPS": NaN,
        "Diluted NI Availto Com Stockholders": NaN,
        "Average Dilution Earnings": NaN,
        "Net Income Common Stockholders": NaN,
        "Otherunder Preferred Stock Dividend": NaN,
        "Net Income": NaN,
        "Minority Interests": NaN,
        "Net Income Including Noncontrolling Interests": NaN,
        "Net Income Continuous Operations": NaN,
        "Tax Provision": NaN,
        "Pretax Income": NaN,
        "Special Income Charges": NaN,
        "Other Special Charges": 0.0,
        "Write Off": NaN,
        "Gain On Sale Of Security": -1882000.0,
        "Depreciation Amortization Depletion Income Statement": NaN,
        "Depreciation And Amortization In Income Statement": NaN,
        "Amortization": NaN,
        "Amortization Of Intangibles Income Statement": NaN,
        "Depreciation Income Statement": NaN,
        "Selling General And Administration": NaN,
        "General And Administrative Expense": NaN,
        "Salaries And Wages": NaN,
        "Total Revenue": NaN,
        "Operating Revenue": NaN
    },
    "2022-06-30": {
        "Tax Effect Of Unusual Items": 128594.0,
        "Tax Rate For Calcs": 0.226,
        "Total Unusual Items": 569000.0,
        "Total Unusual Items Excluding Goodwill": 569000.0,
        "Net Income From Continuing Operation Net Minority Interest": 22391000.0,
        "Reconciled Depreciation": 10677000.0,
        "Net Interest Income": 72151000.0,
        "Interest Expense": 1755000.0,
        "Interest Income": 73906000.0,
        "Normalized Income": 21950594.0,
        "Net Income From Continuing And Discontinued Operation": 22391000.0,
        "Diluted Average Shares": 28868136.0,
        "Basic Average Shares": 28868136.0,
        "Diluted EPS": 0.76,
        "Basic EPS": 0.76,
        "Diluted NI Availto Com Stockholders": 22014000.0,
        "Average Dilution Earnings": 0.0,
        "Net Income Common Stockholders": 22014000.0,
        "Otherunder Preferred Stock Dividend": 377000.0,
        "Net Income": 22391000.0,
        "Minority Interests": -1448000.0,
        "Net Income Including Noncontrolling Interests": 23839000.0,
        "Net Income Continuous Operations": 23839000.0,
        "Tax Provision": 6958000.0,
        "Pretax Income": 30797000.0,
        "Special Income Charges": -670000.0,
        "Other Special Charges": NaN,
        "Write Off": 670000.0,
        "Gain On Sale Of Security": 198000.0,
        "Depreciation Amortization Depletion Income Statement": 10677000.0,
        "Depreciation And Amortization In Income Statement": 10677000.0,
        "Amortization": 1532000.0,
        "Amortization Of Intangibles Income Statement": 1532000.0,
        "Depreciation Income Statement": 9145000.0,
        "Selling General And Administration": 45091000.0,
        "General And Administrative Expense": 45091000.0,
        "Salaries And Wages": 45091000.0,
        "Total Revenue": 115279000.0,
        "Operating Revenue": 115279000.0
    },
    "2022-03-31": {
        "Diluted EPS": 1.66,
        "Total Revenue": 195,
        "Gross Profit": 194,
        "Operating Income": 58,
        "EBIT": NaN,
        "Net Income": 48
    },
    "2021-12-31": {
        "Diluted EPS": 2.0,
        "Total Revenue": 159,
        "Gross Profit": 158,
        "Operating Income": 76,
        "EBIT": NaN,
        "Net Income": 60
    },
    "2021-09-30": {
        "Diluted EPS": 0.49,
        "Total Revenue": 122,
        "Gross Profit": 120,
        "Operating Income": 18,
        "EBIT": NaN,
        "Net Income": 16
    },
    "2021-06-30": {
        "Diluted EPS": 1.21,
        "Total Revenue": 132,
        "Gross Profit": 131,
        "Operating Income": 45,
        "EBIT": NaN,
        "Net Income": 38
    },
    "2021-03-31": {
        "Diluted EPS": 1.84,
        "Total Revenue": 189,
        "Gross Profit": 187,
        "Operating Income": 62,
        "EBIT": NaN,
        "Net Income": 58
    },
    "2020-12-31": {
        "Diluted EPS": 0.84,
        "Total Revenue": 114,
        "Gross Profit": 111,
        "Operating Income": 34,
        "EBIT": NaN,
        "Net Income": 27
    },
    "2020-09-30": {
        "Diluted EPS": 0.4,
        "Total Revenue": 109,
        "Gross Profit": 105,
        "Operating Income": 17,
        "EBIT": NaN,
        "Net Income": 12
    },
    "2020-06-30": {
        "Diluted EPS": 0.53,
        "Total Revenue": 108,
        "Gross Profit": 103,
        "Operating Income": 17,
        "EBIT": NaN,
        "Net Income": 18
    },
    "2020-03-31": {
        "Diluted EPS": 1.45,
        "Total Revenue": 200,
        "Gross Profit": 188,
        "Operating Income": 60,
        "EBIT": NaN,
        "Net Income": 51
    },
    "2019-12-31": {
        "Diluted EPS": 0.56,
        "Total Revenue": 115,
        "Gross Profit": 102,
        "Operating Income": 23,
        "EBIT": NaN,
        "Net Income": 21
    },
    "2019-09-30": {
        "Diluted EPS": 0.54,
        "Total Revenue": 117,
        "Gross Profit": 102,
        "Operating Income": 21,
        "EBIT": NaN,
        "Net Income": 18
    },
    "2019-06-30": {
        "Diluted EPS": 0.75,
        "Total Revenue": 125,
        "Gross Profit": 111,
        "Operating Income": 29,
        "EBIT": NaN,
        "Net Income": 29
    },
    "2019-03-31": {
        "Diluted EPS": 0.81,
        "Total Revenue": 193,
        "Gross Profit": 176,
        "Operating Income": 42,
        "EBIT": NaN,
        "Net Income": 32
    },
    "2018-12-31": {
        "Diluted EPS": 0.39,
        "Total Revenue": 113,
        "Gross Profit": 98,
        "Operating Income": 15,
        "EBIT": NaN,
        "Net Income": 15
    },
    "2018-09-30": {
        "Diluted EPS": 0.2,
        "Total Revenue": 85,
        "Gross Profit": 73,
        "Operating Income": 2,
        "EBIT": NaN,
        "Net Income": 9
    },
    "2018-06-30": {
        "Diluted EPS": 0.23,
        "Total Revenue": 67,
        "Gross Profit": 62,
        "Operating Income": 7,
        "EBIT": NaN,
        "Net Income": 7
    },
    "2018-03-31": {
        "Diluted EPS": 1.08,
        "Total Revenue": 131,
        "Gross Profit": 125,
        "Operating Income": 38,
        "EBIT": NaN,
        "Net Income": 31
    },
    "2017-12-31": {
        "Diluted EPS": 0.16,
        "Total Revenue": 60,
        "Gross Profit": 55,
        "Operating Income": 10,
        "EBIT": NaN,
        "Net Income": 5
    },
    "2017-09-30": {
        "Diluted EPS": 0.08,
        "Total Revenue": 59,
        "Gross Profit": 54,
        "Operating Income": 11,
        "EBIT": NaN,
        "Net Income": 2
    },
    "2017-06-30": {
        "Diluted EPS": 0.35,
        "Total Revenue": 60,
        "Gross Profit": 56,
        "Operating Income": 12,
        "EBIT": NaN,
        "Net Income": 10
    },
    "2017-03-31": {
        "Diluted EPS": 1.14,
        "Total Revenue": 120,
        "Gross Profit": 116,
        "Operating Income": 41,
        "EBIT": NaN,
        "Net Income": 32
    },
    "2016-12-31": {
        "Diluted EPS": 0.05,
        "Total Revenue": 42,
        "Gross Profit": 39,
        "Operating Income": 2,
        "EBIT": NaN,
        "Net Income": 1
    },
    "2016-09-30": {
        "Diluted EPS": 0.23,
        "Total Revenue": 41,
        "Gross Profit": 39,
        "Operating Income": 7,
        "EBIT": NaN,
        "Net Income": 6
    },
    "2016-06-30": {
        "Diluted EPS": 0.35,
        "Total Revenue": 45,
        "Gross Profit": 44,
        "Operating Income": 10,
        "EBIT": NaN,
        "Net Income": 9
    },
    "2016-03-31": {
        "Diluted EPS": 0.56,
        "Total Revenue": 62,
        "Gross Profit": 61,
        "Operating Income": 18,
        "EBIT": NaN,
        "Net Income": 14
    },
    "2015-12-31": {
        "Diluted EPS": 0.16,
        "Total Revenue": 35,
        "Gross Profit": 34,
        "Operating Income": 4,
        "EBIT": NaN,
        "Net Income": 4
    },
    "2015-09-30": {
        "Diluted EPS": 0.21,
        "Total Revenue": 31,
        "Gross Profit": 31,
        "Operating Income": 6,
        "EBIT": NaN,
        "Net Income": 5
    },
    "2015-06-30": {
        "Diluted EPS": 0.22,
        "Total Revenue": 31,
        "Gross Profit": 30,
        "Operating Income": 5,
        "EBIT": NaN,
        "Net Income": 5
    },
    "2015-03-31": {
        "Diluted EPS": 0.26,
        "Total Revenue": 31,
        "Gross Profit": 30,
        "Operating Income": 6,
        "EBIT": NaN,
        "Net Income": 5
    },
    "2014-12-31": {
        "Diluted EPS": 0.19,
        "Total Revenue": 27,
        "Gross Profit": 26,
        "Operating Income": 4,
        "EBIT": NaN,
        "Net Income": 4
    },
    "2014-09-30": {
        "Diluted EPS": 0.18,
        "Total Revenue": 25,
        "Gross Profit": 25,
        "Operating Income": 4,
        "EBIT": NaN,
        "Net Income": 3
    },
    "2014-06-30": {
        "Diluted EPS": 0.23,
        "Total Revenue": 25,
        "Gross Profit": 24,
        "Operating Income": 5,
        "EBIT": NaN,
        "Net Income": 4
    },
    "2014-03-31": {
        "Diluted EPS": 0.22,
        "Total Revenue": 25,
        "Gross Profit": 25,
        "Operating Income": 5,
        "EBIT": NaN,
        "Net Income": 4
    },
    "2013-12-31": {
        "Diluted EPS": 0.22,
        "Total Revenue": 25,
        "Gross Profit": 24,
        "Operating Income": 5,
        "EBIT": NaN,
        "Net Income": 4
    },
    "2013-09-30": {
        "Diluted EPS": 0.19,
        "Total Revenue": 23,
        "Gross Profit": 23,
        "Operating Income": 5,
        "EBIT": NaN,
        "Net Income": 3
    },
    "2013-06-30": {
        "Diluted EPS": 0.22,
        "Total Revenue": 23,
        "Gross Profit": 23,
        "Operating Income": 5,
        "EBIT": NaN,
        "Net Income": 4
    },
    "2013-03-31": {
        "Diluted EPS": 0.19,
        "Total Revenue": 25,
        "Gross Profit": 24,
        "Operating Income": 4,
        "EBIT": NaN,
        "Net Income": 3
    },
    "2012-12-31": {
        "Diluted EPS": 0.19,
        "Total Revenue": 23,
        "Gross Profit": 22,
        "Operating Income": 4,
        "EBIT": NaN,
        "Net Income": 3
    },
    "2012-09-30": {
        "Diluted EPS": 0.06,
        "Total Revenue": 22,
        "Gross Profit": 21,
        "Operating Income": 2,
        "EBIT": NaN,
        "Net Income": 2
    },
    "2012-06-30": {
        "Diluted EPS": 0.22,
        "Total Revenue": 23,
        "Gross Profit": 22,
        "Operating Income": 4,
        "EBIT": NaN,
        "Net Income": 2
    },
    "2012-03-31": {
        "Diluted EPS": 1.03,
        "Total Revenue": 37,
        "Gross Profit": 36,
        "Operating Income": 16,
        "EBIT": NaN,
        "Net Income": 10
    },
    "2011-12-31": {
        "Diluted EPS": 0.32,
        "Total Revenue": 25,
        "Gross Profit": 24,
        "Operating Income": 5,
        "EBIT": NaN,
        "Net Income": 3
    },
    "2011-09-30": {
        "Diluted EPS": 0.24,
        "Total Revenue": 24,
        "Gross Profit": 23,
        "Operating Income": 3,
        "EBIT": NaN,
        "Net Income": 2
    },
    "2011-06-30": {
        "Diluted EPS": -0.11,
        "Total Revenue": 19,
        "Gross Profit": 18,
        "Operating Income": -2,
        "EBIT": NaN,
        "Net Income": -1
    },
    "2011-03-31": {
        "Diluted EPS": 0.29,
        "Total Revenue": 29,
        "Gross Profit": 28,
        "Operating Income": 4,
        "EBIT": NaN,
        "Net Income": 3
    },
    "2010-12-31": {
        "Diluted EPS": 0.08,
        "Total Revenue": 25,
        "Gross Profit": 24,
        "Operating Income": 2,
        "EBIT": NaN,
        "Net Income": 1
    },
    "2010-09-30": {
        "Diluted EPS": 0.27,
        "Total Revenue": 28,
        "Gross Profit": 27,
        "Operating Income": 4,
        "EBIT": NaN,
        "Net Income": 2
    },
    "2010-06-30": {
        "Diluted EPS": 0.37,
        "Total Revenue": 29,
        "Gross Profit": 27,
        "Operating Income": 6,
        "EBIT": NaN,
        "Net Income": 4
    },
    "2010-03-31": {
        "Diluted EPS": 0.58,
        "Total Revenue": 48,
        "Gross Profit": 47,
        "Operating Income": 8,
        "EBIT": NaN,
        "Net Income": 5
    },
    "2009-12-31": {
        "Diluted EPS": 0.15,
        "Total Revenue": 31,
        "Gross Profit": 29,
        "Operating Income": 2,
        "EBIT": NaN,
        "Net Income": 1
    },
    "2009-09-30": {
        "Diluted EPS": -0.09,
        "Total Revenue": 23,
        "Gross Profit": 21,
        "Operating Income": -1,
        "EBIT": NaN,
        "Net Income": -1
    },
    "2009-06-30": {
        "Diluted EPS": -0.33,
        "Total Revenue": 25,
        "Gross Profit": 23,
        "Operating Income": -4,
        "EBIT": NaN,
        "Net Income": -3
    },
    "2009-03-31": {
        "Diluted EPS": 0.15,
        "Total Revenue": 44,
        "Gross Profit": 42,
        "Operating Income": 2,
        "EBIT": NaN,
        "Net Income": 1
    },
    "2023-09-30": {
        "Tax Effect Of Unusual Items": NaN,
        "Tax Rate For Calcs": NaN,
        "Total Unusual Items": NaN,
        "Total Unusual Items Excluding Goodwill": NaN,
        "Net Income From Continuing Operation Net Minority Interest": NaN,
        "Reconciled Depreciation": NaN,
        "Net Interest Income": NaN,
        "Interest Expense": NaN,
        "Interest Income": NaN,
        "Normalized Income": NaN,
        "Net Income From Continuing And Discontinued Operation": NaN,
        "Diluted Average Shares": 25991449.0,
        "Basic Average Shares": 25883807.0,
        "Diluted EPS": 1.36,
        "Basic EPS": 1.37,
        "Diluted NI Availto Com Stockholders": NaN,
        "Average Dilution Earnings": 2000.0,
        "Net Income Common Stockholders": NaN,
        "Otherunder Preferred Stock Dividend": NaN,
        "Net Income": NaN,
        "Minority Interests": NaN,
        "Net Income Including Noncontrolling Interests": NaN,
        "Net Income Continuous Operations": NaN,
        "Tax Provision": NaN,
        "Pretax Income": NaN,
        "Special Income Charges": NaN,
        "Gain On Sale Of Business": NaN,
        "Other Special Charges": 0.0,
        "Write Off": 0.0,
        "Gain On Sale Of Security": 0.0,
        "Depreciation Amortization Depletion Income Statement": NaN,
        "Depreciation And Amortization In Income Statement": NaN,
        "Amortization": NaN,
        "Amortization Of Intangibles Income Statement": NaN,
        "Depreciation Income Statement": NaN,
        "Selling General And Administration": NaN,
        "General And Administrative Expense": NaN,
        "Salaries And Wages": NaN,
        "Total Revenue": NaN,
        "Operating Revenue": NaN,
        "Occupancy And Equipment": NaN,
        "Professional Expense And Contract Services Expense": NaN,
        "Other Non Interest Expense": NaN
    },
    "2023-12-31": {
        "Tax Effect Of Unusual Items": NaN,
        "Tax Rate For Calcs": NaN,
        "Total Unusual Items": NaN,
        "Total Unusual Items Excluding Goodwill": NaN,
        "Net Income From Continuing Operation Net Minority Interest": NaN,
        "Reconciled Depreciation": NaN,
        "Net Interest Income": NaN,
        "Interest Expense": NaN,
        "Interest Income": NaN,
        "Normalized Income": NaN,
        "Net Income From Continuing And Discontinued Operation": NaN,
        "Diluted Average Shares": NaN,
        "Basic Average Shares": NaN,
        "Diluted EPS": NaN,
        "Basic EPS": NaN,
        "Diluted NI Availto Com Stockholders": NaN,
        "Average Dilution Earnings": NaN,
        "Net Income Common Stockholders": NaN,
        "Otherunder Preferred Stock Dividend": NaN,
        "Net Income": NaN,
        "Minority Interests": NaN,
        "Net Income Including Noncontrolling Interests": NaN,
        "Net Income Continuous Operations": NaN,
        "Tax Provision": NaN,
        "Pretax Income": NaN,
        "Special Income Charges": NaN,
        "Gain On Sale Of Business": 0.0,
        "Write Off": 0.0,
        "Gain On Sale Of Security": 0.0,
        "Depreciation Amortization Depletion Income Statement": NaN,
        "Depreciation And Amortization In Income Statement": NaN,
        "Amortization": NaN,
        "Amortization Of Intangibles Income Statement": NaN,
        "Depreciation Income Statement": NaN,
        "Selling General And Administration": NaN,
        "General And Administrative Expense": NaN,
        "Salaries And Wages": NaN,
        "Total Revenue": NaN,
        "Operating Revenue": NaN,
        "Occupancy And Equipment": NaN,
        "Professional Expense And Contract Services Expense": NaN,
        "Other Non Interest Expense": NaN
    },
    "2024-03-31": {
        "Tax Effect Of Unusual Items": NaN,
        "Tax Rate For Calcs": NaN,
        "Total Unusual Items": NaN,
        "Total Unusual Items Excluding Goodwill": NaN,
        "Net Income From Continuing Operation Net Minority Interest": NaN,
        "Reconciled Depreciation": NaN,
        "Net Interest Income": NaN,
        "Interest Expense": NaN,
        "Interest Income": NaN,
        "Normalized Income": NaN,
        "Net Income From Continuing And Discontinued Operation": NaN,
        "Diluted Average Shares": NaN,
        "Basic Average Shares": NaN,
        "Diluted EPS": NaN,
        "Basic EPS": NaN,
        "Diluted NI Availto Com Stockholders": NaN,
        "Average Dilution Earnings": NaN,
        "Net Income Common Stockholders": NaN,
        "Otherunder Preferred Stock Dividend": NaN,
        "Net Income": NaN,
        "Minority Interests": NaN,
        "Net Income Including Noncontrolling Interests": NaN,
        "Net Income Continuous Operations": NaN,
        "Tax Provision": NaN,
        "Pretax Income": NaN,
        "Special Income Charges": NaN,
        "Gain On Sale Of Business": 0.0,
        "Write Off": 2013000.0,
        "Gain On Sale Of Security": 0.0,
        "Depreciation Amortization Depletion Income Statement": NaN,
        "Depreciation And Amortization In Income Statement": NaN,
        "Amortization": NaN,
        "Amortization Of Intangibles Income Statement": NaN,
        "Depreciation Income Statement": NaN,
        "Selling General And Administration": NaN,
        "General And Administrative Expense": NaN,
        "Salaries And Wages": NaN,
        "Total Revenue": NaN,
        "Operating Revenue": NaN,
        "Occupancy And Equipment": NaN,
        "Professional Expense And Contract Services Expense": NaN,
        "Other Non Interest Expense": NaN
    },
    "2024-06-30": {
        "Tax Effect Of Unusual Items": 232645.0,
        "Tax Rate For Calcs": 0.119,
        "Total Unusual Items": 1955000.0,
        "Total Unusual Items Excluding Goodwill": 1955000.0,
        "Net Income From Continuing Operation Net Minority Interest": 44869000.0,
        "Reconciled Depreciation": 14375000.0,
        "Net Interest Income": 122750000.0,
        "Interest Expense": 3083000.0,
        "Interest Income": 125833000.0,
        "Normalized Income": 43146645.0,
        "Net Income From Continuing And Discontinued Operation": 44869000.0,
        "Diluted Average Shares": NaN,
        "Basic Average Shares": NaN,
        "Diluted EPS": NaN,
        "Basic EPS": NaN,
        "Diluted NI Availto Com Stockholders": 44406000.0,
        "Average Dilution Earnings": 1000.0,
        "Net Income Common Stockholders": 44405000.0,
        "Otherunder Preferred Stock Dividend": 464000.0,
        "Net Income": 44869000.0,
        "Minority Interests": -212000.0,
        "Net Income Including Noncontrolling Interests": 45081000.0,
        "Net Income Continuous Operations": 45081000.0,
        "Tax Provision": 6103000.0,
        "Pretax Income": 51184000.0,
        "Special Income Charges": -999000.0,
        "Gain On Sale Of Business": 0.0,
        "Write Off": 999000.0,
        "Gain On Sale Of Security": 0.0,
        "Depreciation Amortization Depletion Income Statement": 11448000.0,
        "Depreciation And Amortization In Income Statement": 11448000.0,
        "Amortization": 983000.0,
        "Amortization Of Intangibles Income Statement": 983000.0,
        "Depreciation Income Statement": 10465000.0,
        "Selling General And Administration": 48449000.0,
        "General And Administrative Expense": 48449000.0,
        "Salaries And Wages": 48449000.0,
        "Total Revenue": 152124000.0,
        "Operating Revenue": 152124000.0,
        "Occupancy And Equipment": 9070000.0,
        "Professional Expense And Contract Services Expense": 5410000.0,
        "Other Non Interest Expense": 13637000.0
    },
    "2024-09-30": {
        "Tax Effect Of Unusual Items": 283689.106783,
        "Tax Rate For Calcs": 0.082015,
        "Total Unusual Items": 3459000.0,
        "Total Unusual Items Excluding Goodwill": 3459000.0,
        "Net Income From Continuing Operation Net Minority Interest": 33597000.0,
        "Reconciled Depreciation": 13933000.0,
        "Net Interest Income": 115922000.0,
        "Interest Expense": 3828000.0,
        "Interest Income": 119750000.0,
        "Normalized Income": 30421689.106783,
        "Net Income From Continuing And Discontinued Operation": 33597000.0,
        "Diluted Average Shares": 24715021.0,
        "Basic Average Shares": 24676329.0,
        "Diluted EPS": 1.35,
        "Basic EPS": 1.35,
        "Diluted NI Availto Com Stockholders": 33237000.0,
        "Average Dilution Earnings": 0.0,
        "Net Income Common Stockholders": 33236000.0,
        "Otherunder Preferred Stock Dividend": 361000.0,
        "Net Income": 33597000.0,
        "Minority Interests": -575000.0,
        "Net Income Including Noncontrolling Interests": 34172000.0,
        "Net Income Continuous Operations": 34172000.0,
        "Tax Provision": 3053000.0,
        "Pretax Income": 37225000.0,
        "Special Income Charges": 0.0,
        "Gain On Sale Of Business": NaN,
        "Write Off": 0.0,
        "Gain On Sale Of Security": NaN,
        "Depreciation Amortization Depletion Income Statement": 11369000.0,
        "Depreciation And Amortization In Income Statement": 11369000.0,
        "Amortization": 924000.0,
        "Amortization Of Intangibles Income Statement": 924000.0,
        "Depreciation Income Statement": 10445000.0,
        "Selling General And Administration": 52298000.0,
        "General And Administrative Expense": 52298000.0,
        "Salaries And Wages": 52298000.0,
        "Total Revenue": 133867000.0,
        "Operating Revenue": 133867000.0,
        "Occupancy And Equipment": 9376000.0,
        "Professional Expense And Contract Services Expense": 8414000.0,
        "Other Non Interest Expense": 14347000.0
    },
    "2024-12-31": {
        "Tax Effect Of Unusual Items": 2887201.210915,
        "Tax Rate For Calcs": 0.166017,
        "Total Unusual Items": 17391000.0,
        "Total Unusual Items Excluding Goodwill": 17391000.0,
        "Net Income From Continuing Operation Net Minority Interest": 29967000.0,
        "Reconciled Depreciation": 14918000.0,
        "Net Interest Income": 125251000.0,
        "Interest Expense": 3106000.0,
        "Interest Income": 128357000.0,
        "Normalized Income": 15463201.210915,
        "Net Income From Continuing And Discontinued Operation": 29967000.0,
        "Diluted Average Shares": 24280371.0,
        "Basic Average Shares": 24221697.0,
        "Diluted EPS": 1.29,
        "Basic EPS": 1.29,
        "Diluted NI Availto Com Stockholders": 29844000.0,
        "Average Dilution Earnings": 1000.0,
        "Net Income Common Stockholders": 29843000.0,
        "Otherunder Preferred Stock Dividend": 124000.0,
        "Net Income": 29967000.0,
        "Minority Interests": -199000.0,
        "Net Income Including Noncontrolling Interests": 30166000.0,
        "Net Income Continuous Operations": 30166000.0,
        "Tax Provision": 6005000.0,
        "Pretax Income": 36171000.0,
        "Special Income Charges": 16404000.0,
        "Gain On Sale Of Business": 16404000.0,
        "Write Off": NaN,
        "Gain On Sale Of Security": -15671000.0,
        "Depreciation Amortization Depletion Income Statement": 12238000.0,
        "Depreciation And Amortization In Income Statement": 12238000.0,
        "Amortization": 812000.0,
        "Amortization Of Intangibles Income Statement": 812000.0,
        "Depreciation Income Statement": 11426000.0,
        "Selling General And Administration": 49292000.0,
        "General And Administrative Expense": 49292000.0,
        "Salaries And Wages": 49292000.0,
        "Total Revenue": 132769000.0,
        "Operating Revenue": 132769000.0,
        "Occupancy And Equipment": 9706000.0,
        "Professional Expense And Contract Services Expense": 5225000.0,
        "Other Non Interest Expense": 17880000.0
    },
    "2025-06-30": {
        "Tax Effect Of Unusual Items": -69666.0,
        "Tax Rate For Calcs": 0.102,
        "Total Unusual Items": -683000.0,
        "Total Unusual Items Excluding Goodwill": -683000.0,
        "Net Income From Continuing Operation Net Minority Interest": 42147000.0,
        "Reconciled Depreciation": 15093000.0,
        "Net Interest Income": 122313000.0,
        "Interest Expense": 1279000.0,
        "Interest Income": 123592000.0,
        "Normalized Income": 42760334.0,
        "Net Income From Continuing And Discontinued Operation": 42147000.0,
        "Diluted Average Shares": 23140124.0,
        "Basic Average Shares": 23006454.0,
        "Diluted EPS": 1.81,
        "Basic EPS": 1.82,
        "Diluted NI Availto Com Stockholders": 41996000.0,
        "Average Dilution Earnings": 1000.0,
        "Net Income Common Stockholders": 41995000.0,
        "Otherunder Preferred Stock Dividend": 152000.0,
        "Net Income": 42147000.0,
        "Minority Interests": -213000.0,
        "Net Income Including Noncontrolling Interests": 42360000.0,
        "Net Income Continuous Operations": 42360000.0,
        "Tax Provision": 4795000.0,
        "Pretax Income": 47155000.0,
        "Special Income Charges": -1077000.0,
        "Gain On Sale Of Business": 0.0,
        "Write Off": 1077000.0,
        "Gain On Sale Of Security": 0.0,
        "Depreciation Amortization Depletion Income Statement": 12367000.0,
        "Depreciation And Amortization In Income Statement": 12367000.0,
        "Amortization": 798000.0,
        "Amortization Of Intangibles Income Statement": 798000.0,
        "Depreciation Income Statement": 11569000.0,
        "Selling General And Administration": 48559000.0,
        "General And Administrative Expense": 48559000.0,
        "Salaries And Wages": 48559000.0,
        "Total Revenue": 156814000.0,
        "Operating Revenue": 156814000.0,
        "Occupancy And Equipment": 10633000.0,
        "Professional Expense And Contract Services Expense": 11094000.0,
        "Other Non Interest Expense": 16651000.0
    },
    "2025-03-31": {
        "Tax Effect Of Unusual Items": -397719.0,
        "Tax Rate For Calcs": 0.177,
        "Total Unusual Items": -2247000.0,
        "Total Unusual Items Excluding Goodwill": -2247000.0,
        "Net Income From Continuing Operation Net Minority Interest": 74957000.0,
        "Reconciled Depreciation": 15412000.0,
        "Net Interest Income": 136279000.0,
        "Interest Expense": 5725000.0,
        "Interest Income": 142004000.0,
        "Normalized Income": 76806281.0,
        "Net Income From Continuing And Discontinued Operation": 74957000.0,
        "Diluted Average Shares": 23776023.0,
        "Basic Average Shares": 23657145.0,
        "Diluted EPS": 3.11,
        "Basic EPS": 3.13,
        "Diluted NI Availto Com Stockholders": 74694000.0,
        "Average Dilution Earnings": 1000.0,
        "Net Income Common Stockholders": 74693000.0,
        "Otherunder Preferred Stock Dividend": 264000.0,
        "Net Income": 74957000.0,
        "Minority Interests": -237000.0,
        "Net Income Including Noncontrolling Interests": 75194000.0,
        "Net Income Continuous Operations": 75194000.0,
        "Tax Provision": 16166000.0,
        "Pretax Income": 91360000.0,
        "Special Income Charges": -2874000.0,
        "Gain On Sale Of Business": -1360000.0,
        "Write Off": 1514000.0,
        "Gain On Sale Of Security": -7228000.0,
        "Depreciation Amortization Depletion Income Statement": 12861000.0,
        "Depreciation And Amortization In Income Statement": 12861000.0,
        "Amortization": 1082000.0,
        "Amortization Of Intangibles Income Statement": 1082000.0,
        "Depreciation Income Statement": 11779000.0,
        "Selling General And Administration": 51905000.0,
        "General And Administrative Expense": 51905000.0,
        "Salaries And Wages": 51905000.0,
        "Total Revenue": 230184000.0,
        "Operating Revenue": 230184000.0,
        "Occupancy And Equipment": 10306000.0,
        "Professional Expense And Contract Services Expense": 5879000.0,
        "Other Non Interest Expense": 19733000.0
    },
    "2025-09-30": {
        "Tax Effect Of Unusual Items": NaN,
        "Tax Rate For Calcs": NaN,
        "Total Unusual Items": NaN,
        "Total Unusual Items Excluding Goodwill": NaN,
        "Net Income From Continuing Operation Net Minority Interest": NaN,
        "Reconciled Depreciation": NaN,
        "Net Interest Income": NaN,
        "Interest Expense": NaN,
        "Interest Income": NaN,
        "Normalized Income": NaN,
        "Net Income From Continuing And Discontinued Operation": NaN,
        "Diluted Average Shares": 22841774.0,
        "Basic Average Shares": 22708085.0,
        "Diluted EPS": 1.69,
        "Basic EPS": 1.7,
        "Diluted NI Availto Com Stockholders": NaN,
        "Average Dilution Earnings": NaN,
        "Net Income Common Stockholders": NaN,
        "Otherunder Preferred Stock Dividend": NaN,
        "Net Income": NaN,
        "Minority Interests": NaN,
        "Net Income Including Noncontrolling Interests": NaN,
        "Net Income Continuous Operations": NaN,
        "Tax Provision": NaN,
        "Pretax Income": NaN,
        "Special Income Charges": NaN,
        "Gain On Sale Of Business": NaN,
        "Write Off": NaN,
        "Gain On Sale Of Security": NaN,
        "Depreciation Amortization Depletion Income Statement": NaN,
        "Depreciation And Amortization In Income Statement": NaN,
        "Amortization": NaN,
        "Amortization Of Intangibles Income Statement": NaN,
        "Depreciation Income Statement": NaN,
        "Selling General And Administration": NaN,
        "General And Administrative Expense": NaN,
        "Salaries And Wages": NaN,
        "Total Revenue": NaN,
        "Operating Revenue": NaN,
        "Occupancy And Equipment": NaN,
        "Professional Expense And Contract Services Expense": NaN,
        "Other Non Interest Expense": NaN
    }
}