{
    "2023-06-30": {
        "Tax Effect Of Unusual Items": 0.0,
        "Tax Rate For Calcs": 0.24,
        "Net Income From Continuing Operation Net Minority Interest": 7115000.0,
        "Reconciled Depreciation": NaN,
        "Net Interest Income": 29421000.0,
        "Interest Expense": 24383000.0,
        "Interest Income": 53804000.0,
        "Normalized Income": 7115000.0,
        "Net Income From Continuing And Discontinued Operation": 7115000.0,
        "Diluted Average Shares": 7854955.0,
        "Basic Average Shares": 7837708.0,
        "Diluted EPS": 0.91,
        "Basic EPS": 0.91,
        "Diluted NI Availto Com Stockholders": 7115000.0,
        "Net Income Common Stockholders": 7115000.0,
        "Otherunder Preferred Stock Dividend": NaN,
        "Net Income": 7115000.0,
        "Net Income Including Noncontrolling Interests": 7115000.0,
        "Net Income Continuous Operations": 7115000.0,
        "Tax Provision": 2250000.0,
        "Pretax Income": 9365000.0,
        "Gain On Sale Of Security": -7000.0,
        "Selling General And Administration": 18410000.0,
        "Selling And Marketing Expense": 658000.0,
        "General And Administrative Expense": 17752000.0,
        "Insurance And Claims": 768000.0,
        "Salaries And Wages": 16984000.0,
        "Total Revenue": 39790000.0,
        "Operating Revenue": 39790000.0
    },
    "2023-03-31": {
        "Tax Effect Of Unusual Items": 0.0,
        "Tax Rate For Calcs": 0.251,
        "Net Income From Continuing Operation Net Minority Interest": 12416000.0,
        "Reconciled Depreciation": 238000.0,
        "Net Interest Income": 34176000.0,
        "Interest Expense": 17494000.0,
        "Interest Income": 51670000.0,
        "Normalized Income": 12416000.0,
        "Net Income From Continuing And Discontinued Operation": 12416000.0,
        "Diluted Average Shares": 7826162.0,
        "Basic Average Shares": 7792474.0,
        "Diluted EPS": 1.58,
        "Basic EPS": 1.59,
        "Diluted NI Availto Com Stockholders": 12390000.0,
        "Net Income Common Stockholders": 12390000.0,
        "Otherunder Preferred Stock Dividend": 26000.0,
        "Net Income": 12416000.0,
        "Net Income Including Noncontrolling Interests": 12416000.0,
        "Net Income Continuous Operations": 12416000.0,
        "Tax Provision": 4159000.0,
        "Pretax Income": 16575000.0,
        "Gain On Sale Of Security": 234000.0,
        "Selling General And Administration": 19293000.0,
        "Selling And Marketing Expense": 426000.0,
        "General And Administrative Expense": 18867000.0,
        "Insurance And Claims": 379000.0,
        "Salaries And Wages": 18488000.0,
        "Total Revenue": 44963000.0,
        "Operating Revenue": 44963000.0
    },
    "2022-12-31": {
        "Tax Effect Of Unusual Items": NaN,
        "Tax Rate For Calcs": NaN,
        "Net Income From Continuing Operation Net Minority Interest": NaN,
        "Reconciled Depreciation": NaN,
        "Net Interest Income": NaN,
        "Interest Expense": NaN,
        "Interest Income": NaN,
        "Normalized Income": NaN,
        "Net Income From Continuing And Discontinued Operation": NaN,
        "Diluted Average Shares": NaN,
        "Basic Average Shares": NaN,
        "Diluted EPS": NaN,
        "Basic EPS": NaN,
        "Diluted NI Availto Com Stockholders": NaN,
        "Net Income Common Stockholders": NaN,
        "Otherunder Preferred Stock Dividend": 50000.0,
        "Net Income": NaN,
        "Net Income Including Noncontrolling Interests": NaN,
        "Net Income Continuous Operations": NaN,
        "Tax Provision": NaN,
        "Pretax Income": NaN,
        "Gain On Sale Of Security": NaN,
        "Selling General And Administration": NaN,
        "Selling And Marketing Expense": NaN,
        "General And Administrative Expense": NaN,
        "Insurance And Claims": NaN,
        "Salaries And Wages": NaN,
        "Total Revenue": NaN,
        "Operating Revenue": NaN
    },
    "2022-09-30": {
        "Tax Effect Of Unusual Items": 0.0,
        "Tax Rate For Calcs": 0.261,
        "Net Income From Continuing Operation Net Minority Interest": 14616000.0,
        "Net Interest Income": 36172000.0,
        "Interest Expense": 3994000.0,
        "Interest Income": 40166000.0,
        "Normalized Income": 14616000.0,
        "Net Income From Continuing And Discontinued Operation": 14616000.0,
        "Diluted Average Shares": 7018832.0,
        "Basic Average Shares": 6971583.0,
        "Diluted EPS": 2.07,
        "Basic EPS": 2.09,
        "Diluted NI Availto Com Stockholders": 14616000.0,
        "Net Income Common Stockholders": 14616000.0,
        "Otherunder Preferred Stock Dividend": 73000.0,
        "Net Income": 14616000.0,
        "Net Income Including Noncontrolling Interests": 14616000.0,
        "Net Income Continuous Operations": 14616000.0,
        "Tax Provision": 5152000.0,
        "Pretax Income": 19768000.0,
        "Gain On Sale Of Security": 213000.0,
        "Selling General And Administration": 18525000.0,
        "Selling And Marketing Expense": 731000.0,
        "General And Administrative Expense": 17794000.0,
        "Other Gand A": 2592000.0,
        "Insurance And Claims": 453000.0,
        "Salaries And Wages": 17341000.0,
        "Total Revenue": 46721000.0,
        "Operating Revenue": 46721000.0
    },
    "2022-06-30": {
        "Tax Effect Of Unusual Items": 0.0,
        "Tax Rate For Calcs": 0.282,
        "Net Income From Continuing Operation Net Minority Interest": 13658000.0,
        "Net Interest Income": 34149000.0,
        "Interest Expense": 2098000.0,
        "Interest Income": 36247000.0,
        "Normalized Income": 13658000.0,
        "Net Income From Continuing And Discontinued Operation": 13658000.0,
        "Diluted Average Shares": 7026807.0,
        "Basic Average Shares": 6981907.0,
        "Diluted EPS": 1.94,
        "Basic EPS": 1.95,
        "Diluted NI Availto Com Stockholders": 13658000.0,
        "Net Income Common Stockholders": 13658000.0,
        "Otherunder Preferred Stock Dividend": 43000.0,
        "Net Income": 13658000.0,
        "Net Income Including Noncontrolling Interests": 13658000.0,
        "Net Income Continuous Operations": 13658000.0,
        "Tax Provision": 5375000.0,
        "Pretax Income": 19033000.0,
        "Gain On Sale Of Security": 45000.0,
        "Selling General And Administration": 17738000.0,
        "Selling And Marketing Expense": 218000.0,
        "General And Administrative Expense": 17520000.0,
        "Other Gand A": 2601000.0,
        "Insurance And Claims": 472000.0,
        "Salaries And Wages": 17048000.0,
        "Total Revenue": 45330000.0,
        "Operating Revenue": 45330000.0
    },
    "2022-03-31": {
        "Diluted EPS": 1.89,
        "Total Revenue": 45,
        "Gross Profit": 43,
        "Operating Income": 18,
        "EBIT": NaN,
        "Net Income": 13
    },
    "2021-12-31": {
        "Diluted EPS": 1.9,
        "Total Revenue": 45,
        "Gross Profit": 43,
        "Operating Income": 18,
        "EBIT": NaN,
        "Net Income": 13
    },
    "2021-09-30": {
        "Diluted EPS": 1.89,
        "Total Revenue": 45,
        "Gross Profit": 44,
        "Operating Income": 18,
        "EBIT": NaN,
        "Net Income": 13
    },
    "2021-06-30": {
        "Diluted EPS": 1.98,
        "Total Revenue": 44,
        "Gross Profit": 43,
        "Operating Income": 19,
        "EBIT": NaN,
        "Net Income": 14
    },
    "2021-03-31": {
        "Diluted EPS": 1.92,
        "Total Revenue": 44,
        "Gross Profit": 42,
        "Operating Income": 18,
        "EBIT": NaN,
        "Net Income": 13
    },
    "2020-12-31": {
        "Diluted EPS": 2.06,
        "Total Revenue": 47,
        "Gross Profit": 45,
        "Operating Income": 12,
        "EBIT": NaN,
        "Net Income": 13
    },
    "2020-09-30": {
        "Diluted EPS": 1.93,
        "Total Revenue": 48,
        "Gross Profit": 46,
        "Operating Income": 20,
        "EBIT": NaN,
        "Net Income": 13
    },
    "2020-06-30": {
        "Diluted EPS": -0.29,
        "Total Revenue": 40,
        "Gross Profit": 38,
        "Operating Income": 2,
        "EBIT": NaN,
        "Net Income": -2
    },
    "2020-03-31": {
        "Diluted EPS": 1.33,
        "Total Revenue": 35,
        "Gross Profit": 31,
        "Operating Income": 10,
        "EBIT": NaN,
        "Net Income": 7
    },
    "2019-12-31": {
        "Diluted EPS": 1.41,
        "Total Revenue": 36,
        "Gross Profit": 32,
        "Operating Income": 11,
        "EBIT": NaN,
        "Net Income": 7
    },
    "2019-09-30": {
        "Diluted EPS": 1.57,
        "Total Revenue": 37,
        "Gross Profit": 31,
        "Operating Income": 11,
        "EBIT": NaN,
        "Net Income": 8
    },
    "2019-06-30": {
        "Diluted EPS": 0.9,
        "Total Revenue": 33,
        "Gross Profit": 28,
        "Operating Income": 9,
        "EBIT": NaN,
        "Net Income": 4
    },
    "2019-03-31": {
        "Diluted EPS": 1.49,
        "Total Revenue": 27,
        "Gross Profit": 24,
        "Operating Income": 8,
        "EBIT": NaN,
        "Net Income": 6
    },
    "2018-12-31": {
        "Diluted EPS": 1.27,
        "Total Revenue": 26,
        "Gross Profit": 24,
        "Operating Income": 7,
        "EBIT": NaN,
        "Net Income": 5
    },
    "2018-09-30": {
        "Diluted EPS": 1.61,
        "Total Revenue": 27,
        "Gross Profit": 25,
        "Operating Income": 9,
        "EBIT": NaN,
        "Net Income": 7
    },
    "2018-06-30": {
        "Diluted EPS": 1.48,
        "Total Revenue": 25,
        "Gross Profit": 24,
        "Operating Income": 8,
        "EBIT": NaN,
        "Net Income": 6
    },
    "2018-03-31": {
        "Diluted EPS": 1.41,
        "Total Revenue": 24,
        "Gross Profit": 23,
        "Operating Income": 7,
        "EBIT": NaN,
        "Net Income": 6
    },
    "2017-12-31": {
        "Diluted EPS": 0.23,
        "Total Revenue": 23,
        "Gross Profit": 22,
        "Operating Income": 7,
        "EBIT": NaN,
        "Net Income": 1
    },
    "2017-09-30": {
        "Diluted EPS": 1.22,
        "Total Revenue": 24,
        "Gross Profit": 23,
        "Operating Income": 8,
        "EBIT": NaN,
        "Net Income": 5
    },
    "2017-06-30": {
        "Diluted EPS": 1.1,
        "Total Revenue": 22,
        "Gross Profit": 22,
        "Operating Income": 7,
        "EBIT": NaN,
        "Net Income": 4
    },
    "2017-03-31": {
        "Diluted EPS": 1.06,
        "Total Revenue": 22,
        "Gross Profit": 21,
        "Operating Income": 6,
        "EBIT": NaN,
        "Net Income": 4
    },
    "2016-12-31": {
        "Diluted EPS": 1.08,
        "Total Revenue": 22,
        "Gross Profit": 22,
        "Operating Income": 22,
        "EBIT": NaN,
        "Net Income": 4
    },
    "2016-09-30": {
        "Diluted EPS": 1.13,
        "Total Revenue": 22,
        "Gross Profit": 21,
        "Operating Income": 7,
        "EBIT": NaN,
        "Net Income": 5
    },
    "2016-06-30": {
        "Diluted EPS": 1.0,
        "Total Revenue": 21,
        "Gross Profit": 21,
        "Operating Income": 21,
        "EBIT": NaN,
        "Net Income": 4
    },
    "2016-03-31": {
        "Diluted EPS": 0.97,
        "Total Revenue": 21,
        "Gross Profit": 21,
        "Operating Income": 21,
        "EBIT": NaN,
        "Net Income": 4
    },
    "2015-12-31": {
        "Diluted EPS": 0.97,
        "Total Revenue": 21,
        "Gross Profit": 21,
        "Operating Income": 21,
        "EBIT": NaN,
        "Net Income": 4
    },
    "2015-09-30": {
        "Diluted EPS": 1.09,
        "Total Revenue": 20,
        "Gross Profit": 20,
        "Operating Income": 20,
        "EBIT": NaN,
        "Net Income": 4
    },
    "2015-06-30": {
        "Diluted EPS": 0.94,
        "Total Revenue": 20,
        "Gross Profit": 20,
        "Operating Income": 20,
        "EBIT": NaN,
        "Net Income": 4
    },
    "2015-03-31": {
        "Diluted EPS": 0.94,
        "Total Revenue": 19,
        "Gross Profit": 19,
        "Operating Income": 19,
        "EBIT": NaN,
        "Net Income": 4
    },
    "2014-12-31": {
        "Diluted EPS": 0.97,
        "Total Revenue": 19,
        "Gross Profit": 19,
        "Operating Income": 19,
        "EBIT": NaN,
        "Net Income": 4
    },
    "2014-09-30": {
        "Diluted EPS": 0.99,
        "Total Revenue": 19,
        "Gross Profit": 19,
        "Operating Income": 19,
        "EBIT": NaN,
        "Net Income": 4
    },
    "2014-06-30": {
        "Diluted EPS": 0.92,
        "Total Revenue": 18,
        "Gross Profit": 18,
        "Operating Income": 18,
        "EBIT": NaN,
        "Net Income": 4
    },
    "2014-03-31": {
        "Diluted EPS": 0.89,
        "Total Revenue": 18,
        "Gross Profit": 18,
        "Operating Income": 18,
        "EBIT": NaN,
        "Net Income": 4
    },
    "2013-12-31": {
        "Diluted EPS": 0.93,
        "Total Revenue": 18,
        "Gross Profit": 18,
        "Operating Income": 18,
        "EBIT": NaN,
        "Net Income": 4
    },
    "2013-09-30": {
        "Diluted EPS": 0.94,
        "Total Revenue": 18,
        "Gross Profit": 18,
        "Operating Income": 18,
        "EBIT": NaN,
        "Net Income": 4
    },
    "2013-06-30": {
        "Diluted EPS": 0.89,
        "Total Revenue": 17,
        "Gross Profit": 17,
        "Operating Income": 17,
        "EBIT": NaN,
        "Net Income": 3
    },
    "2013-03-31": {
        "Diluted EPS": 0.85,
        "Total Revenue": 17,
        "Gross Profit": 17,
        "Operating Income": 5,
        "EBIT": NaN,
        "Net Income": 3
    },
    "2012-12-31": {
        "Diluted EPS": 0.77,
        "Total Revenue": 18,
        "Gross Profit": 17,
        "Operating Income": 5,
        "EBIT": NaN,
        "Net Income": 3
    },
    "2012-09-30": {
        "Diluted EPS": 0.94,
        "Total Revenue": 18,
        "Gross Profit": 17,
        "Operating Income": 5,
        "EBIT": NaN,
        "Net Income": 4
    },
    "2012-06-30": {
        "Diluted EPS": 0.89,
        "Total Revenue": 17,
        "Gross Profit": 16,
        "Operating Income": 5,
        "EBIT": NaN,
        "Net Income": 3
    },
    "2012-03-31": {
        "Diluted EPS": 0.85,
        "Total Revenue": 17,
        "Gross Profit": 16,
        "Operating Income": 5,
        "EBIT": NaN,
        "Net Income": 3
    },
    "2011-12-31": {
        "Diluted EPS": 0.76,
        "Total Revenue": 17,
        "Gross Profit": 16,
        "Operating Income": 4,
        "EBIT": NaN,
        "Net Income": 3
    },
    "2011-09-30": {
        "Diluted EPS": 0.85,
        "Total Revenue": 17,
        "Gross Profit": 16,
        "Operating Income": 5,
        "EBIT": NaN,
        "Net Income": 3
    },
    "2011-06-30": {
        "Diluted EPS": 0.83,
        "Total Revenue": 16,
        "Gross Profit": 16,
        "Operating Income": 5,
        "EBIT": NaN,
        "Net Income": 3
    },
    "2011-03-31": {
        "Diluted EPS": 0.82,
        "Total Revenue": 16,
        "Gross Profit": 15,
        "Operating Income": 5,
        "EBIT": NaN,
        "Net Income": 3
    },
    "2010-12-31": {
        "Diluted EPS": 0.7,
        "Total Revenue": 16,
        "Gross Profit": 15,
        "Operating Income": 4,
        "EBIT": NaN,
        "Net Income": 3
    },
    "2010-09-30": {
        "Diluted EPS": 0.84,
        "Total Revenue": 16,
        "Gross Profit": 15,
        "Operating Income": 5,
        "EBIT": NaN,
        "Net Income": 3
    },
    "2010-06-30": {
        "Diluted EPS": 1.24,
        "Total Revenue": 19,
        "Gross Profit": 16,
        "Operating Income": -5,
        "EBIT": NaN,
        "Net Income": 5
    },
    "2010-03-31": {
        "Diluted EPS": 0.73,
        "Total Revenue": 16,
        "Gross Profit": 16,
        "Operating Income": 16,
        "EBIT": NaN,
        "Net Income": 3
    },
    "2009-12-31": {
        "Diluted EPS": 0.7,
        "Total Revenue": 16,
        "Gross Profit": 16,
        "Operating Income": 16,
        "EBIT": NaN,
        "Net Income": 3
    },
    "2009-09-30": {
        "Diluted EPS": 0.84,
        "Total Revenue": 16,
        "Gross Profit": 16,
        "Operating Income": 16,
        "EBIT": NaN,
        "Net Income": 3
    },
    "2009-06-30": {
        "Diluted EPS": 0.67,
        "Total Revenue": 16,
        "Gross Profit": 16,
        "Operating Income": 16,
        "EBIT": NaN,
        "Net Income": 2
    },
    "2009-03-31": {
        "Diluted EPS": 0.54,
        "Total Revenue": 15,
        "Gross Profit": 15,
        "Operating Income": 15,
        "EBIT": NaN,
        "Net Income": 2
    },
    "2023-09-30": {
        "Tax Effect Of Unusual Items": 0.0,
        "Tax Rate For Calcs": 0.3,
        "Net Income From Continuing Operation Net Minority Interest": 6544000.0,
        "Reconciled Depreciation": NaN,
        "Net Interest Income": 28393000.0,
        "Interest Expense": 27051000.0,
        "Interest Income": 55444000.0,
        "Normalized Income": 6544000.0,
        "Net Income From Continuing And Discontinued Operation": 6544000.0,
        "Diluted Average Shares": 7862584.0,
        "Basic Average Shares": 7840197.0,
        "Diluted EPS": 0.83,
        "Basic EPS": 0.83,
        "Diluted NI Availto Com Stockholders": 6539000.0,
        "Net Income Common Stockholders": 6539000.0,
        "Otherunder Preferred Stock Dividend": 5000.0,
        "Net Income": 6544000.0,
        "Net Income Including Noncontrolling Interests": 6544000.0,
        "Net Income Continuous Operations": 6544000.0,
        "Tax Provision": 2808000.0,
        "Pretax Income": 9352000.0,
        "Gain On Sale Of Security": 58000.0,
        "Selling General And Administration": 18577000.0,
        "Selling And Marketing Expense": 535000.0,
        "General And Administrative Expense": 18042000.0,
        "Insurance And Claims": 770000.0,
        "Salaries And Wages": 17272000.0,
        "Total Revenue": 39196000.0,
        "Operating Revenue": 39196000.0
    },
    "2023-12-31": {
        "Tax Effect Of Unusual Items": 0.0,
        "Tax Rate For Calcs": 0.277323,
        "Net Income From Continuing Operation Net Minority Interest": 8034000.0,
        "Reconciled Depreciation": 289000.0,
        "Net Interest Income": 27846000.0,
        "Interest Expense": 28800000.0,
        "Interest Income": 56646000.0,
        "Normalized Income": 8034000.0,
        "Net Income From Continuing And Discontinued Operation": 8034000.0,
        "Diluted Average Shares": 7853823.0,
        "Basic Average Shares": 7834383.0,
        "Diluted EPS": 1.02,
        "Basic EPS": 1.02,
        "Diluted NI Availto Com Stockholders": 8025000.0,
        "Net Income Common Stockholders": 8025000.0,
        "Otherunder Preferred Stock Dividend": 9000.0,
        "Net Income": 8034000.0,
        "Net Income Including Noncontrolling Interests": 8034000.0,
        "Net Income Continuous Operations": 8034000.0,
        "Tax Provision": 3083000.0,
        "Pretax Income": 11117000.0,
        "Gain On Sale Of Security": 114000.0,
        "Selling General And Administration": 18134000.0,
        "Selling And Marketing Expense": 154000.0,
        "General And Administrative Expense": 17980000.0,
        "Insurance And Claims": 918000.0,
        "Salaries And Wages": 17062000.0,
        "Total Revenue": 38587000.0,
        "Operating Revenue": 38587000.0
    },
    "2024-03-31": {
        "Tax Effect Of Unusual Items": 0.0,
        "Tax Rate For Calcs": 0.256,
        "Net Income From Continuing Operation Net Minority Interest": 6888000.0,
        "Reconciled Depreciation": 629000.0,
        "Net Interest Income": 26613000.0,
        "Interest Expense": 29181000.0,
        "Interest Income": 55794000.0,
        "Normalized Income": 6888000.0,
        "Net Income From Continuing And Discontinued Operation": 6888000.0,
        "Diluted Average Shares": 7865193.0,
        "Basic Average Shares": 7835273.0,
        "Diluted EPS": 0.87,
        "Basic EPS": 0.88,
        "Diluted NI Availto Com Stockholders": 6879000.0,
        "Net Income Common Stockholders": 6879000.0,
        "Otherunder Preferred Stock Dividend": 9000.0,
        "Net Income": 6888000.0,
        "Net Income Including Noncontrolling Interests": 6888000.0,
        "Net Income Continuous Operations": 6888000.0,
        "Tax Provision": 2366000.0,
        "Pretax Income": 9254000.0,
        "Gain On Sale Of Security": 18000.0,
        "Selling General And Administration": 18346000.0,
        "Selling And Marketing Expense": 229000.0,
        "General And Administrative Expense": 18117000.0,
        "Insurance And Claims": 795000.0,
        "Salaries And Wages": 17322000.0,
        "Total Revenue": 37638000.0,
        "Operating Revenue": 37638000.0
    }
}