{
    "2023-04-30": {
        "Tax Effect Of Unusual Items": NaN,
        "Tax Rate For Calcs": NaN,
        "Normalized EBITDA": NaN,
        "Net Income From Continuing Operation Net Minority Interest": NaN,
        "Reconciled Depreciation": NaN,
        "Reconciled Cost Of Revenue": NaN,
        "EBITDA": NaN,
        "EBIT": NaN,
        "Net Interest Income": NaN,
        "Interest Income": NaN,
        "Normalized Income": NaN,
        "Net Income From Continuing And Discontinued Operation": NaN,
        "Total Expenses": NaN,
        "Diluted Average Shares": 19303048.0,
        "Basic Average Shares": 19303048.0,
        "Diluted EPS": 0.22,
        "Basic EPS": 0.22,
        "Diluted NI Availto Com Stockholders": NaN,
        "Net Income Common Stockholders": NaN,
        "Otherunder Preferred Stock Dividend": NaN,
        "Net Income": NaN,
        "Net Income Including Noncontrolling Interests": NaN,
        "Net Income Continuous Operations": NaN,
        "Tax Provision": NaN,
        "Pretax Income": NaN,
        "Net Non Operating Interest Income Expense": NaN,
        "Interest Income Non Operating": NaN,
        "Operating Income": NaN,
        "Operating Expense": NaN,
        "Depreciation Amortization Depletion Income Statement": NaN,
        "Depreciation And Amortization In Income Statement": NaN,
        "Depreciation Income Statement": NaN,
        "Selling General And Administration": NaN,
        "Gross Profit": NaN,
        "Cost Of Revenue": NaN,
        "Total Revenue": NaN,
        "Operating Revenue": NaN
    },
    "2023-01-31": {
        "Tax Effect Of Unusual Items": 0.0,
        "Tax Rate For Calcs": 0.294243,
        "Normalized EBITDA": 3076000.0,
        "Net Income From Continuing Operation Net Minority Interest": -2991000.0,
        "Reconciled Depreciation": 2662000.0,
        "Reconciled Cost Of Revenue": 121920000.0,
        "EBITDA": 3076000.0,
        "EBIT": 414000.0,
        "Net Interest Income": -1093000.0,
        "Interest Income": -1006000.0,
        "Normalized Income": -2991000.0,
        "Net Income From Continuing And Discontinued Operation": -2991000.0,
        "Total Expenses": 183106000.0,
        "Diluted Average Shares": NaN,
        "Basic Average Shares": NaN,
        "Diluted EPS": NaN,
        "Basic EPS": NaN,
        "Diluted NI Availto Com Stockholders": -2826000.0,
        "Net Income Common Stockholders": -2826000.0,
        "Otherunder Preferred Stock Dividend": -165000.0,
        "Net Income": -2991000.0,
        "Net Income Including Noncontrolling Interests": -2991000.0,
        "Net Income Continuous Operations": -2991000.0,
        "Tax Provision": -1247000.0,
        "Pretax Income": -4238000.0,
        "Net Non Operating Interest Income Expense": -1093000.0,
        "Interest Income Non Operating": -1006000.0,
        "Operating Income": -4057000.0,
        "Operating Expense": 61186000.0,
        "Depreciation Amortization Depletion Income Statement": 2662000.0,
        "Depreciation And Amortization In Income Statement": 2662000.0,
        "Depreciation Income Statement": 2662000.0,
        "Selling General And Administration": 59955000.0,
        "Gross Profit": 57129000.0,
        "Cost Of Revenue": 121920000.0,
        "Total Revenue": 179049000.0,
        "Operating Revenue": 177510000.0
    },
    "2022-10-31": {
        "Tax Effect Of Unusual Items": NaN,
        "Tax Rate For Calcs": NaN,
        "Normalized EBITDA": NaN,
        "Net Income From Continuing Operation Net Minority Interest": NaN,
        "Reconciled Depreciation": NaN,
        "Reconciled Cost Of Revenue": NaN,
        "EBITDA": NaN,
        "EBIT": NaN,
        "Net Interest Income": NaN,
        "Interest Income": NaN,
        "Normalized Income": NaN,
        "Net Income From Continuing And Discontinued Operation": NaN,
        "Total Expenses": NaN,
        "Diluted Average Shares": 19934592.0,
        "Basic Average Shares": 19934592.0,
        "Diluted EPS": -0.21,
        "Basic EPS": -0.21,
        "Diluted NI Availto Com Stockholders": NaN,
        "Net Income Common Stockholders": NaN,
        "Otherunder Preferred Stock Dividend": NaN,
        "Net Income": NaN,
        "Net Income Including Noncontrolling Interests": NaN,
        "Net Income Continuous Operations": NaN,
        "Tax Provision": NaN,
        "Pretax Income": NaN,
        "Net Non Operating Interest Income Expense": NaN,
        "Interest Income Non Operating": NaN,
        "Operating Income": NaN,
        "Operating Expense": NaN,
        "Depreciation Amortization Depletion Income Statement": NaN,
        "Depreciation And Amortization In Income Statement": NaN,
        "Depreciation Income Statement": NaN,
        "Selling General And Administration": NaN,
        "Gross Profit": NaN,
        "Cost Of Revenue": NaN,
        "Total Revenue": NaN,
        "Operating Revenue": NaN
    },
    "2022-07-31": {
        "Tax Effect Of Unusual Items": 0.0,
        "Tax Rate For Calcs": 0.4,
        "Normalized EBITDA": 4347000.0,
        "Net Income From Continuing Operation Net Minority Interest": -2274000.0,
        "Reconciled Depreciation": 2811000.0,
        "Reconciled Cost Of Revenue": 131749000.0,
        "EBITDA": 4347000.0,
        "EBIT": 1536000.0,
        "Net Interest Income": 1884000.0,
        "Interest Income": 1884000.0,
        "Normalized Income": -2274000.0,
        "Net Income From Continuing And Discontinued Operation": -2274000.0,
        "Total Expenses": 195328000.0,
        "Diluted Average Shares": 20005315.0,
        "Basic Average Shares": 20005315.0,
        "Diluted EPS": -0.11,
        "Basic EPS": -0.11,
        "Diluted NI Availto Com Stockholders": -2142000.0,
        "Net Income Common Stockholders": -2142000.0,
        "Otherunder Preferred Stock Dividend": -132000.0,
        "Net Income": -2274000.0,
        "Net Income Including Noncontrolling Interests": -2274000.0,
        "Net Income Continuous Operations": -2274000.0,
        "Tax Provision": 5694000.0,
        "Pretax Income": 3420000.0,
        "Net Non Operating Interest Income Expense": 1884000.0,
        "Interest Income Non Operating": 1884000.0,
        "Operating Income": 1536000.0,
        "Operating Expense": 63579000.0,
        "Depreciation Amortization Depletion Income Statement": 2811000.0,
        "Depreciation And Amortization In Income Statement": 2811000.0,
        "Depreciation Income Statement": 2811000.0,
        "Selling General And Administration": 60768000.0,
        "Gross Profit": 65115000.0,
        "Cost Of Revenue": 131749000.0,
        "Total Revenue": 196864000.0,
        "Operating Revenue": 195006000.0
    },
    "2022-04-30": {
        "Diluted EPS": 0.46,
        "Total Revenue": 207,
        "Gross Profit": 74,
        "Operating Income": 11,
        "EBIT": 14,
        "Net Income": 9
    },
    "2022-01-31": {
        "Diluted EPS": -0.28,
        "Total Revenue": 176,
        "Gross Profit": 67,
        "Operating Income": -7,
        "EBIT": -4,
        "Net Income": -6
    },
    "2021-10-31": {
        "Diluted EPS": 0.39,
        "Total Revenue": 172,
        "Gross Profit": 68,
        "Operating Income": 2,
        "EBIT": 6,
        "Net Income": 8
    },
    "2021-07-31": {
        "Diluted EPS": 0.62,
        "Total Revenue": 208,
        "Gross Profit": 92,
        "Operating Income": 18,
        "EBIT": 21,
        "Net Income": 13
    },
    "2021-04-30": {
        "Diluted EPS": 0.92,
        "Total Revenue": 213,
        "Gross Profit": 89,
        "Operating Income": 23,
        "EBIT": 26,
        "Net Income": 20
    },
    "2021-01-31": {
        "Diluted EPS": -0.37,
        "Total Revenue": 155,
        "Gross Profit": 48,
        "Operating Income": -14,
        "EBIT": -10,
        "Net Income": -8
    },
    "2020-10-31": {
        "Diluted EPS": -0.15,
        "Total Revenue": 151,
        "Gross Profit": 41,
        "Operating Income": -14,
        "EBIT": -10,
        "Net Income": -3
    },
    "2020-07-31": {
        "Diluted EPS": -0.3,
        "Total Revenue": 168,
        "Gross Profit": 35,
        "Operating Income": -12,
        "EBIT": -9,
        "Net Income": -7
    },
    "2020-04-30": {
        "Diluted EPS": -1.19,
        "Total Revenue": 101,
        "Gross Profit": 17,
        "Operating Income": -39,
        "EBIT": -35,
        "Net Income": -27
    },
    "2020-01-31": {
        "Diluted EPS": -0.13,
        "Total Revenue": 191,
        "Gross Profit": 67,
        "Operating Income": -4,
        "EBIT": 0,
        "Net Income": -3
    },
    "2019-10-31": {
        "Diluted EPS": 0.24,
        "Total Revenue": 192,
        "Gross Profit": 73,
        "Operating Income": 4,
        "EBIT": 8,
        "Net Income": 6
    },
    "2019-07-31": {
        "Diluted EPS": 0.48,
        "Total Revenue": 213,
        "Gross Profit": 82,
        "Operating Income": 12,
        "EBIT": 16,
        "Net Income": 11
    },
    "2019-04-30": {
        "Diluted EPS": 0.87,
        "Total Revenue": 230,
        "Gross Profit": 94,
        "Operating Income": 24,
        "EBIT": 28,
        "Net Income": 21
    },
    "2019-01-31": {
        "Diluted EPS": -0.13,
        "Total Revenue": 192,
        "Gross Profit": 65,
        "Operating Income": -5,
        "EBIT": -1,
        "Net Income": -3
    },
    "2018-10-31": {
        "Diluted EPS": 0.16,
        "Total Revenue": 190,
        "Gross Profit": 67,
        "Operating Income": 1,
        "EBIT": 5,
        "Net Income": 4
    },
    "2018-07-31": {
        "Diluted EPS": 0.26,
        "Total Revenue": 209,
        "Gross Profit": 79,
        "Operating Income": 6,
        "EBIT": 10,
        "Net Income": 6
    },
    "2018-04-30": {
        "Diluted EPS": 0.94,
        "Total Revenue": 238,
        "Gross Profit": 96,
        "Operating Income": 26,
        "EBIT": 30,
        "Net Income": 23
    },
    "2018-01-31": {
        "Diluted EPS": -0.59,
        "Total Revenue": 213,
        "Gross Profit": 71,
        "Operating Income": -9,
        "EBIT": -5,
        "Net Income": -15
    },
    "2017-10-31": {
        "Diluted EPS": 0.11,
        "Total Revenue": 190,
        "Gross Profit": 66,
        "Operating Income": -1,
        "EBIT": 4,
        "Net Income": 3
    },
    "2017-07-31": {
        "Diluted EPS": -0.03,
        "Total Revenue": 207,
        "Gross Profit": 66,
        "Operating Income": -3,
        "EBIT": 1,
        "Net Income": -1
    },
    "2017-04-30": {
        "Diluted EPS": 0.85,
        "Total Revenue": 240,
        "Gross Profit": 94,
        "Operating Income": 25,
        "EBIT": 30,
        "Net Income": 22
    },
    "2017-01-31": {
        "Diluted EPS": -0.44,
        "Total Revenue": 220,
        "Gross Profit": 65,
        "Operating Income": -24,
        "EBIT": -18,
        "Net Income": -13
    },
    "2016-10-31": {
        "Diluted EPS": 0.3,
        "Total Revenue": 209,
        "Gross Profit": 76,
        "Operating Income": 2,
        "EBIT": 8,
        "Net Income": 8
    },
    "2016-07-31": {
        "Diluted EPS": 0.57,
        "Total Revenue": 239,
        "Gross Profit": 90,
        "Operating Income": 17,
        "EBIT": 22,
        "Net Income": 16
    },
    "2016-04-30": {
        "Diluted EPS": 1.29,
        "Total Revenue": 288,
        "Gross Profit": 124,
        "Operating Income": 47,
        "EBIT": 53,
        "Net Income": 35
    },
    "2016-01-31": {
        "Diluted EPS": 0.42,
        "Total Revenue": 250,
        "Gross Profit": 91,
        "Operating Income": 16,
        "EBIT": 22,
        "Net Income": 12
    },
    "2015-10-31": {
        "Diluted EPS": 0.3,
        "Total Revenue": 225,
        "Gross Profit": 85,
        "Operating Income": 9,
        "EBIT": 15,
        "Net Income": 8
    },
    "2015-07-31": {
        "Diluted EPS": 0.56,
        "Total Revenue": 251,
        "Gross Profit": 97,
        "Operating Income": 24,
        "EBIT": 30,
        "Net Income": 15
    },
    "2015-04-30": {
        "Diluted EPS": 1.11,
        "Total Revenue": 284,
        "Gross Profit": 121,
        "Operating Income": 47,
        "EBIT": 53,
        "Net Income": 30
    },
    "2015-01-31": {
        "Diluted EPS": 0.35,
        "Total Revenue": 240,
        "Gross Profit": 89,
        "Operating Income": 11,
        "EBIT": 16,
        "Net Income": 9
    },
    "2014-10-31": {
        "Diluted EPS": 0.2,
        "Total Revenue": 216,
        "Gross Profit": 80,
        "Operating Income": 6,
        "EBIT": 12,
        "Net Income": 6
    },
    "2014-07-31": {
        "Diluted EPS": 0.56,
        "Total Revenue": 246,
        "Gross Profit": 97,
        "Operating Income": 24,
        "EBIT": 29,
        "Net Income": 15
    },
    "2014-04-30": {
        "Diluted EPS": 1.04,
        "Total Revenue": 285,
        "Gross Profit": 120,
        "Operating Income": 47,
        "EBIT": 53,
        "Net Income": 29
    },
    "2014-01-31": {
        "Diluted EPS": 0.13,
        "Total Revenue": 218,
        "Gross Profit": 77,
        "Operating Income": 5,
        "EBIT": 12,
        "Net Income": 3
    },
    "2013-10-31": {
        "Diluted EPS": 0.17,
        "Total Revenue": 201,
        "Gross Profit": 72,
        "Operating Income": 6,
        "EBIT": 11,
        "Net Income": 5
    },
    "2013-07-31": {
        "Diluted EPS": 0.51,
        "Total Revenue": 232,
        "Gross Profit": 87,
        "Operating Income": 22,
        "EBIT": 26,
        "Net Income": 15
    },
    "2013-04-30": {
        "Diluted EPS": 1.05,
        "Total Revenue": 270,
        "Gross Profit": 113,
        "Operating Income": 48,
        "EBIT": 53,
        "Net Income": 31
    },
    "2013-01-31": {
        "Diluted EPS": 0.27,
        "Total Revenue": 235,
        "Gross Profit": 83,
        "Operating Income": 12,
        "EBIT": 18,
        "Net Income": 7
    },
    "2012-10-31": {
        "Diluted EPS": 0.16,
        "Total Revenue": 200,
        "Gross Profit": 70,
        "Operating Income": 6,
        "EBIT": 11,
        "Net Income": 5
    },
    "2012-07-31": {
        "Diluted EPS": 0.59,
        "Total Revenue": 234,
        "Gross Profit": 92,
        "Operating Income": 27,
        "EBIT": 32,
        "Net Income": 17
    },
    "2012-04-30": {
        "Diluted EPS": 1.09,
        "Total Revenue": 275,
        "Gross Profit": 118,
        "Operating Income": 50,
        "EBIT": 56,
        "Net Income": 32
    },
    "2012-01-31": {
        "Diluted EPS": 0.35,
        "Total Revenue": 224,
        "Gross Profit": 80,
        "Operating Income": 15,
        "EBIT": 20,
        "Net Income": 10
    },
    "2011-10-31": {
        "Diluted EPS": 0.21,
        "Total Revenue": 197,
        "Gross Profit": 71,
        "Operating Income": 8,
        "EBIT": 13,
        "Net Income": 6
    },
    "2011-07-31": {
        "Diluted EPS": 0.61,
        "Total Revenue": 237,
        "Gross Profit": 92,
        "Operating Income": 27,
        "EBIT": 33,
        "Net Income": 18
    },
    "2011-04-30": {
        "Diluted EPS": 1.04,
        "Total Revenue": 274,
        "Gross Profit": 115,
        "Operating Income": 47,
        "EBIT": 52,
        "Net Income": 30
    },
    "2011-01-31": {
        "Diluted EPS": 0.37,
        "Total Revenue": 227,
        "Gross Profit": 82,
        "Operating Income": 17,
        "EBIT": 22,
        "Net Income": 10
    },
    "2010-10-31": {
        "Diluted EPS": 0.2,
        "Total Revenue": 201,
        "Gross Profit": 74,
        "Operating Income": 8,
        "EBIT": 13,
        "Net Income": 6
    },
    "2010-07-31": {
        "Diluted EPS": 0.58,
        "Total Revenue": 235,
        "Gross Profit": 93,
        "Operating Income": 26,
        "EBIT": 31,
        "Net Income": 17
    },
    "2010-04-30": {
        "Diluted EPS": 0.85,
        "Total Revenue": 262,
        "Gross Profit": 112,
        "Operating Income": 39,
        "EBIT": 44,
        "Net Income": 25
    },
    "2010-01-31": {
        "Diluted EPS": 0.23,
        "Total Revenue": 221,
        "Gross Profit": 77,
        "Operating Income": 8,
        "EBIT": 13,
        "Net Income": 6
    },
    "2009-10-31": {
        "Diluted EPS": 0.1,
        "Total Revenue": 194,
        "Gross Profit": 69,
        "Operating Income": 3,
        "EBIT": 9,
        "Net Income": 3
    },
    "2009-07-31": {
        "Diluted EPS": 0.56,
        "Total Revenue": 228,
        "Gross Profit": 85,
        "Operating Income": 23,
        "EBIT": 28,
        "Net Income": 17
    },
    "2009-04-30": {
        "Diluted EPS": 0.64,
        "Total Revenue": 241,
        "Gross Profit": 99,
        "Operating Income": 29,
        "EBIT": 34,
        "Net Income": 19
    },
    "2009-01-31": {
        "Diluted EPS": 0.13,
        "Total Revenue": 212,
        "Gross Profit": 67,
        "Operating Income": 4,
        "EBIT": 10,
        "Net Income": 3
    },
    "2023-07-31": {
        "Tax Effect Of Unusual Items": NaN,
        "Tax Rate For Calcs": NaN,
        "Normalized EBITDA": NaN,
        "Net Income From Continuing Operation Net Minority Interest": NaN,
        "Reconciled Depreciation": NaN,
        "Reconciled Cost Of Revenue": NaN,
        "EBITDA": NaN,
        "EBIT": NaN,
        "Net Interest Income": NaN,
        "Interest Income": NaN,
        "Normalized Income": NaN,
        "Net Income From Continuing And Discontinued Operation": NaN,
        "Total Expenses": NaN,
        "Diluted Average Shares": 19395484.0,
        "Basic Average Shares": 19395484.0,
        "Diluted EPS": 0.06,
        "Basic EPS": 0.06,
        "Diluted NI Availto Com Stockholders": NaN,
        "Net Income Common Stockholders": NaN,
        "Otherunder Preferred Stock Dividend": NaN,
        "Net Income": NaN,
        "Net Income Including Noncontrolling Interests": NaN,
        "Net Income Continuous Operations": NaN,
        "Tax Provision": NaN,
        "Pretax Income": NaN,
        "Net Non Operating Interest Income Expense": NaN,
        "Interest Income Non Operating": NaN,
        "Operating Income": NaN,
        "Operating Expense": NaN,
        "Depreciation Amortization Depletion Income Statement": NaN,
        "Depreciation And Amortization In Income Statement": NaN,
        "Depreciation Income Statement": NaN,
        "Selling General And Administration": NaN,
        "Gross Profit": NaN,
        "Cost Of Revenue": NaN,
        "Total Revenue": NaN,
        "Operating Revenue": NaN
    },
    "2023-10-31": {
        "Tax Effect Of Unusual Items": NaN,
        "Tax Rate For Calcs": NaN,
        "Normalized EBITDA": NaN,
        "Net Income From Continuing Operation Net Minority Interest": NaN,
        "Reconciled Depreciation": NaN,
        "Reconciled Cost Of Revenue": NaN,
        "EBITDA": NaN,
        "EBIT": NaN,
        "Net Interest Income": NaN,
        "Interest Income": NaN,
        "Normalized Income": NaN,
        "Net Income From Continuing And Discontinued Operation": NaN,
        "Total Expenses": NaN,
        "Diluted Average Shares": 19421701.0,
        "Basic Average Shares": 19421701.0,
        "Diluted EPS": -0.3,
        "Basic EPS": -0.3,
        "Diluted NI Availto Com Stockholders": NaN,
        "Net Income Common Stockholders": NaN,
        "Otherunder Preferred Stock Dividend": NaN,
        "Net Income": NaN,
        "Net Income Including Noncontrolling Interests": NaN,
        "Net Income Continuous Operations": NaN,
        "Tax Provision": NaN,
        "Pretax Income": NaN,
        "Net Non Operating Interest Income Expense": NaN,
        "Interest Income Non Operating": NaN,
        "Operating Income": NaN,
        "Operating Expense": NaN,
        "Depreciation Amortization Depletion Income Statement": NaN,
        "Depreciation And Amortization In Income Statement": NaN,
        "Depreciation Income Statement": NaN,
        "Selling General And Administration": NaN,
        "Gross Profit": NaN,
        "Cost Of Revenue": NaN,
        "Total Revenue": NaN,
        "Operating Revenue": NaN
    },
    "2024-01-31": {
        "Tax Effect Of Unusual Items": 0.0,
        "Tax Rate For Calcs": 0.21,
        "Normalized EBITDA": -6192000.0,
        "Net Income From Continuing Operation Net Minority Interest": -23418000.0,
        "Reconciled Depreciation": 2500000.0,
        "Reconciled Cost Of Revenue": 118777000.0,
        "EBITDA": -6192000.0,
        "EBIT": -8692000.0,
        "Net Interest Income": 130000.0,
        "Interest Income": 165000.0,
        "Normalized Income": -23418000.0,
        "Net Income From Continuing And Discontinued Operation": -23418000.0,
        "Total Expenses": 188675000.0,
        "Diluted Average Shares": NaN,
        "Basic Average Shares": NaN,
        "Diluted EPS": NaN,
        "Basic EPS": NaN,
        "Diluted NI Availto Com Stockholders": -22120000.0,
        "Net Income Common Stockholders": -22120000.0,
        "Otherunder Preferred Stock Dividend": -1298000.0,
        "Net Income": NaN,
        "Net Income Including Noncontrolling Interests": -23418000.0,
        "Net Income Continuous Operations": -23418000.0,
        "Tax Provision": 10937000.0,
        "Pretax Income": NaN,
        "Net Non Operating Interest Income Expense": 130000.0,
        "Interest Income Non Operating": 165000.0,
        "Operating Income": -13793000.0,
        "Operating Expense": 69898000.0,
        "Depreciation Amortization Depletion Income Statement": 2500000.0,
        "Depreciation And Amortization In Income Statement": 2500000.0,
        "Depreciation Income Statement": 2500000.0,
        "Selling General And Administration": 67398000.0,
        "Gross Profit": 56105000.0,
        "Cost Of Revenue": 118777000.0,
        "Total Revenue": 174882000.0,
        "Operating Revenue": 172144000.0
    },
    "2024-04-30": {
        "Tax Effect Of Unusual Items": NaN,
        "Tax Rate For Calcs": NaN,
        "Normalized EBITDA": NaN,
        "Net Income From Continuing Operation Net Minority Interest": NaN,
        "Reconciled Depreciation": NaN,
        "Reconciled Cost Of Revenue": NaN,
        "EBITDA": NaN,
        "EBIT": NaN,
        "Net Interest Income": NaN,
        "Interest Income": NaN,
        "Normalized Income": NaN,
        "Net Income From Continuing And Discontinued Operation": NaN,
        "Total Expenses": NaN,
        "Diluted Average Shares": 19356789.0,
        "Basic Average Shares": 19356789.0,
        "Diluted EPS": 0.54,
        "Basic EPS": 0.54,
        "Diluted NI Availto Com Stockholders": NaN,
        "Net Income Common Stockholders": NaN,
        "Otherunder Preferred Stock Dividend": NaN,
        "Net Income": NaN,
        "Net Income Including Noncontrolling Interests": NaN,
        "Net Income Continuous Operations": NaN,
        "Tax Provision": NaN,
        "Pretax Income": NaN,
        "Net Non Operating Interest Income Expense": NaN,
        "Interest Income Non Operating": NaN,
        "Operating Income": NaN,
        "Operating Expense": NaN,
        "Depreciation Amortization Depletion Income Statement": NaN,
        "Depreciation And Amortization In Income Statement": NaN,
        "Depreciation Income Statement": NaN,
        "Selling General And Administration": NaN,
        "Gross Profit": NaN,
        "Cost Of Revenue": NaN,
        "Total Revenue": NaN,
        "Operating Revenue": NaN
    },
    "2024-07-31": {
        "Tax Effect Of Unusual Items": 0.0,
        "Tax Rate For Calcs": 0.21,
        "Normalized EBITDA": 1325000.0,
        "Net Income From Continuing Operation Net Minority Interest": 95000.0,
        "Reconciled Depreciation": 2329000.0,
        "Reconciled Cost Of Revenue": 109122000.0,
        "EBITDA": 1325000.0,
        "EBIT": -1004000.0,
        "Net Interest Income": 1742000.0,
        "Interest Income": 1742000.0,
        "Normalized Income": 95000.0,
        "Net Income From Continuing And Discontinued Operation": 95000.0,
        "Total Expenses": 169632000.0,
        "Diluted Average Shares": 19297484.0,
        "Basic Average Shares": 19297484.0,
        "Diluted EPS": 0.01,
        "Basic EPS": 0.01,
        "Diluted NI Availto Com Stockholders": 104000.0,
        "Net Income Common Stockholders": 104000.0,
        "Otherunder Preferred Stock Dividend": -9000.0,
        "Net Income": 95000.0,
        "Net Income Including Noncontrolling Interests": 95000.0,
        "Net Income Continuous Operations": 95000.0,
        "Tax Provision": 643000.0,
        "Pretax Income": 738000.0,
        "Net Non Operating Interest Income Expense": 1742000.0,
        "Interest Income Non Operating": 1742000.0,
        "Operating Income": -1004000.0,
        "Operating Expense": 60510000.0,
        "Depreciation Amortization Depletion Income Statement": 2329000.0,
        "Depreciation And Amortization In Income Statement": 2329000.0,
        "Depreciation Income Statement": 2329000.0,
        "Selling General And Administration": 58181000.0,
        "Gross Profit": 59506000.0,
        "Cost Of Revenue": 109122000.0,
        "Total Revenue": 168628000.0,
        "Operating Revenue": 166934000.0
    },
    "2024-10-31": {
        "Tax Effect Of Unusual Items": 0.0,
        "Tax Rate For Calcs": 0.21,
        "Normalized EBITDA": -14661000.0,
        "Net Income From Continuing Operation Net Minority Interest": -15074000.0,
        "Reconciled Depreciation": 2737000.0,
        "Reconciled Cost Of Revenue": 102955000.0,
        "EBITDA": -14661000.0,
        "EBIT": -17398000.0,
        "Net Interest Income": 2646000.0,
        "Interest Income": 2646000.0,
        "Normalized Income": -15074000.0,
        "Net Income From Continuing And Discontinued Operation": -15074000.0,
        "Total Expenses": 163568000.0,
        "Diluted Average Shares": 19081013.0,
        "Basic Average Shares": 19081013.0,
        "Diluted EPS": -0.79,
        "Basic EPS": -0.79,
        "Diluted NI Availto Com Stockholders": -15274000.0,
        "Net Income Common Stockholders": -15274000.0,
        "Otherunder Preferred Stock Dividend": 200000.0,
        "Net Income": -15074000.0,
        "Net Income Including Noncontrolling Interests": -15074000.0,
        "Net Income Continuous Operations": -15074000.0,
        "Tax Provision": 322000.0,
        "Pretax Income": -14752000.0,
        "Net Non Operating Interest Income Expense": 2646000.0,
        "Interest Income Non Operating": 2646000.0,
        "Operating Income": -17398000.0,
        "Operating Expense": 60613000.0,
        "Depreciation Amortization Depletion Income Statement": 2737000.0,
        "Depreciation And Amortization In Income Statement": 2737000.0,
        "Depreciation Income Statement": 2737000.0,
        "Selling General And Administration": 57876000.0,
        "Gross Profit": 43215000.0,
        "Cost Of Revenue": 102955000.0,
        "Total Revenue": 146170000.0,
        "Operating Revenue": 144642000.0
    },
    "2025-01-31": {
        "Tax Effect Of Unusual Items": 0.0,
        "Tax Rate For Calcs": 0.21,
        "Normalized EBITDA": -743000.0,
        "Net Income From Continuing Operation Net Minority Interest": -14052000.0,
        "Reconciled Depreciation": 2711000.0,
        "Reconciled Cost Of Revenue": 111858000.0,
        "EBITDA": -743000.0,
        "EBIT": -3454000.0,
        "Net Interest Income": -5249000.0,
        "Interest Income": -5190000.0,
        "Normalized Income": -14052000.0,
        "Net Income From Continuing And Discontinued Operation": -14052000.0,
        "Total Expenses": 173190000.0,
        "Diluted Average Shares": 18989189.0,
        "Basic Average Shares": 18989189.0,
        "Diluted EPS": -0.74,
        "Basic EPS": -0.74,
        "Diluted NI Availto Com Stockholders": -14052000.0,
        "Net Income Common Stockholders": -14052000.0,
        "Otherunder Preferred Stock Dividend": 0.0,
        "Net Income": -14052000.0,
        "Net Income Including Noncontrolling Interests": -14052000.0,
        "Net Income Continuous Operations": -14052000.0,
        "Tax Provision": 330000.0,
        "Pretax Income": -13722000.0,
        "Net Non Operating Interest Income Expense": -5249000.0,
        "Interest Income Non Operating": -5190000.0,
        "Operating Income": -15281000.0,
        "Operating Expense": 61332000.0,
        "Depreciation Amortization Depletion Income Statement": 2711000.0,
        "Depreciation And Amortization In Income Statement": 2711000.0,
        "Depreciation Income Statement": 2711000.0,
        "Selling General And Administration": 58621000.0,
        "Gross Profit": 46051000.0,
        "Cost Of Revenue": 111858000.0,
        "Total Revenue": 157909000.0,
        "Operating Revenue": 155292000.0
    },
    "2025-04-30": {
        "Tax Effect Of Unusual Items": 0.0,
        "Tax Rate For Calcs": 0.219,
        "Normalized EBITDA": 5599000.0,
        "Net Income From Continuing Operation Net Minority Interest": 3309000.0,
        "Reconciled Depreciation": 2564000.0,
        "Reconciled Cost Of Revenue": 109318000.0,
        "EBITDA": 5599000.0,
        "EBIT": 3035000.0,
        "Net Interest Income": 1202000.0,
        "Interest Income": 1202000.0,
        "Normalized Income": 3309000.0,
        "Net Income From Continuing And Discontinued Operation": 3309000.0,
        "Total Expenses": 167207000.0,
        "Diluted Average Shares": 18684837.0,
        "Basic Average Shares": 18684837.0,
        "Diluted EPS": 0.17,
        "Basic EPS": 0.17,
        "Diluted NI Availto Com Stockholders": 3117000.0,
        "Net Income Common Stockholders": 3117000.0,
        "Otherunder Preferred Stock Dividend": 192000.0,
        "Net Income": 3309000.0,
        "Net Income Including Noncontrolling Interests": 3309000.0,
        "Net Income Continuous Operations": 3309000.0,
        "Tax Provision": 928000.0,
        "Pretax Income": 4237000.0,
        "Net Non Operating Interest Income Expense": 1202000.0,
        "Interest Income Non Operating": 1202000.0,
        "Operating Income": 3035000.0,
        "Operating Expense": 57889000.0,
        "Depreciation Amortization Depletion Income Statement": 2564000.0,
        "Depreciation And Amortization In Income Statement": 2564000.0,
        "Depreciation Income Statement": 2564000.0,
        "Selling General And Administration": 55325000.0,
        "Gross Profit": 60924000.0,
        "Cost Of Revenue": 109318000.0,
        "Total Revenue": 170242000.0,
        "Operating Revenue": 168419000.0
    },
    "2025-07-31": {
        "Tax Effect Of Unusual Items": 0.0,
        "Tax Rate For Calcs": 0.21,
        "Normalized EBITDA": 7671000.0,
        "Net Income From Continuing Operation Net Minority Interest": 6832000.0,
        "Reconciled Depreciation": 2525000.0,
        "Reconciled Cost Of Revenue": 111467000.0,
        "EBITDA": 7671000.0,
        "EBIT": 5146000.0,
        "Net Interest Income": 1393000.0,
        "Interest Income": 1393000.0,
        "Normalized Income": 6832000.0,
        "Net Income From Continuing And Discontinued Operation": 6832000.0,
        "Total Expenses": 171363000.0,
        "Diluted Average Shares": 18809364.0,
        "Basic Average Shares": 18809364.0,
        "Diluted EPS": 0.35,
        "Basic EPS": 0.35,
        "Diluted NI Availto Com Stockholders": 6513000.0,
        "Net Income Common Stockholders": 6513000.0,
        "Otherunder Preferred Stock Dividend": 319000.0,
        "Net Income": 6832000.0,
        "Net Income Including Noncontrolling Interests": 6832000.0,
        "Net Income Continuous Operations": 6832000.0,
        "Tax Provision": -293000.0,
        "Pretax Income": 6539000.0,
        "Net Non Operating Interest Income Expense": 1393000.0,
        "Interest Income Non Operating": 1393000.0,
        "Operating Income": 5146000.0,
        "Operating Expense": 59896000.0,
        "Depreciation Amortization Depletion Income Statement": 2525000.0,
        "Depreciation And Amortization In Income Statement": 2525000.0,
        "Depreciation Income Statement": 2525000.0,
        "Selling General And Administration": 57371000.0,
        "Gross Profit": 65042000.0,
        "Cost Of Revenue": 111467000.0,
        "Total Revenue": 176509000.0,
        "Operating Revenue": 174653000.0
    },
    "2025-10-31": {
        "Tax Effect Of Unusual Items": 0.0,
        "Tax Rate For Calcs": 0.183092,
        "Normalized EBITDA": -6089000.0,
        "Net Income From Continuing Operation Net Minority Interest": -5189000.0,
        "Reconciled Depreciation": 2443000.0,
        "Reconciled Cost Of Revenue": 104518000.0,
        "EBITDA": -6089000.0,
        "EBIT": -8533000.0,
        "Net Interest Income": 2181000.0,
        "Interest Income": 2181000.0,
        "Normalized Income": -5189000.0,
        "Net Income From Continuing And Discontinued Operation": -5189000.0,
        "Total Expenses": 163935000.0,
        "Diluted Average Shares": 18814510.0,
        "Basic Average Shares": 18814510.0,
        "Diluted EPS": -0.28,
        "Basic EPS": -0.28,
        "Diluted NI Availto Com Stockholders": -5189000.0,
        "Net Income Common Stockholders": -5189000.0,
        "Otherunder Preferred Stock Dividend": 0.0,
        "Net Income": -5189000.0,
        "Net Income Including Noncontrolling Interests": -5189000.0,
        "Net Income Continuous Operations": -5189000.0,
        "Tax Provision": -1163000.0,
        "Pretax Income": -6352000.0,
        "Net Non Operating Interest Income Expense": 2181000.0,
        "Interest Income Non Operating": 2181000.0,
        "Operating Income": -8533000.0,
        "Operating Expense": 59418000.0,
        "Depreciation Amortization Depletion Income Statement": 2444000.0,
        "Depreciation And Amortization In Income Statement": 2444000.0,
        "Depreciation Income Statement": 2444000.0,
        "Selling General And Administration": 56974000.0,
        "Gross Profit": 50885000.0,
        "Cost Of Revenue": 104517000.0,
        "Total Revenue": 155402000.0,
        "Operating Revenue": 153739000.0
    }
}