{
    "2023-06-30": {
        "Tax Effect Of Unusual Items": 0.0,
        "Tax Rate For Calcs": 0.184,
        "Net Income From Continuing Operation Net Minority Interest": 5302000.0,
        "Reconciled Depreciation": 2279000.0,
        "Net Interest Income": 19181000.0,
        "Interest Expense": 11583000.0,
        "Interest Income": 30764000.0,
        "Normalized Income": 5302000.0,
        "Net Income From Continuing And Discontinued Operation": 5302000.0,
        "Diluted Average Shares": 17580557.0,
        "Basic Average Shares": 17580557.0,
        "Diluted EPS": 0.3,
        "Basic EPS": 0.3,
        "Diluted NI Availto Com Stockholders": 5302000.0,
        "Net Income Common Stockholders": 5302000.0,
        "Net Income": 5302000.0,
        "Net Income Including Noncontrolling Interests": 5302000.0,
        "Net Income Continuous Operations": 5302000.0,
        "Tax Provision": 1199000.0,
        "Pretax Income": 6501000.0,
        "Gain On Sale Of Security": 0.0,
        "Selling General And Administration": 14021000.0,
        "Selling And Marketing Expense": 673000.0,
        "General And Administrative Expense": 13348000.0,
        "Salaries And Wages": 13348000.0,
        "Total Revenue": 28133000.0,
        "Operating Revenue": 28133000.0,
        "Occupancy And Equipment": 1499000.0,
        "Professional Expense And Contract Services Expense": 881000.0,
        "Other Non Interest Expense": 5031000.0
    },
    "2023-03-31": {
        "Tax Effect Of Unusual Items": 0.0,
        "Tax Rate For Calcs": 0.182,
        "Total Unusual Items": NaN,
        "Total Unusual Items Excluding Goodwill": NaN,
        "Net Income From Continuing Operation Net Minority Interest": 5043000.0,
        "Reconciled Depreciation": 2233000.0,
        "Net Interest Income": 20568000.0,
        "Interest Expense": 7802000.0,
        "Interest Income": 28370000.0,
        "Normalized Income": 5043000.0,
        "Net Income From Continuing And Discontinued Operation": 5043000.0,
        "Diluted Average Shares": 17595688.0,
        "Basic Average Shares": 17595688.0,
        "Diluted EPS": 0.29,
        "Basic EPS": 0.29,
        "Diluted NI Availto Com Stockholders": 5043000.0,
        "Net Income Common Stockholders": 5043000.0,
        "Net Income": 5043000.0,
        "Net Income Including Noncontrolling Interests": 5043000.0,
        "Net Income Continuous Operations": 5043000.0,
        "Tax Provision": 1119000.0,
        "Pretax Income": 6162000.0,
        "Special Income Charges": NaN,
        "Restructuring And Mergern Acquisition": NaN,
        "Gain On Sale Of Security": 0.0,
        "Selling General And Administration": 13602000.0,
        "Selling And Marketing Expense": 993000.0,
        "General And Administrative Expense": 12609000.0,
        "Salaries And Wages": 12609000.0,
        "Total Revenue": 28227000.0,
        "Operating Revenue": 28227000.0,
        "Occupancy And Equipment": 1622000.0,
        "Professional Expense And Contract Services Expense": 715000.0,
        "Other Non Interest Expense": 5226000.0
    },
    "2022-12-31": {
        "Tax Effect Of Unusual Items": NaN,
        "Tax Rate For Calcs": NaN,
        "Total Unusual Items": 0.0,
        "Total Unusual Items Excluding Goodwill": 0.0,
        "Net Income From Continuing Operation Net Minority Interest": NaN,
        "Reconciled Depreciation": NaN,
        "Net Interest Income": NaN,
        "Interest Expense": NaN,
        "Interest Income": NaN,
        "Normalized Income": NaN,
        "Net Income From Continuing And Discontinued Operation": NaN,
        "Diluted Average Shares": NaN,
        "Basic Average Shares": NaN,
        "Diluted EPS": NaN,
        "Basic EPS": NaN,
        "Diluted NI Availto Com Stockholders": NaN,
        "Net Income Common Stockholders": NaN,
        "Net Income": NaN,
        "Net Income Including Noncontrolling Interests": NaN,
        "Net Income Continuous Operations": NaN,
        "Tax Provision": NaN,
        "Pretax Income": NaN,
        "Special Income Charges": 0.0,
        "Restructuring And Mergern Acquisition": 0.0,
        "Gain On Sale Of Security": NaN,
        "Selling General And Administration": NaN,
        "Selling And Marketing Expense": NaN,
        "General And Administrative Expense": NaN,
        "Salaries And Wages": NaN,
        "Total Revenue": NaN,
        "Operating Revenue": NaN,
        "Occupancy And Equipment": NaN,
        "Professional Expense And Contract Services Expense": NaN,
        "Other Non Interest Expense": NaN
    },
    "2022-09-30": {
        "Tax Effect Of Unusual Items": NaN,
        "Tax Rate For Calcs": NaN,
        "Total Unusual Items": -2000.0,
        "Total Unusual Items Excluding Goodwill": -2000.0,
        "Net Income From Continuing Operation Net Minority Interest": NaN,
        "Reconciled Depreciation": NaN,
        "Net Interest Income": NaN,
        "Interest Expense": NaN,
        "Interest Income": NaN,
        "Normalized Income": NaN,
        "Net Income From Continuing And Discontinued Operation": NaN,
        "Diluted Average Shares": NaN,
        "Basic Average Shares": NaN,
        "Diluted EPS": NaN,
        "Basic EPS": NaN,
        "Diluted NI Availto Com Stockholders": NaN,
        "Net Income Common Stockholders": NaN,
        "Net Income": NaN,
        "Net Income Including Noncontrolling Interests": NaN,
        "Net Income Continuous Operations": NaN,
        "Tax Provision": NaN,
        "Pretax Income": NaN,
        "Special Income Charges": -2000.0,
        "Restructuring And Mergern Acquisition": 2000.0,
        "Gain On Sale Of Security": NaN,
        "Selling General And Administration": NaN,
        "Selling And Marketing Expense": NaN,
        "General And Administrative Expense": NaN,
        "Salaries And Wages": NaN,
        "Total Revenue": NaN,
        "Operating Revenue": NaN
    },
    "2022-06-30": {
        "Tax Effect Of Unusual Items": -63.85311,
        "Tax Rate For Calcs": 0.063853,
        "Total Unusual Items": -1000.0,
        "Total Unusual Items Excluding Goodwill": -1000.0,
        "Net Income From Continuing Operation Net Minority Interest": 3416000.0,
        "Reconciled Depreciation": 3651000.0,
        "Net Interest Income": 19167000.0,
        "Interest Expense": 2005000.0,
        "Interest Income": 21172000.0,
        "Normalized Income": 3416936.14689,
        "Net Income From Continuing And Discontinued Operation": 3416000.0,
        "Diluted Average Shares": 17586276.0,
        "Basic Average Shares": 17586276.0,
        "Diluted EPS": 0.19,
        "Basic EPS": 0.19,
        "Diluted NI Availto Com Stockholders": 3416000.0,
        "Net Income Common Stockholders": 3416000.0,
        "Net Income": 3416000.0,
        "Net Income Including Noncontrolling Interests": 3416000.0,
        "Net Income Continuous Operations": 3416000.0,
        "Tax Provision": 233000.0,
        "Pretax Income": 3649000.0,
        "Special Income Charges": -1000.0,
        "Impairment Of Capital Assets": NaN,
        "Restructuring And Mergern Acquisition": 1000.0,
        "Gain On Sale Of Security": 0.0,
        "Selling General And Administration": 15489000.0,
        "Selling And Marketing Expense": 417000.0,
        "General And Administrative Expense": 15072000.0,
        "Other Gand A": 3622000.0,
        "Salaries And Wages": 15072000.0,
        "Total Revenue": 29225000.0,
        "Operating Revenue": 29225000.0
    },
    "2022-03-31": {
        "Diluted EPS": 0.34,
        "Total Revenue": 29,
        "Gross Profit": 28,
        "Operating Income": 6,
        "EBIT": NaN,
        "Net Income": 5
    },
    "2021-12-31": {
        "Diluted EPS": 0.27,
        "Total Revenue": 31,
        "Gross Profit": 29,
        "Operating Income": 7,
        "EBIT": NaN,
        "Net Income": 4
    },
    "2021-09-30": {
        "Diluted EPS": 0.45,
        "Total Revenue": 28,
        "Gross Profit": 27,
        "Operating Income": 8,
        "EBIT": NaN,
        "Net Income": 6
    },
    "2021-06-30": {
        "Diluted EPS": 0.42,
        "Total Revenue": 24,
        "Gross Profit": 23,
        "Operating Income": 6,
        "EBIT": NaN,
        "Net Income": 4
    },
    "2021-03-31": {
        "Diluted EPS": 0.52,
        "Total Revenue": 24,
        "Gross Profit": 23,
        "Operating Income": 7,
        "EBIT": NaN,
        "Net Income": 5
    },
    "2020-12-31": {
        "Diluted EPS": 0.51,
        "Total Revenue": 24,
        "Gross Profit": 22,
        "Operating Income": 6,
        "EBIT": NaN,
        "Net Income": 5
    },
    "2020-09-30": {
        "Diluted EPS": 0.33,
        "Total Revenue": 23,
        "Gross Profit": 21,
        "Operating Income": 5,
        "EBIT": NaN,
        "Net Income": 3
    },
    "2020-06-30": {
        "Diluted EPS": 0.23,
        "Total Revenue": 20,
        "Gross Profit": 18,
        "Operating Income": 3,
        "EBIT": NaN,
        "Net Income": 2
    },
    "2020-03-31": {
        "Diluted EPS": 0.17,
        "Total Revenue": 20,
        "Gross Profit": 17,
        "Operating Income": 2,
        "EBIT": NaN,
        "Net Income": 2
    },
    "2019-12-31": {
        "Diluted EPS": 0.28,
        "Total Revenue": 20,
        "Gross Profit": 17,
        "Operating Income": 3,
        "EBIT": NaN,
        "Net Income": 3
    },
    "2019-09-30": {
        "Diluted EPS": 0.27,
        "Total Revenue": 20,
        "Gross Profit": 17,
        "Operating Income": 4,
        "EBIT": NaN,
        "Net Income": 3
    },
    "2019-06-30": {
        "Diluted EPS": 0.23,
        "Total Revenue": 19,
        "Gross Profit": 16,
        "Operating Income": 5,
        "EBIT": NaN,
        "Net Income": 2
    },
    "2019-03-31": {
        "Diluted EPS": 0.34,
        "Total Revenue": 15,
        "Gross Profit": 13,
        "Operating Income": 4,
        "EBIT": NaN,
        "Net Income": 3
    },
    "2018-12-31": {
        "Diluted EPS": 0.35,
        "Total Revenue": 15,
        "Gross Profit": 13,
        "Operating Income": 4,
        "EBIT": NaN,
        "Net Income": 3
    },
    "2018-09-30": {
        "Diluted EPS": 0.32,
        "Total Revenue": 15,
        "Gross Profit": 13,
        "Operating Income": 3,
        "EBIT": NaN,
        "Net Income": 3
    },
    "2018-06-30": {
        "Diluted EPS": 0.36,
        "Total Revenue": 14,
        "Gross Profit": 12,
        "Operating Income": 4,
        "EBIT": NaN,
        "Net Income": 3
    },
    "2018-03-31": {
        "Diluted EPS": 0.37,
        "Total Revenue": 14,
        "Gross Profit": 13,
        "Operating Income": 4,
        "EBIT": NaN,
        "Net Income": 3
    },
    "2017-12-31": {
        "Diluted EPS": 0.07,
        "Total Revenue": 14,
        "Gross Profit": 12,
        "Operating Income": 5,
        "EBIT": NaN,
        "Net Income": 1
    },
    "2017-09-30": {
        "Diluted EPS": 0.3,
        "Total Revenue": 14,
        "Gross Profit": 12,
        "Operating Income": 4,
        "EBIT": NaN,
        "Net Income": 3
    },
    "2017-06-30": {
        "Diluted EPS": 0.28,
        "Total Revenue": 14,
        "Gross Profit": 12,
        "Operating Income": 4,
        "EBIT": NaN,
        "Net Income": 2
    },
    "2017-03-31": {
        "Diluted EPS": 0.22,
        "Total Revenue": 14,
        "Gross Profit": 12,
        "Operating Income": 3,
        "EBIT": NaN,
        "Net Income": 2
    },
    "2016-12-31": {
        "Diluted EPS": 0.21,
        "Total Revenue": 14,
        "Gross Profit": 12,
        "Operating Income": 5,
        "EBIT": NaN,
        "Net Income": 2
    },
    "2016-09-30": {
        "Diluted EPS": 0.22,
        "Total Revenue": 14,
        "Gross Profit": 12,
        "Operating Income": 3,
        "EBIT": NaN,
        "Net Income": 2
    },
    "2016-06-30": {
        "Diluted EPS": 0.21,
        "Total Revenue": 13,
        "Gross Profit": 12,
        "Operating Income": 3,
        "EBIT": NaN,
        "Net Income": 2
    },
    "2016-03-31": {
        "Diluted EPS": 0.2,
        "Total Revenue": 13,
        "Gross Profit": 12,
        "Operating Income": 3,
        "EBIT": NaN,
        "Net Income": 2
    },
    "2015-12-31": {
        "Diluted EPS": 0.19,
        "Total Revenue": 14,
        "Gross Profit": 12,
        "Operating Income": 4,
        "EBIT": NaN,
        "Net Income": 2
    },
    "2015-09-30": {
        "Diluted EPS": 0.19,
        "Total Revenue": 13,
        "Gross Profit": 12,
        "Operating Income": 3,
        "EBIT": NaN,
        "Net Income": 2
    },
    "2015-06-30": {
        "Diluted EPS": 0.18,
        "Total Revenue": 13,
        "Gross Profit": 12,
        "Operating Income": 3,
        "EBIT": NaN,
        "Net Income": 2
    },
    "2015-03-31": {
        "Diluted EPS": 0.15,
        "Total Revenue": 13,
        "Gross Profit": 11,
        "Operating Income": 3,
        "EBIT": NaN,
        "Net Income": 1
    },
    "2014-12-31": {
        "Diluted EPS": 0.15,
        "Total Revenue": 14,
        "Gross Profit": 12,
        "Operating Income": 4,
        "EBIT": NaN,
        "Net Income": 1
    },
    "2014-09-30": {
        "Diluted EPS": 0.16,
        "Total Revenue": 14,
        "Gross Profit": 12,
        "Operating Income": 3,
        "EBIT": NaN,
        "Net Income": 1
    },
    "2014-06-30": {
        "Diluted EPS": 0.16,
        "Total Revenue": 13,
        "Gross Profit": 12,
        "Operating Income": 3,
        "EBIT": NaN,
        "Net Income": 1
    },
    "2014-03-31": {
        "Diluted EPS": 0.1,
        "Total Revenue": 13,
        "Gross Profit": 11,
        "Operating Income": 2,
        "EBIT": NaN,
        "Net Income": 1
    },
    "2013-12-31": {
        "Diluted EPS": 0.15,
        "Total Revenue": 13,
        "Gross Profit": 12,
        "Operating Income": 4,
        "EBIT": NaN,
        "Net Income": 1
    },
    "2013-09-30": {
        "Diluted EPS": 0.08,
        "Total Revenue": 13,
        "Gross Profit": 12,
        "Operating Income": 2,
        "EBIT": NaN,
        "Net Income": 1
    },
    "2013-06-30": {
        "Diluted EPS": 0.07,
        "Total Revenue": 13,
        "Gross Profit": 11,
        "Operating Income": 2,
        "EBIT": NaN,
        "Net Income": 1
    },
    "2013-03-31": {
        "Diluted EPS": 0.07,
        "Total Revenue": 13,
        "Gross Profit": 11,
        "Operating Income": 1,
        "EBIT": NaN,
        "Net Income": 1
    },
    "2012-12-31": {
        "Diluted EPS": 0.02,
        "Total Revenue": 14,
        "Gross Profit": 12,
        "Operating Income": 2,
        "EBIT": NaN,
        "Net Income": 0
    },
    "2012-09-30": {
        "Diluted EPS": 0.05,
        "Total Revenue": 15,
        "Gross Profit": 12,
        "Operating Income": 1,
        "EBIT": NaN,
        "Net Income": 0
    },
    "2012-06-30": {
        "Diluted EPS": 0.05,
        "Total Revenue": 14,
        "Gross Profit": 11,
        "Operating Income": 1,
        "EBIT": NaN,
        "Net Income": 0
    },
    "2012-03-31": {
        "Diluted EPS": 0.02,
        "Total Revenue": 14,
        "Gross Profit": 11,
        "Operating Income": 1,
        "EBIT": NaN,
        "Net Income": 0
    },
    "2011-12-31": {
        "Diluted EPS": 0.01,
        "Total Revenue": 15,
        "Gross Profit": 12,
        "Operating Income": 2,
        "EBIT": NaN,
        "Net Income": 0
    },
    "2011-09-30": {
        "Diluted EPS": 0.02,
        "Total Revenue": 15,
        "Gross Profit": 11,
        "Operating Income": 1,
        "EBIT": NaN,
        "Net Income": 0
    },
    "2011-06-30": {
        "Diluted EPS": 0.02,
        "Total Revenue": 16,
        "Gross Profit": 11,
        "Operating Income": 1,
        "EBIT": NaN,
        "Net Income": 0
    },
    "2011-03-31": {
        "Diluted EPS": 0.08,
        "Total Revenue": 16,
        "Gross Profit": 11,
        "Operating Income": 1,
        "EBIT": NaN,
        "Net Income": 1
    },
    "2010-12-31": {
        "Diluted EPS": -0.02,
        "Total Revenue": 17,
        "Gross Profit": 12,
        "Operating Income": 2,
        "EBIT": NaN,
        "Net Income": 0
    },
    "2010-09-30": {
        "Diluted EPS": -0.16,
        "Total Revenue": 17,
        "Gross Profit": 12,
        "Operating Income": -2,
        "EBIT": NaN,
        "Net Income": -1
    },
    "2010-06-30": {
        "Diluted EPS": 0.02,
        "Total Revenue": 17,
        "Gross Profit": 12,
        "Operating Income": 1,
        "EBIT": NaN,
        "Net Income": 0
    },
    "2010-03-31": {
        "Diluted EPS": 0.05,
        "Total Revenue": 18,
        "Gross Profit": 12,
        "Operating Income": 1,
        "EBIT": NaN,
        "Net Income": 0
    },
    "2009-12-31": {
        "Diluted EPS": -2.02,
        "Total Revenue": 17,
        "Gross Profit": 12,
        "Operating Income": -16,
        "EBIT": NaN,
        "Net Income": -15
    },
    "2009-09-30": {
        "Diluted EPS": 0.0,
        "Total Revenue": 19,
        "Gross Profit": 13,
        "Operating Income": 1,
        "EBIT": NaN,
        "Net Income": 0
    },
    "2009-06-30": {
        "Diluted EPS": -0.94,
        "Total Revenue": 19,
        "Gross Profit": 12,
        "Operating Income": -10,
        "EBIT": NaN,
        "Net Income": -7
    },
    "2009-03-31": {
        "Diluted EPS": 0.11,
        "Total Revenue": 20,
        "Gross Profit": 13,
        "Operating Income": 1,
        "EBIT": NaN,
        "Net Income": 1
    },
    "2023-09-30": {
        "Tax Effect Of Unusual Items": NaN,
        "Tax Rate For Calcs": NaN,
        "Net Income From Continuing Operation Net Minority Interest": NaN,
        "Reconciled Depreciation": NaN,
        "Net Interest Income": NaN,
        "Interest Expense": NaN,
        "Interest Income": NaN,
        "Normalized Income": NaN,
        "Net Income From Continuing And Discontinued Operation": NaN,
        "Diluted Average Shares": 17569493.0,
        "Basic Average Shares": 17569493.0,
        "Diluted EPS": 0.33,
        "Basic EPS": 0.33,
        "Diluted NI Availto Com Stockholders": NaN,
        "Net Income Common Stockholders": NaN,
        "Net Income": NaN,
        "Net Income Including Noncontrolling Interests": NaN,
        "Net Income Continuous Operations": NaN,
        "Tax Provision": NaN,
        "Pretax Income": NaN,
        "Gain On Sale Of Security": NaN,
        "Selling General And Administration": NaN,
        "Selling And Marketing Expense": NaN,
        "General And Administrative Expense": NaN,
        "Salaries And Wages": NaN,
        "Total Revenue": NaN,
        "Operating Revenue": NaN,
        "Occupancy And Equipment": NaN,
        "Professional Expense And Contract Services Expense": NaN,
        "Other Non Interest Expense": NaN
    },
    "2023-12-31": {
        "Tax Effect Of Unusual Items": 0.0,
        "Tax Rate For Calcs": 0.21066,
        "Net Income From Continuing Operation Net Minority Interest": 5598000.0,
        "Reconciled Depreciation": 2049000.0,
        "Net Interest Income": 18874000.0,
        "Interest Expense": 14329000.0,
        "Interest Income": 33203000.0,
        "Normalized Income": 5598000.0,
        "Net Income From Continuing And Discontinued Operation": 5598000.0,
        "Diluted Average Shares": 17567839.0,
        "Basic Average Shares": 17567839.0,
        "Diluted EPS": 0.32,
        "Basic EPS": 0.32,
        "Diluted NI Availto Com Stockholders": 5598000.0,
        "Net Income Common Stockholders": 5598000.0,
        "Net Income": 5598000.0,
        "Net Income Including Noncontrolling Interests": 5598000.0,
        "Net Income Continuous Operations": 5598000.0,
        "Tax Provision": 1494000.0,
        "Pretax Income": 7092000.0,
        "Gain On Sale Of Security": 0.0,
        "Selling General And Administration": 12358000.0,
        "Selling And Marketing Expense": 1054000.0,
        "General And Administrative Expense": 11304000.0,
        "Salaries And Wages": 11304000.0,
        "Total Revenue": 28179000.0,
        "Operating Revenue": 28179000.0,
        "Occupancy And Equipment": 1542000.0,
        "Professional Expense And Contract Services Expense": 749000.0,
        "Other Non Interest Expense": 4938000.0
    },
    "2024-03-31": {
        "Tax Effect Of Unusual Items": 0.0,
        "Tax Rate For Calcs": 0.209223,
        "Net Income From Continuing Operation Net Minority Interest": 5333000.0,
        "Reconciled Depreciation": 2002000.0,
        "Net Interest Income": 18654000.0,
        "Interest Expense": 14656000.0,
        "Interest Income": 33310000.0,
        "Normalized Income": 5333000.0,
        "Net Income From Continuing And Discontinued Operation": 5333000.0,
        "Diluted Average Shares": 17560210.0,
        "Basic Average Shares": 17560210.0,
        "Diluted EPS": 0.3,
        "Basic EPS": 0.3,
        "Diluted NI Availto Com Stockholders": 5333000.0,
        "Net Income Common Stockholders": 5333000.0,
        "Net Income": 5333000.0,
        "Net Income Including Noncontrolling Interests": 5333000.0,
        "Net Income Continuous Operations": 5333000.0,
        "Tax Provision": 1411000.0,
        "Pretax Income": 6744000.0,
        "Gain On Sale Of Security": -555000.0,
        "Selling General And Administration": 12978000.0,
        "Selling And Marketing Expense": 960000.0,
        "General And Administrative Expense": 12018000.0,
        "Salaries And Wages": 12018000.0,
        "Total Revenue": 28141000.0,
        "Operating Revenue": 28141000.0,
        "Occupancy And Equipment": 1507000.0,
        "Professional Expense And Contract Services Expense": 834000.0,
        "Other Non Interest Expense": 5078000.0
    },
    "2024-06-30": {
        "Tax Effect Of Unusual Items": 0.0,
        "Tax Rate For Calcs": 0.209645,
        "Net Income From Continuing Operation Net Minority Interest": 5474000.0,
        "Reconciled Depreciation": 2228000.0,
        "Net Interest Income": 18409000.0,
        "Interest Expense": 14927000.0,
        "Interest Income": 33336000.0,
        "Normalized Income": 5474000.0,
        "Net Income From Continuing And Discontinued Operation": 5474000.0,
        "Diluted Average Shares": NaN,
        "Basic Average Shares": NaN,
        "Diluted EPS": NaN,
        "Basic EPS": NaN,
        "Diluted NI Availto Com Stockholders": 5474000.0,
        "Net Income Common Stockholders": 5474000.0,
        "Net Income": 5474000.0,
        "Net Income Including Noncontrolling Interests": 5474000.0,
        "Net Income Continuous Operations": 5474000.0,
        "Tax Provision": 1452000.0,
        "Pretax Income": 6926000.0,
        "Gain On Sale Of Security": -425000.0,
        "Selling General And Administration": 13244000.0,
        "Selling And Marketing Expense": 966000.0,
        "General And Administrative Expense": 12278000.0,
        "Salaries And Wages": 12278000.0,
        "Total Revenue": 27906000.0,
        "Operating Revenue": 27906000.0,
        "Occupancy And Equipment": 1474000.0,
        "Professional Expense And Contract Services Expense": 704000.0,
        "Other Non Interest Expense": 4908000.0
    },
    "2024-09-30": {
        "Tax Effect Of Unusual Items": 0.0,
        "Tax Rate For Calcs": 0.2,
        "Total Unusual Items": 0.0,
        "Total Unusual Items Excluding Goodwill": 0.0,
        "Net Income From Continuing Operation Net Minority Interest": 5629000.0,
        "Reconciled Depreciation": 1892000.0,
        "Net Interest Income": 18541000.0,
        "Interest Expense": 16063000.0,
        "Interest Income": 34604000.0,
        "Normalized Income": 5629000.0,
        "Net Income From Continuing And Discontinued Operation": 5629000.0,
        "Diluted Average Shares": 17587902.0,
        "Basic Average Shares": 17587902.0,
        "Diluted EPS": 0.32,
        "Basic EPS": 0.32,
        "Diluted NI Availto Com Stockholders": 5629000.0,
        "Net Income Common Stockholders": 5629000.0,
        "Net Income": 5629000.0,
        "Net Income Including Noncontrolling Interests": 5629000.0,
        "Net Income Continuous Operations": 5629000.0,
        "Tax Provision": 1409000.0,
        "Pretax Income": 7038000.0,
        "Special Income Charges": 0.0,
        "Restructuring And Mergern Acquisition": 0.0,
        "Gain On Sale Of Security": -454000.0,
        "Selling General And Administration": 13559000.0,
        "Selling And Marketing Expense": 965000.0,
        "General And Administrative Expense": 12594000.0,
        "Salaries And Wages": 12594000.0,
        "Total Revenue": 28623000.0,
        "Operating Revenue": 28623000.0,
        "Occupancy And Equipment": 1523000.0,
        "Professional Expense And Contract Services Expense": 748000.0,
        "Other Non Interest Expense": 5005000.0
    },
    "2024-12-31": {
        "Tax Effect Of Unusual Items": 0.0,
        "Tax Rate For Calcs": 0.161079,
        "Total Unusual Items": NaN,
        "Total Unusual Items Excluding Goodwill": NaN,
        "Net Income From Continuing Operation Net Minority Interest": 7432000.0,
        "Reconciled Depreciation": 2008000.0,
        "Net Interest Income": 20472000.0,
        "Interest Expense": 15519000.0,
        "Interest Income": 35991000.0,
        "Normalized Income": 7432000.0,
        "Net Income From Continuing And Discontinued Operation": 7432000.0,
        "Diluted Average Shares": 17531808.0,
        "Basic Average Shares": 17531808.0,
        "Diluted EPS": 0.42,
        "Basic EPS": 0.42,
        "Diluted NI Availto Com Stockholders": 7432000.0,
        "Net Income Common Stockholders": 7432000.0,
        "Net Income": 7432000.0,
        "Net Income Including Noncontrolling Interests": 7432000.0,
        "Net Income Continuous Operations": 7432000.0,
        "Tax Provision": 1427000.0,
        "Pretax Income": 8859000.0,
        "Special Income Charges": NaN,
        "Restructuring And Mergern Acquisition": NaN,
        "Gain On Sale Of Security": -401000.0,
        "Selling General And Administration": 13995000.0,
        "Selling And Marketing Expense": 1117000.0,
        "General And Administrative Expense": 12878000.0,
        "Salaries And Wages": 12878000.0,
        "Total Revenue": 30781000.0,
        "Operating Revenue": 30781000.0,
        "Occupancy And Equipment": 1644000.0,
        "Professional Expense And Contract Services Expense": 539000.0,
        "Other Non Interest Expense": 5094000.0
    },
    "2025-03-31": {
        "Tax Effect Of Unusual Items": 0.0,
        "Tax Rate For Calcs": 0.201,
        "Total Unusual Items": NaN,
        "Total Unusual Items Excluding Goodwill": NaN,
        "Net Income From Continuing Operation Net Minority Interest": 6613000.0,
        "Reconciled Depreciation": 1778000.0,
        "Net Interest Income": 20952000.0,
        "Interest Expense": 14573000.0,
        "Interest Income": 35525000.0,
        "Normalized Income": 6613000.0,
        "Net Income From Continuing And Discontinued Operation": 6613000.0,
        "Diluted Average Shares": 17509059.0,
        "Basic Average Shares": 17509059.0,
        "Diluted EPS": 0.38,
        "Basic EPS": 0.38,
        "Diluted NI Availto Com Stockholders": 6613000.0,
        "Net Income Common Stockholders": 6613000.0,
        "Net Income": 6613000.0,
        "Net Income Including Noncontrolling Interests": 6613000.0,
        "Net Income Continuous Operations": 6613000.0,
        "Tax Provision": 1662000.0,
        "Pretax Income": 8275000.0,
        "Special Income Charges": NaN,
        "Restructuring And Mergern Acquisition": NaN,
        "Gain On Sale Of Security": 0.0,
        "Selling General And Administration": 12710000.0,
        "Selling And Marketing Expense": 805000.0,
        "General And Administrative Expense": 11905000.0,
        "Salaries And Wages": 11905000.0,
        "Total Revenue": 29996000.0,
        "Operating Revenue": 29996000.0,
        "Occupancy And Equipment": 1580000.0,
        "Professional Expense And Contract Services Expense": 748000.0,
        "Other Non Interest Expense": 5183000.0
    },
    "2025-06-30": {
        "Tax Effect Of Unusual Items": 0.0,
        "Tax Rate For Calcs": 0.205,
        "Total Unusual Items": NaN,
        "Total Unusual Items Excluding Goodwill": NaN,
        "Net Income From Continuing Operation Net Minority Interest": 7978000.0,
        "Reconciled Depreciation": 1778000.0,
        "Net Interest Income": 22385000.0,
        "Interest Expense": 14450000.0,
        "Interest Income": 36835000.0,
        "Normalized Income": 7978000.0,
        "Net Income From Continuing And Discontinued Operation": 7978000.0,
        "Diluted Average Shares": 17448945.0,
        "Basic Average Shares": 17448945.0,
        "Diluted EPS": 0.46,
        "Basic EPS": 0.46,
        "Diluted NI Availto Com Stockholders": 7978000.0,
        "Net Income Common Stockholders": 7978000.0,
        "Net Income": 7978000.0,
        "Net Income Including Noncontrolling Interests": 7978000.0,
        "Net Income Continuous Operations": 7978000.0,
        "Tax Provision": 2051000.0,
        "Pretax Income": 10029000.0,
        "Special Income Charges": NaN,
        "Restructuring And Mergern Acquisition": NaN,
        "Gain On Sale Of Security": 0.0,
        "Selling General And Administration": 13807000.0,
        "Selling And Marketing Expense": 942000.0,
        "General And Administrative Expense": 12865000.0,
        "Salaries And Wages": 12865000.0,
        "Total Revenue": 32483000.0,
        "Operating Revenue": 32483000.0,
        "Occupancy And Equipment": 1683000.0,
        "Professional Expense And Contract Services Expense": 742000.0,
        "Other Non Interest Expense": 5772000.0
    },
    "2025-09-30": {
        "Tax Effect Of Unusual Items": -146400.0,
        "Tax Rate For Calcs": 0.2,
        "Total Unusual Items": -732000.0,
        "Total Unusual Items Excluding Goodwill": -732000.0,
        "Net Income From Continuing Operation Net Minority Interest": 5819000.0,
        "Reconciled Depreciation": 1863000.0,
        "Net Interest Income": 22699000.0,
        "Interest Expense": 14193000.0,
        "Interest Income": 36892000.0,
        "Normalized Income": 6404600.0,
        "Net Income From Continuing And Discontinued Operation": 5819000.0,
        "Diluted Average Shares": 17461434.0,
        "Basic Average Shares": 17461434.0,
        "Diluted EPS": 0.33,
        "Basic EPS": 0.33,
        "Diluted NI Availto Com Stockholders": 5819000.0,
        "Net Income Common Stockholders": 5819000.0,
        "Net Income": 5819000.0,
        "Net Income Including Noncontrolling Interests": 5819000.0,
        "Net Income Continuous Operations": 5819000.0,
        "Tax Provision": 1459000.0,
        "Pretax Income": 7278000.0,
        "Special Income Charges": -732000.0,
        "Restructuring And Mergern Acquisition": 732000.0,
        "Gain On Sale Of Security": -1039000.0,
        "Selling General And Administration": 14662000.0,
        "Selling And Marketing Expense": 1130000.0,
        "General And Administrative Expense": 13532000.0,
        "Salaries And Wages": 13532000.0,
        "Total Revenue": 32790000.0,
        "Operating Revenue": 32790000.0,
        "Occupancy And Equipment": 1732000.0,
        "Professional Expense And Contract Services Expense": 998000.0,
        "Other Non Interest Expense": 6488000.0
    }
}