{
    "2023-03-31": {
        "Tax Effect Of Unusual Items": NaN,
        "Tax Rate For Calcs": NaN,
        "Normalized EBITDA": NaN,
        "Total Unusual Items": NaN,
        "Total Unusual Items Excluding Goodwill": NaN,
        "Net Income From Continuing Operation Net Minority Interest": NaN,
        "Reconciled Depreciation": NaN,
        "Reconciled Cost Of Revenue": NaN,
        "EBITDA": NaN,
        "EBIT": NaN,
        "Net Interest Income": NaN,
        "Interest Income": NaN,
        "Normalized Income": NaN,
        "Net Income From Continuing And Discontinued Operation": NaN,
        "Total Expenses": NaN,
        "Total Operating Income As Reported": NaN,
        "Diluted Average Shares": NaN,
        "Basic Average Shares": NaN,
        "Diluted EPS": NaN,
        "Basic EPS": NaN,
        "Diluted NI Availto Com Stockholders": NaN,
        "Net Income Common Stockholders": NaN,
        "Net Income": NaN,
        "Minority Interests": NaN,
        "Net Income Including Noncontrolling Interests": NaN,
        "Net Income Continuous Operations": NaN,
        "Tax Provision": NaN,
        "Pretax Income": NaN,
        "Other Income Expense": NaN,
        "Other Non Operating Income Expenses": NaN,
        "Special Income Charges": NaN,
        "Gain On Sale Of Business": NaN,
        "Earnings From Equity Interest": 0.0,
        "Gain On Sale Of Security": 85000.0,
        "Net Non Operating Interest Income Expense": NaN,
        "Total Other Finance Cost": NaN,
        "Interest Income Non Operating": NaN,
        "Operating Income": NaN,
        "Operating Expense": NaN,
        "Provision For Doubtful Accounts": NaN,
        "Research And Development": NaN,
        "Selling General And Administration": NaN,
        "Selling And Marketing Expense": NaN,
        "General And Administrative Expense": NaN,
        "Other Gand A": NaN,
        "Gross Profit": NaN,
        "Cost Of Revenue": NaN,
        "Total Revenue": NaN,
        "Operating Revenue": NaN
    },
    "2022-12-31": {
        "Tax Effect Of Unusual Items": NaN,
        "Tax Rate For Calcs": NaN,
        "Normalized EBITDA": NaN,
        "Total Unusual Items": NaN,
        "Total Unusual Items Excluding Goodwill": NaN,
        "Net Income From Continuing Operation Net Minority Interest": NaN,
        "Reconciled Depreciation": NaN,
        "Reconciled Cost Of Revenue": NaN,
        "EBITDA": NaN,
        "EBIT": NaN,
        "Net Interest Income": NaN,
        "Interest Income": NaN,
        "Normalized Income": NaN,
        "Net Income From Continuing And Discontinued Operation": NaN,
        "Total Expenses": NaN,
        "Total Operating Income As Reported": NaN,
        "Diluted Average Shares": NaN,
        "Basic Average Shares": NaN,
        "Diluted EPS": NaN,
        "Basic EPS": NaN,
        "Diluted NI Availto Com Stockholders": NaN,
        "Net Income Common Stockholders": NaN,
        "Net Income": NaN,
        "Minority Interests": NaN,
        "Net Income Including Noncontrolling Interests": NaN,
        "Net Income Continuous Operations": NaN,
        "Tax Provision": NaN,
        "Pretax Income": NaN,
        "Other Income Expense": NaN,
        "Other Non Operating Income Expenses": NaN,
        "Special Income Charges": -6387786.0,
        "Gain On Sale Of Business": NaN,
        "Write Off": 0.0,
        "Earnings From Equity Interest": NaN,
        "Gain On Sale Of Security": 1011000.0,
        "Net Non Operating Interest Income Expense": NaN,
        "Total Other Finance Cost": NaN,
        "Interest Income Non Operating": NaN,
        "Operating Income": NaN,
        "Operating Expense": NaN,
        "Provision For Doubtful Accounts": NaN,
        "Research And Development": NaN,
        "Selling General And Administration": NaN,
        "Selling And Marketing Expense": NaN,
        "General And Administrative Expense": NaN,
        "Other Gand A": NaN,
        "Gross Profit": NaN,
        "Cost Of Revenue": NaN,
        "Total Revenue": NaN,
        "Operating Revenue": NaN
    },
    "2022-09-30": {
        "Tax Effect Of Unusual Items": NaN,
        "Tax Rate For Calcs": NaN,
        "Normalized EBITDA": NaN,
        "Total Unusual Items": NaN,
        "Total Unusual Items Excluding Goodwill": NaN,
        "Net Income From Continuing Operation Net Minority Interest": NaN,
        "Reconciled Depreciation": NaN,
        "Reconciled Cost Of Revenue": NaN,
        "EBITDA": NaN,
        "EBIT": NaN,
        "Net Interest Income": NaN,
        "Interest Income": 687345.0,
        "Normalized Income": NaN,
        "Net Income From Continuing And Discontinued Operation": NaN,
        "Total Expenses": NaN,
        "Total Operating Income As Reported": NaN,
        "Diluted Average Shares": 88996692.0,
        "Basic Average Shares": 88996692.0,
        "Diluted EPS": -3e-06,
        "Basic EPS": -3e-06,
        "Diluted NI Availto Com Stockholders": NaN,
        "Net Income Common Stockholders": NaN,
        "Net Income": NaN,
        "Minority Interests": NaN,
        "Net Income Including Noncontrolling Interests": NaN,
        "Net Income Continuous Operations": NaN,
        "Tax Provision": NaN,
        "Pretax Income": NaN,
        "Other Income Expense": NaN,
        "Other Non Operating Income Expenses": NaN,
        "Special Income Charges": 0.0,
        "Write Off": 0.0,
        "Earnings From Equity Interest": NaN,
        "Gain On Sale Of Security": NaN,
        "Net Non Operating Interest Income Expense": NaN,
        "Total Other Finance Cost": NaN,
        "Interest Income Non Operating": 687345.0,
        "Operating Income": NaN,
        "Operating Expense": NaN,
        "Provision For Doubtful Accounts": NaN,
        "Research And Development": NaN,
        "Selling General And Administration": NaN,
        "Selling And Marketing Expense": NaN,
        "General And Administrative Expense": NaN,
        "Other Gand A": NaN,
        "Gross Profit": NaN,
        "Cost Of Revenue": NaN,
        "Total Revenue": NaN,
        "Operating Revenue": NaN
    },
    "2022-06-30": {
        "Tax Effect Of Unusual Items": 320327.132661,
        "Tax Rate For Calcs": 0.150318,
        "Normalized EBITDA": -120418.0,
        "Total Unusual Items": 2131000.0,
        "Total Unusual Items Excluding Goodwill": 2131000.0,
        "Net Income From Continuing Operation Net Minority Interest": 805190.0,
        "Reconciled Depreciation": 1866093.0,
        "Reconciled Cost Of Revenue": 50814352.0,
        "EBITDA": 2010582.0,
        "EBIT": 144489.0,
        "Net Interest Income": -620490.0,
        "Interest Income": NaN,
        "Normalized Income": -1005482.867339,
        "Net Income From Continuing And Discontinued Operation": 805190.0,
        "Total Expenses": 56205171.0,
        "Total Operating Income As Reported": 144489.0,
        "Diluted Average Shares": 89019818.0,
        "Basic Average Shares": 89007924.0,
        "Diluted EPS": 0.009045,
        "Basic EPS": 0.009046,
        "Diluted NI Availto Com Stockholders": 805190.0,
        "Net Income Common Stockholders": 805190.0,
        "Net Income": 805190.0,
        "Minority Interests": -211075.0,
        "Net Income Including Noncontrolling Interests": 1016265.0,
        "Net Income Continuous Operations": 1016265.0,
        "Tax Provision": 179788.0,
        "Pretax Income": 1196053.0,
        "Other Income Expense": 1672054.0,
        "Other Non Operating Income Expenses": -458946.0,
        "Special Income Charges": 0.0,
        "Write Off": 0.0,
        "Gain On Sale Of Security": 2131000.0,
        "Net Non Operating Interest Income Expense": -620490.0,
        "Total Other Finance Cost": 620490.0,
        "Interest Income Non Operating": NaN,
        "Operating Income": 144489.0,
        "Operating Expense": 5390819.0,
        "Provision For Doubtful Accounts": -59826.0,
        "Research And Development": 2299466.0,
        "Selling General And Administration": 3151179.0,
        "Selling And Marketing Expense": 697664.0,
        "General And Administrative Expense": 2453515.0,
        "Other Gand A": 2453515.0,
        "Gross Profit": 5535308.0,
        "Cost Of Revenue": 50814352.0,
        "Total Revenue": 56349660.0,
        "Operating Revenue": 56349660.0
    },
    "2022-03-31": {
        "Diluted EPS": 0.01,
        "Total Revenue": 80,
        "Gross Profit": 5,
        "Operating Income": -1,
        "EBIT": 1,
        "Net Income": 0
    },
    "2021-12-31": {
        "Diluted EPS": 0.1,
        "Total Revenue": 28,
        "Gross Profit": 1,
        "Operating Income": -6,
        "EBIT": -4,
        "Net Income": 9
    },
    "2021-09-30": {
        "Diluted EPS": 0.23,
        "Total Revenue": 10,
        "Gross Profit": 1,
        "Operating Income": -3,
        "EBIT": -3,
        "Net Income": 20
    },
    "2021-06-30": {
        "Diluted EPS": 0.02,
        "Total Revenue": 6,
        "Gross Profit": 1,
        "Operating Income": -3,
        "EBIT": -2,
        "Net Income": 3
    },
    "2021-03-31": {
        "Diluted EPS": 0.35,
        "Total Revenue": 9,
        "Gross Profit": 2,
        "Operating Income": 0,
        "EBIT": 1,
        "Net Income": 30
    },
    "2020-12-31": {
        "Diluted EPS": -0.07,
        "Total Revenue": 15,
        "Gross Profit": 1,
        "Operating Income": -6,
        "EBIT": -5,
        "Net Income": -4
    },
    "2020-09-30": {
        "Diluted EPS": 0.0,
        "Total Revenue": 11,
        "Gross Profit": 1,
        "Operating Income": 0,
        "EBIT": 1,
        "Net Income": 0
    },
    "2020-06-30": {
        "Diluted EPS": -0.02,
        "Total Revenue": 5,
        "Gross Profit": 0,
        "Operating Income": -1,
        "EBIT": 0,
        "Net Income": -1
    },
    "2020-03-31": {
        "Diluted EPS": -0.04,
        "Total Revenue": 7,
        "Gross Profit": 0,
        "Operating Income": -2,
        "EBIT": -1,
        "Net Income": -2
    },
    "2019-12-31": {
        "Diluted EPS": -0.07,
        "Total Revenue": 5,
        "Gross Profit": 0,
        "Operating Income": -4,
        "EBIT": -3,
        "Net Income": -4
    },
    "2019-09-30": {
        "Diluted EPS": -0.04,
        "Total Revenue": 8,
        "Gross Profit": 1,
        "Operating Income": -2,
        "EBIT": -1,
        "Net Income": -2
    },
    "2019-06-30": {
        "Diluted EPS": -0.07,
        "Total Revenue": 4,
        "Gross Profit": 0,
        "Operating Income": -2,
        "EBIT": -1,
        "Net Income": -2
    },
    "2019-03-31": {
        "Diluted EPS": -0.1,
        "Total Revenue": 5,
        "Gross Profit": 0,
        "Operating Income": -3,
        "EBIT": -2,
        "Net Income": -3
    },
    "2018-12-31": {
        "Diluted EPS": -0.14,
        "Total Revenue": 9,
        "Gross Profit": 0,
        "Operating Income": -4,
        "EBIT": -3,
        "Net Income": -4
    },
    "2018-09-30": {
        "Diluted EPS": 0.3,
        "Total Revenue": 6,
        "Gross Profit": -2,
        "Operating Income": -4,
        "EBIT": -3,
        "Net Income": 8
    },
    "2018-06-30": {
        "Diluted EPS": -0.13,
        "Total Revenue": 6,
        "Gross Profit": -1,
        "Operating Income": -3,
        "EBIT": -3,
        "Net Income": -3
    },
    "2018-03-31": {
        "Diluted EPS": -0.1,
        "Total Revenue": 3,
        "Gross Profit": 0,
        "Operating Income": -2,
        "EBIT": -2,
        "Net Income": -3
    },
    "2017-12-31": {
        "Diluted EPS": -0.48,
        "Total Revenue": 31,
        "Gross Profit": -7,
        "Operating Income": -11,
        "EBIT": -11,
        "Net Income": -11
    },
    "2017-09-30": {
        "Diluted EPS": -0.16,
        "Total Revenue": 18,
        "Gross Profit": -1,
        "Operating Income": -4,
        "EBIT": -4,
        "Net Income": -4
    },
    "2017-06-30": {
        "Diluted EPS": -0.18,
        "Total Revenue": 6,
        "Gross Profit": -1,
        "Operating Income": -4,
        "EBIT": -3,
        "Net Income": -4
    },
    "2017-03-31": {
        "Diluted EPS": -0.1,
        "Total Revenue": 4,
        "Gross Profit": 0,
        "Operating Income": -2,
        "EBIT": -2,
        "Net Income": -2
    },
    "2016-12-31": {
        "Diluted EPS": 0.0,
        "Total Revenue": NaN,
        "Gross Profit": NaN,
        "Operating Income": NaN,
        "EBIT": NaN,
        "Net Income": NaN
    },
    "2016-09-30": {
        "Diluted EPS": -0.34,
        "Total Revenue": 0,
        "Gross Profit": -1,
        "Operating Income": -5,
        "EBIT": -5,
        "Net Income": -6
    },
    "2016-06-30": {
        "Diluted EPS": -0.15,
        "Total Revenue": 1,
        "Gross Profit": -1,
        "Operating Income": -3,
        "EBIT": -3,
        "Net Income": -3
    },
    "2016-03-31": {
        "Diluted EPS": -0.11,
        "Total Revenue": 3,
        "Gross Profit": 0,
        "Operating Income": -2,
        "EBIT": -2,
        "Net Income": -2
    },
    "2015-12-31": {
        "Diluted EPS": -0.12,
        "Total Revenue": 6,
        "Gross Profit": 0,
        "Operating Income": 6,
        "EBIT": 6,
        "Net Income": -2
    },
    "2015-09-30": {
        "Diluted EPS": 0.0,
        "Total Revenue": NaN,
        "Gross Profit": NaN,
        "Operating Income": NaN,
        "EBIT": NaN,
        "Net Income": NaN
    },
    "2015-06-30": {
        "Diluted EPS": -0.08,
        "Total Revenue": 2,
        "Gross Profit": 0,
        "Operating Income": -1,
        "EBIT": -1,
        "Net Income": -1
    },
    "2015-03-31": {
        "Diluted EPS": 0.08,
        "Total Revenue": 3,
        "Gross Profit": 0,
        "Operating Income": 0,
        "EBIT": 0,
        "Net Income": 1
    },
    "2014-12-31": {
        "Diluted EPS": 1.37,
        "Total Revenue": 3,
        "Gross Profit": 0,
        "Operating Income": 3,
        "EBIT": 3,
        "Net Income": 17
    },
    "2014-09-30": {
        "Diluted EPS": 0.0,
        "Total Revenue": NaN,
        "Gross Profit": NaN,
        "Operating Income": NaN,
        "EBIT": NaN,
        "Net Income": NaN
    },
    "2014-06-30": {
        "Diluted EPS": 2.92,
        "Total Revenue": 48,
        "Gross Profit": 4,
        "Operating Income": -4,
        "EBIT": 0,
        "Net Income": 37
    },
    "2014-03-31": {
        "Diluted EPS": -0.73,
        "Total Revenue": 33,
        "Gross Profit": 3,
        "Operating Income": -4,
        "EBIT": 1,
        "Net Income": -9
    },
    "2013-12-31": {
        "Diluted EPS": -0.42,
        "Total Revenue": 41,
        "Gross Profit": 3,
        "Operating Income": 41,
        "EBIT": 41,
        "Net Income": -5
    },
    "2013-09-30": {
        "Diluted EPS": 0.0,
        "Total Revenue": NaN,
        "Gross Profit": NaN,
        "Operating Income": NaN,
        "EBIT": NaN,
        "Net Income": NaN
    },
    "2013-06-30": {
        "Diluted EPS": -0.81,
        "Total Revenue": 46,
        "Gross Profit": -1,
        "Operating Income": -8,
        "EBIT": -3,
        "Net Income": -10
    },
    "2013-03-31": {
        "Diluted EPS": -1.56,
        "Total Revenue": 44,
        "Gross Profit": -4,
        "Operating Income": -17,
        "EBIT": -7,
        "Net Income": -20
    },
    "2012-12-31": {
        "Diluted EPS": -2.23,
        "Total Revenue": 64,
        "Gross Profit": -4,
        "Operating Income": 64,
        "EBIT": 64,
        "Net Income": -28
    },
    "2012-09-30": {
        "Diluted EPS": 0.0,
        "Total Revenue": NaN,
        "Gross Profit": NaN,
        "Operating Income": NaN,
        "EBIT": NaN,
        "Net Income": NaN
    },
    "2012-06-30": {
        "Diluted EPS": -2.19,
        "Total Revenue": 47,
        "Gross Profit": -5,
        "Operating Income": -24,
        "EBIT": -19,
        "Net Income": -28
    },
    "2012-03-31": {
        "Diluted EPS": -1.24,
        "Total Revenue": 33,
        "Gross Profit": -4,
        "Operating Income": -13,
        "EBIT": -3,
        "Net Income": -16
    },
    "2011-12-31": {
        "Diluted EPS": -0.14,
        "Total Revenue": 72,
        "Gross Profit": 14,
        "Operating Income": 72,
        "EBIT": 72,
        "Net Income": -2
    },
    "2011-09-30": {
        "Diluted EPS": 0.0,
        "Total Revenue": NaN,
        "Gross Profit": NaN,
        "Operating Income": NaN,
        "EBIT": NaN,
        "Net Income": NaN
    },
    "2011-06-30": {
        "Diluted EPS": -0.6,
        "Total Revenue": 47,
        "Gross Profit": 4,
        "Operating Income": -5,
        "EBIT": 0,
        "Net Income": -7
    },
    "2011-03-31": {
        "Diluted EPS": -0.3,
        "Total Revenue": 47,
        "Gross Profit": 4,
        "Operating Income": -2,
        "EBIT": 7,
        "Net Income": -4
    },
    "2010-12-31": {
        "Diluted EPS": -0.3,
        "Total Revenue": 64,
        "Gross Profit": 10,
        "Operating Income": 64,
        "EBIT": 64,
        "Net Income": -4
    },
    "2010-09-30": {
        "Diluted EPS": 0.0,
        "Total Revenue": NaN,
        "Gross Profit": NaN,
        "Operating Income": NaN,
        "EBIT": NaN,
        "Net Income": NaN
    },
    "2010-06-30": {
        "Diluted EPS": -1.45,
        "Total Revenue": 59,
        "Gross Profit": -1,
        "Operating Income": -18,
        "EBIT": -14,
        "Net Income": -18
    },
    "2010-03-31": {
        "Diluted EPS": -0.2,
        "Total Revenue": 50,
        "Gross Profit": 9,
        "Operating Income": 1,
        "EBIT": 10,
        "Net Income": -3
    },
    "2009-12-31": {
        "Diluted EPS": -0.3,
        "Total Revenue": 50,
        "Gross Profit": 10,
        "Operating Income": 50,
        "EBIT": 50,
        "Net Income": -3
    },
    "2009-09-30": {
        "Diluted EPS": 0.0,
        "Total Revenue": NaN,
        "Gross Profit": NaN,
        "Operating Income": NaN,
        "EBIT": NaN,
        "Net Income": NaN
    },
    "2009-06-30": {
        "Diluted EPS": -0.45,
        "Total Revenue": 45,
        "Gross Profit": 5,
        "Operating Income": -4,
        "EBIT": 0,
        "Net Income": -5
    },
    "2009-03-31": {
        "Diluted EPS": -0.5,
        "Total Revenue": 41,
        "Gross Profit": 3,
        "Operating Income": -3,
        "EBIT": 4,
        "Net Income": -6
    },
    "2023-06-30": {
        "Tax Effect Of Unusual Items": NaN,
        "Tax Rate For Calcs": NaN,
        "Normalized EBITDA": NaN,
        "Total Unusual Items": NaN,
        "Total Unusual Items Excluding Goodwill": NaN,
        "Net Income From Continuing Operation Net Minority Interest": NaN,
        "Reconciled Depreciation": NaN,
        "Reconciled Cost Of Revenue": NaN,
        "EBITDA": NaN,
        "EBIT": NaN,
        "Net Interest Income": NaN,
        "Interest Income": 252472.0,
        "Normalized Income": NaN,
        "Net Income From Continuing And Discontinued Operation": NaN,
        "Total Expenses": NaN,
        "Total Operating Income As Reported": NaN,
        "Diluted Average Shares": 89030137.0,
        "Basic Average Shares": 89030137.0,
        "Diluted EPS": -0.03,
        "Basic EPS": -0.03,
        "Diluted NI Availto Com Stockholders": NaN,
        "Net Income Common Stockholders": NaN,
        "Net Income": NaN,
        "Minority Interests": NaN,
        "Net Income Including Noncontrolling Interests": NaN,
        "Net Income Continuous Operations": NaN,
        "Tax Provision": NaN,
        "Pretax Income": NaN,
        "Other Income Expense": NaN,
        "Other Non Operating Income Expenses": NaN,
        "Special Income Charges": 0.0,
        "Gain On Sale Of Business": 0.0,
        "Earnings From Equity Interest": 0.0,
        "Gain On Sale Of Security": 36000.0,
        "Net Non Operating Interest Income Expense": NaN,
        "Total Other Finance Cost": NaN,
        "Interest Income Non Operating": 252472.0,
        "Operating Income": NaN,
        "Operating Expense": NaN,
        "Provision For Doubtful Accounts": NaN,
        "Research And Development": NaN,
        "Selling General And Administration": NaN,
        "Selling And Marketing Expense": NaN,
        "General And Administrative Expense": NaN,
        "Other Gand A": NaN,
        "Gross Profit": NaN,
        "Cost Of Revenue": NaN,
        "Total Revenue": NaN,
        "Operating Revenue": NaN
    },
    "2023-09-30": {
        "Tax Effect Of Unusual Items": NaN,
        "Tax Rate For Calcs": NaN,
        "Normalized EBITDA": NaN,
        "Total Unusual Items": NaN,
        "Total Unusual Items Excluding Goodwill": NaN,
        "Net Income From Continuing Operation Net Minority Interest": NaN,
        "Reconciled Depreciation": NaN,
        "Reconciled Cost Of Revenue": NaN,
        "EBITDA": NaN,
        "EBIT": NaN,
        "Net Interest Income": NaN,
        "Interest Income": NaN,
        "Normalized Income": NaN,
        "Net Income From Continuing And Discontinued Operation": NaN,
        "Total Expenses": NaN,
        "Total Operating Income As Reported": NaN,
        "Diluted Average Shares": 89904319.0,
        "Basic Average Shares": 89473026.0,
        "Diluted EPS": 0.07,
        "Basic EPS": 0.07,
        "Diluted NI Availto Com Stockholders": NaN,
        "Net Income Common Stockholders": NaN,
        "Net Income": NaN,
        "Minority Interests": NaN,
        "Net Income Including Noncontrolling Interests": NaN,
        "Net Income Continuous Operations": NaN,
        "Tax Provision": NaN,
        "Pretax Income": NaN,
        "Other Income Expense": NaN,
        "Other Non Operating Income Expenses": NaN,
        "Special Income Charges": NaN,
        "Gain On Sale Of Business": 0.0,
        "Write Off": NaN,
        "Earnings From Equity Interest": NaN,
        "Gain On Sale Of Security": 15000.0,
        "Net Non Operating Interest Income Expense": NaN,
        "Total Other Finance Cost": NaN,
        "Interest Income Non Operating": NaN,
        "Operating Income": NaN,
        "Operating Expense": NaN,
        "Provision For Doubtful Accounts": NaN,
        "Research And Development": NaN,
        "Selling General And Administration": NaN,
        "Selling And Marketing Expense": NaN,
        "General And Administrative Expense": NaN,
        "Other Gand A": NaN,
        "Gross Profit": NaN,
        "Cost Of Revenue": NaN,
        "Total Revenue": NaN,
        "Operating Revenue": NaN
    },
    "2023-12-31": {
        "Tax Effect Of Unusual Items": NaN,
        "Tax Rate For Calcs": NaN,
        "Normalized EBITDA": NaN,
        "Total Unusual Items": NaN,
        "Total Unusual Items Excluding Goodwill": NaN,
        "Net Income From Continuing Operation Net Minority Interest": NaN,
        "Reconciled Depreciation": NaN,
        "Reconciled Cost Of Revenue": NaN,
        "EBITDA": NaN,
        "EBIT": NaN,
        "Net Interest Income": NaN,
        "Interest Income": NaN,
        "Normalized Income": NaN,
        "Net Income From Continuing And Discontinued Operation": NaN,
        "Total Expenses": NaN,
        "Total Operating Income As Reported": NaN,
        "Diluted Average Shares": NaN,
        "Basic Average Shares": NaN,
        "Diluted EPS": NaN,
        "Basic EPS": NaN,
        "Diluted NI Availto Com Stockholders": NaN,
        "Net Income Common Stockholders": NaN,
        "Net Income": NaN,
        "Minority Interests": NaN,
        "Net Income Including Noncontrolling Interests": NaN,
        "Net Income Continuous Operations": NaN,
        "Tax Provision": NaN,
        "Pretax Income": NaN,
        "Other Income Expense": NaN,
        "Other Non Operating Income Expenses": NaN,
        "Special Income Charges": NaN,
        "Gain On Sale Of Business": NaN,
        "Write Off": NaN,
        "Earnings From Equity Interest": NaN,
        "Gain On Sale Of Security": 0.0,
        "Net Non Operating Interest Income Expense": NaN,
        "Total Other Finance Cost": -622148.0,
        "Interest Income Non Operating": NaN,
        "Operating Income": NaN,
        "Operating Expense": NaN,
        "Provision For Doubtful Accounts": 998512.0,
        "Research And Development": NaN,
        "Selling General And Administration": NaN,
        "Selling And Marketing Expense": NaN,
        "General And Administrative Expense": NaN,
        "Other Gand A": NaN,
        "Gross Profit": NaN,
        "Cost Of Revenue": NaN,
        "Total Revenue": NaN,
        "Operating Revenue": NaN
    },
    "2024-03-31": {
        "Tax Effect Of Unusual Items": 11258.10292,
        "Tax Rate For Calcs": 0.098744,
        "Normalized EBITDA": 12564175.0,
        "Total Unusual Items": 114013.0,
        "Total Unusual Items Excluding Goodwill": 114013.0,
        "Net Income From Continuing Operation Net Minority Interest": 9836450.0,
        "Reconciled Depreciation": 2529218.0,
        "Reconciled Cost Of Revenue": 40041385.0,
        "EBITDA": 12678188.0,
        "EBIT": 10148970.0,
        "Net Interest Income": 9663.0,
        "Interest Income": NaN,
        "Normalized Income": 9733695.10292,
        "Net Income From Continuing And Discontinued Operation": 9836450.0,
        "Total Expenses": 48673462.0,
        "Total Operating Income As Reported": 10262983.0,
        "Diluted Average Shares": 90123965.0,
        "Basic Average Shares": 89925024.0,
        "Diluted EPS": 0.11,
        "Basic EPS": 0.11,
        "Diluted NI Availto Com Stockholders": 9836450.0,
        "Net Income Common Stockholders": 9836450.0,
        "Net Income": 9836450.0,
        "Minority Interests": 263976.0,
        "Net Income Including Noncontrolling Interests": 9572474.0,
        "Net Income Continuous Operations": 9572474.0,
        "Tax Provision": 1048786.0,
        "Pretax Income": 10621260.0,
        "Other Income Expense": 462627.0,
        "Other Non Operating Income Expenses": 367438.0,
        "Special Income Charges": 114013.0,
        "Gain On Sale Of Business": NaN,
        "Write Off": -114013.0,
        "Earnings From Equity Interest": -18824.0,
        "Gain On Sale Of Security": NaN,
        "Net Non Operating Interest Income Expense": 9663.0,
        "Total Other Finance Cost": -9663.0,
        "Interest Income Non Operating": NaN,
        "Operating Income": 10148970.0,
        "Operating Expense": 8632077.0,
        "Provision For Doubtful Accounts": -114013.0,
        "Research And Development": 2815518.0,
        "Selling General And Administration": 5816559.0,
        "Selling And Marketing Expense": 1724032.0,
        "General And Administrative Expense": 4092527.0,
        "Other Gand A": 4092527.0,
        "Gross Profit": 18781047.0,
        "Cost Of Revenue": 40041385.0,
        "Total Revenue": 58822432.0,
        "Operating Revenue": 58822432.0
    },
    "2024-06-30": {
        "Tax Effect Of Unusual Items": 82167.336849,
        "Tax Rate For Calcs": 0.117341,
        "Normalized EBITDA": 6892947.0,
        "Total Unusual Items": 700242.0,
        "Total Unusual Items Excluding Goodwill": 700242.0,
        "Net Income From Continuing Operation Net Minority Interest": 6445462.0,
        "Reconciled Depreciation": 2319039.0,
        "Reconciled Cost Of Revenue": 35065019.0,
        "EBITDA": 7593189.0,
        "EBIT": 5274150.0,
        "Net Interest Income": 688721.0,
        "Interest Income": 688721.0,
        "Normalized Income": 5827387.336849,
        "Net Income From Continuing And Discontinued Operation": 6445462.0,
        "Total Expenses": 42518895.0,
        "Total Operating Income As Reported": 5947480.0,
        "Diluted Average Shares": 90111613.0,
        "Basic Average Shares": 89931617.0,
        "Diluted EPS": 0.07,
        "Basic EPS": 0.07,
        "Diluted NI Availto Com Stockholders": 6445462.0,
        "Net Income Common Stockholders": 6445462.0,
        "Net Income": 6445462.0,
        "Minority Interests": 422277.0,
        "Net Income Including Noncontrolling Interests": 6023185.0,
        "Net Income Continuous Operations": 6023185.0,
        "Tax Provision": 800727.0,
        "Pretax Income": 6823912.0,
        "Other Income Expense": 861041.0,
        "Other Non Operating Income Expenses": 141975.0,
        "Special Income Charges": 700242.0,
        "Gain On Sale Of Business": 26912.0,
        "Write Off": -673330.0,
        "Earnings From Equity Interest": 18824.0,
        "Gain On Sale Of Security": NaN,
        "Net Non Operating Interest Income Expense": 688721.0,
        "Total Other Finance Cost": NaN,
        "Interest Income Non Operating": 688721.0,
        "Operating Income": 5274150.0,
        "Operating Expense": 7453876.0,
        "Provision For Doubtful Accounts": -673330.0,
        "Research And Development": 2955509.0,
        "Selling General And Administration": 4498367.0,
        "Selling And Marketing Expense": 1368373.0,
        "General And Administrative Expense": 3129994.0,
        "Other Gand A": 3129994.0,
        "Gross Profit": 12728026.0,
        "Cost Of Revenue": 35065019.0,
        "Total Revenue": 47793045.0,
        "Operating Revenue": 47793045.0
    },
    "2024-09-30": {
        "Tax Effect Of Unusual Items": -136489.0,
        "Tax Rate For Calcs": 0.25,
        "Normalized EBITDA": 2476658.0,
        "Total Unusual Items": -545956.0,
        "Total Unusual Items Excluding Goodwill": -545956.0,
        "Net Income From Continuing Operation Net Minority Interest": 17647.0,
        "Reconciled Depreciation": 2212564.0,
        "Reconciled Cost Of Revenue": 37673684.0,
        "EBITDA": 1930702.0,
        "EBIT": -281862.0,
        "Net Interest Income": -40350.0,
        "Interest Income": NaN,
        "Normalized Income": 427114.0,
        "Net Income From Continuing And Discontinued Operation": 17647.0,
        "Total Expenses": 44910103.0,
        "Total Operating Income As Reported": -827873.0,
        "Diluted Average Shares": 90229849.0,
        "Basic Average Shares": 89931617.0,
        "Diluted EPS": 0.000196,
        "Basic EPS": 0.000196,
        "Diluted NI Availto Com Stockholders": 17647.0,
        "Net Income Common Stockholders": 17647.0,
        "Net Income": 17647.0,
        "Minority Interests": 703186.0,
        "Net Income Including Noncontrolling Interests": -685539.0,
        "Net Income Continuous Operations": -685539.0,
        "Tax Provision": 339287.0,
        "Pretax Income": -346252.0,
        "Other Income Expense": -24040.0,
        "Other Non Operating Income Expenses": 521916.0,
        "Special Income Charges": -545956.0,
        "Gain On Sale Of Business": 55.0,
        "Write Off": 546011.0,
        "Earnings From Equity Interest": NaN,
        "Gain On Sale Of Security": NaN,
        "Net Non Operating Interest Income Expense": -40350.0,
        "Total Other Finance Cost": 40350.0,
        "Interest Income Non Operating": NaN,
        "Operating Income": -281862.0,
        "Operating Expense": 7236419.0,
        "Provision For Doubtful Accounts": 546011.0,
        "Research And Development": 3434351.0,
        "Selling General And Administration": 3802068.0,
        "Selling And Marketing Expense": 1022549.0,
        "General And Administrative Expense": 2779519.0,
        "Other Gand A": 2779519.0,
        "Gross Profit": 6954557.0,
        "Cost Of Revenue": 37673684.0,
        "Total Revenue": 44628241.0,
        "Operating Revenue": 44628241.0
    },
    "2024-12-31": {
        "Tax Effect Of Unusual Items": -111531.057613,
        "Tax Rate For Calcs": 0.105822,
        "Normalized EBITDA": -2357794.0,
        "Total Unusual Items": -1053949.0,
        "Total Unusual Items Excluding Goodwill": -1053949.0,
        "Net Income From Continuing Operation Net Minority Interest": -4509527.0,
        "Reconciled Depreciation": 2109967.0,
        "Reconciled Cost Of Revenue": 22059276.0,
        "EBITDA": -3411743.0,
        "EBIT": -5521710.0,
        "Net Interest Income": 625056.0,
        "Interest Income": NaN,
        "Normalized Income": -3567109.057613,
        "Net Income From Continuing And Discontinued Operation": -4509527.0,
        "Total Expenses": 30892601.0,
        "Total Operating Income As Reported": -6594441.0,
        "Diluted Average Shares": NaN,
        "Basic Average Shares": NaN,
        "Diluted EPS": NaN,
        "Basic EPS": NaN,
        "Diluted NI Availto Com Stockholders": -4509527.0,
        "Net Income Common Stockholders": -4509527.0,
        "Net Income": -4509527.0,
        "Minority Interests": 815443.0,
        "Net Income Including Noncontrolling Interests": -5324970.0,
        "Net Income Continuous Operations": -5324970.0,
        "Tax Provision": -630187.0,
        "Pretax Income": -5955157.0,
        "Other Income Expense": -1058503.0,
        "Other Non Operating Income Expenses": 14223.0,
        "Special Income Charges": -1053949.0,
        "Gain On Sale Of Business": 18782.0,
        "Write Off": 597511.0,
        "Earnings From Equity Interest": NaN,
        "Gain On Sale Of Security": NaN,
        "Net Non Operating Interest Income Expense": 625056.0,
        "Total Other Finance Cost": -625056.0,
        "Interest Income Non Operating": NaN,
        "Operating Income": -5521710.0,
        "Operating Expense": 8833325.0,
        "Provision For Doubtful Accounts": 597511.0,
        "Research And Development": 3804704.0,
        "Selling General And Administration": 5028621.0,
        "Selling And Marketing Expense": 1082934.0,
        "General And Administrative Expense": 3945687.0,
        "Other Gand A": 3945687.0,
        "Gross Profit": 3311615.0,
        "Cost Of Revenue": 22059276.0,
        "Total Revenue": 25370891.0,
        "Operating Revenue": 25370891.0
    },
    "2025-03-31": {
        "Tax Effect Of Unusual Items": 0.0,
        "Tax Rate For Calcs": 0.0,
        "Normalized EBITDA": -564226.0,
        "Total Unusual Items": 58395.0,
        "Total Unusual Items Excluding Goodwill": 58395.0,
        "Net Income From Continuing Operation Net Minority Interest": -1579234.0,
        "Reconciled Depreciation": 2416583.0,
        "Reconciled Cost Of Revenue": 30137167.0,
        "EBITDA": -505831.0,
        "EBIT": -2922414.0,
        "Net Interest Income": 45120.0,
        "Interest Income": NaN,
        "Normalized Income": -1637629.0,
        "Net Income From Continuing And Discontinued Operation": -1579234.0,
        "Total Expenses": 37861315.0,
        "Total Operating Income As Reported": -2864019.0,
        "Diluted Average Shares": 89938690.0,
        "Basic Average Shares": 89938690.0,
        "Diluted EPS": -0.02,
        "Basic EPS": -0.02,
        "Diluted NI Availto Com Stockholders": -1579234.0,
        "Net Income Common Stockholders": -1579234.0,
        "Net Income": -1579234.0,
        "Minority Interests": 471748.0,
        "Net Income Including Noncontrolling Interests": -2050982.0,
        "Net Income Continuous Operations": -2050982.0,
        "Tax Provision": 0.0,
        "Pretax Income": -2050982.0,
        "Other Income Expense": 826312.0,
        "Other Non Operating Income Expenses": 712792.0,
        "Special Income Charges": 58395.0,
        "Gain On Sale Of Business": NaN,
        "Write Off": -58395.0,
        "Earnings From Equity Interest": 55125.0,
        "Gain On Sale Of Security": NaN,
        "Net Non Operating Interest Income Expense": 45120.0,
        "Total Other Finance Cost": -45120.0,
        "Interest Income Non Operating": NaN,
        "Operating Income": -2922414.0,
        "Operating Expense": 7724148.0,
        "Provision For Doubtful Accounts": NaN,
        "Research And Development": 3023961.0,
        "Selling General And Administration": 4700187.0,
        "Selling And Marketing Expense": 896050.0,
        "General And Administrative Expense": 3804137.0,
        "Other Gand A": 3804137.0,
        "Gross Profit": 4801734.0,
        "Cost Of Revenue": 30137167.0,
        "Total Revenue": 34938901.0,
        "Operating Revenue": 34938901.0
    }
}