{
    "2023-06-30": {
        "Tax Effect Of Unusual Items": NaN,
        "Tax Rate For Calcs": NaN,
        "Total Unusual Items": 0.0,
        "Total Unusual Items Excluding Goodwill": 0.0,
        "Net Income From Continuing Operation Net Minority Interest": NaN,
        "Reconciled Depreciation": NaN,
        "Net Interest Income": NaN,
        "Interest Expense": NaN,
        "Interest Income": NaN,
        "Normalized Income": NaN,
        "Net Income From Continuing And Discontinued Operation": NaN,
        "Diluted Average Shares": NaN,
        "Basic Average Shares": NaN,
        "Diluted EPS": NaN,
        "Basic EPS": NaN,
        "Diluted NI Availto Com Stockholders": NaN,
        "Net Income Common Stockholders": NaN,
        "Net Income": NaN,
        "Net Income Including Noncontrolling Interests": NaN,
        "Net Income Continuous Operations": NaN,
        "Tax Provision": NaN,
        "Pretax Income": NaN,
        "Special Income Charges": 0.0,
        "Restructuring And Mergern Acquisition": 0.0,
        "Selling General And Administration": NaN,
        "Selling And Marketing Expense": NaN,
        "General And Administrative Expense": NaN,
        "Other Gand A": NaN,
        "Salaries And Wages": NaN,
        "Total Revenue": NaN,
        "Operating Revenue": NaN,
        "Occupancy And Equipment": NaN,
        "Professional Expense And Contract Services Expense": NaN,
        "Other Non Interest Expense": NaN
    },
    "2023-03-31": {
        "Tax Effect Of Unusual Items": NaN,
        "Tax Rate For Calcs": NaN,
        "Total Unusual Items": 0.0,
        "Total Unusual Items Excluding Goodwill": 0.0,
        "Net Income From Continuing Operation Net Minority Interest": NaN,
        "Reconciled Depreciation": NaN,
        "Net Interest Income": NaN,
        "Interest Expense": NaN,
        "Interest Income": NaN,
        "Normalized Income": NaN,
        "Net Income From Continuing And Discontinued Operation": NaN,
        "Diluted Average Shares": NaN,
        "Basic Average Shares": NaN,
        "Diluted EPS": NaN,
        "Basic EPS": NaN,
        "Diluted NI Availto Com Stockholders": NaN,
        "Net Income Common Stockholders": NaN,
        "Net Income": NaN,
        "Net Income Including Noncontrolling Interests": NaN,
        "Net Income Continuous Operations": NaN,
        "Tax Provision": NaN,
        "Pretax Income": NaN,
        "Special Income Charges": 0.0,
        "Restructuring And Mergern Acquisition": 0.0,
        "Selling General And Administration": NaN,
        "Selling And Marketing Expense": NaN,
        "General And Administrative Expense": NaN,
        "Other Gand A": NaN,
        "Salaries And Wages": NaN,
        "Total Revenue": NaN,
        "Operating Revenue": NaN,
        "Occupancy And Equipment": NaN,
        "Professional Expense And Contract Services Expense": NaN,
        "Other Non Interest Expense": NaN
    },
    "2022-12-31": {
        "Tax Effect Of Unusual Items": NaN,
        "Tax Rate For Calcs": NaN,
        "Total Unusual Items": NaN,
        "Total Unusual Items Excluding Goodwill": NaN,
        "Net Income From Continuing Operation Net Minority Interest": NaN,
        "Reconciled Depreciation": NaN,
        "Net Interest Income": NaN,
        "Interest Expense": NaN,
        "Interest Income": NaN,
        "Normalized Income": NaN,
        "Net Income From Continuing And Discontinued Operation": NaN,
        "Diluted Average Shares": NaN,
        "Basic Average Shares": NaN,
        "Diluted EPS": NaN,
        "Basic EPS": NaN,
        "Diluted NI Availto Com Stockholders": NaN,
        "Net Income Common Stockholders": NaN,
        "Net Income": NaN,
        "Net Income Including Noncontrolling Interests": NaN,
        "Net Income Continuous Operations": NaN,
        "Tax Provision": NaN,
        "Pretax Income": NaN,
        "Special Income Charges": NaN,
        "Restructuring And Mergern Acquisition": NaN,
        "Gain On Sale Of Security": 0.0,
        "Selling General And Administration": NaN,
        "Selling And Marketing Expense": NaN,
        "General And Administrative Expense": NaN,
        "Other Gand A": NaN,
        "Salaries And Wages": NaN,
        "Total Revenue": NaN,
        "Operating Revenue": NaN,
        "Occupancy And Equipment": NaN,
        "Professional Expense And Contract Services Expense": NaN,
        "Other Non Interest Expense": NaN
    },
    "2022-09-30": {
        "Tax Effect Of Unusual Items": NaN,
        "Tax Rate For Calcs": NaN,
        "Total Unusual Items": NaN,
        "Total Unusual Items Excluding Goodwill": NaN,
        "Net Income From Continuing Operation Net Minority Interest": NaN,
        "Reconciled Depreciation": NaN,
        "Net Interest Income": NaN,
        "Interest Expense": NaN,
        "Interest Income": NaN,
        "Normalized Income": NaN,
        "Net Income From Continuing And Discontinued Operation": NaN,
        "Diluted Average Shares": NaN,
        "Basic Average Shares": NaN,
        "Diluted EPS": NaN,
        "Basic EPS": NaN,
        "Diluted NI Availto Com Stockholders": NaN,
        "Net Income Common Stockholders": NaN,
        "Net Income": NaN,
        "Net Income Including Noncontrolling Interests": NaN,
        "Net Income Continuous Operations": NaN,
        "Tax Provision": NaN,
        "Pretax Income": NaN,
        "Special Income Charges": NaN,
        "Restructuring And Mergern Acquisition": NaN,
        "Gain On Sale Of Security": 0.0,
        "Selling General And Administration": NaN,
        "Selling And Marketing Expense": NaN,
        "General And Administrative Expense": NaN,
        "Other Gand A": 7178000.0,
        "Salaries And Wages": NaN,
        "Total Revenue": NaN,
        "Operating Revenue": NaN
    },
    "2022-06-30": {
        "Tax Effect Of Unusual Items": 0.0,
        "Tax Rate For Calcs": 0.211619,
        "Net Income From Continuing Operation Net Minority Interest": 11508000.0,
        "Reconciled Depreciation": 355000.0,
        "Net Interest Income": 35400000.0,
        "Interest Expense": 1156000.0,
        "Interest Income": 36556000.0,
        "Normalized Income": 11508000.0,
        "Net Income From Continuing And Discontinued Operation": 11508000.0,
        "Diluted Average Shares": 14312848.0,
        "Basic Average Shares": 14007240.0,
        "Diluted EPS": 0.8,
        "Basic EPS": 0.82,
        "Diluted NI Availto Com Stockholders": 11508000.0,
        "Net Income Common Stockholders": 11508000.0,
        "Net Income": 11508000.0,
        "Net Income Including Noncontrolling Interests": 11508000.0,
        "Net Income Continuous Operations": 11508000.0,
        "Tax Provision": 3089000.0,
        "Pretax Income": 14597000.0,
        "Gain On Sale Of Security": 0.0,
        "Selling General And Administration": 19560000.0,
        "Selling And Marketing Expense": 2223000.0,
        "General And Administrative Expense": 17337000.0,
        "Other Gand A": 7266000.0,
        "Salaries And Wages": 10071000.0,
        "Total Revenue": 43762000.0,
        "Operating Revenue": 43762000.0
    },
    "2022-03-31": {
        "Diluted EPS": 0.71,
        "Total Revenue": 43,
        "Gross Profit": 42,
        "Operating Income": 14,
        "EBIT": NaN,
        "Net Income": 10
    },
    "2021-12-31": {
        "Diluted EPS": 0.72,
        "Total Revenue": 44,
        "Gross Profit": 43,
        "Operating Income": 14,
        "EBIT": NaN,
        "Net Income": 10
    },
    "2021-09-30": {
        "Diluted EPS": 0.79,
        "Total Revenue": 46,
        "Gross Profit": 45,
        "Operating Income": 15,
        "EBIT": NaN,
        "Net Income": 11
    },
    "2021-06-30": {
        "Diluted EPS": 0.68,
        "Total Revenue": 43,
        "Gross Profit": 41,
        "Operating Income": 13,
        "EBIT": NaN,
        "Net Income": 10
    },
    "2021-03-31": {
        "Diluted EPS": 0.65,
        "Total Revenue": 41,
        "Gross Profit": 38,
        "Operating Income": 12,
        "EBIT": NaN,
        "Net Income": 9
    },
    "2020-12-31": {
        "Diluted EPS": 0.71,
        "Total Revenue": 44,
        "Gross Profit": 42,
        "Operating Income": 13,
        "EBIT": NaN,
        "Net Income": 10
    },
    "2020-09-30": {
        "Diluted EPS": 0.61,
        "Total Revenue": 43,
        "Gross Profit": 40,
        "Operating Income": 12,
        "EBIT": NaN,
        "Net Income": 8
    },
    "2020-06-30": {
        "Diluted EPS": 0.34,
        "Total Revenue": 33,
        "Gross Profit": 30,
        "Operating Income": 7,
        "EBIT": NaN,
        "Net Income": 5
    },
    "2020-03-31": {
        "Diluted EPS": 0.21,
        "Total Revenue": 27,
        "Gross Profit": 23,
        "Operating Income": 4,
        "EBIT": NaN,
        "Net Income": 3
    },
    "2019-12-31": {
        "Diluted EPS": 0.36,
        "Total Revenue": 30,
        "Gross Profit": 25,
        "Operating Income": 7,
        "EBIT": NaN,
        "Net Income": 5
    },
    "2019-09-30": {
        "Diluted EPS": 0.32,
        "Total Revenue": 30,
        "Gross Profit": 25,
        "Operating Income": 6,
        "EBIT": NaN,
        "Net Income": 4
    },
    "2019-06-30": {
        "Diluted EPS": 0.29,
        "Total Revenue": 26,
        "Gross Profit": 22,
        "Operating Income": 6,
        "EBIT": NaN,
        "Net Income": 4
    },
    "2019-03-31": {
        "Diluted EPS": 0.24,
        "Total Revenue": 22,
        "Gross Profit": 19,
        "Operating Income": 4,
        "EBIT": NaN,
        "Net Income": 3
    },
    "2018-12-31": {
        "Diluted EPS": 0.25,
        "Total Revenue": 22,
        "Gross Profit": 18,
        "Operating Income": 5,
        "EBIT": NaN,
        "Net Income": 3
    },
    "2018-09-30": {
        "Diluted EPS": 0.26,
        "Total Revenue": 22,
        "Gross Profit": 19,
        "Operating Income": 4,
        "EBIT": NaN,
        "Net Income": 3
    },
    "2018-06-30": {
        "Diluted EPS": 0.26,
        "Total Revenue": 21,
        "Gross Profit": 18,
        "Operating Income": 4,
        "EBIT": NaN,
        "Net Income": 3
    },
    "2018-03-31": {
        "Diluted EPS": 0.25,
        "Total Revenue": 21,
        "Gross Profit": 18,
        "Operating Income": 4,
        "EBIT": NaN,
        "Net Income": 3
    },
    "2017-12-31": {
        "Diluted EPS": 0.0,
        "Total Revenue": NaN,
        "Gross Profit": NaN,
        "Operating Income": NaN,
        "EBIT": NaN,
        "Net Income": NaN
    },
    "2017-09-30": {
        "Diluted EPS": 0.26,
        "Total Revenue": 20,
        "Gross Profit": 18,
        "Operating Income": 5,
        "EBIT": NaN,
        "Net Income": 3
    },
    "2016-12-31": {
        "Diluted EPS": 0.0,
        "Total Revenue": NaN,
        "Gross Profit": NaN,
        "Operating Income": NaN,
        "EBIT": NaN,
        "Net Income": NaN
    },
    "2015-12-31": {
        "Diluted EPS": 0.0,
        "Total Revenue": NaN,
        "Gross Profit": NaN,
        "Operating Income": NaN,
        "EBIT": NaN,
        "Net Income": NaN
    },
    "2023-09-30": {
        "Tax Effect Of Unusual Items": NaN,
        "Tax Rate For Calcs": NaN,
        "Total Unusual Items": NaN,
        "Total Unusual Items Excluding Goodwill": NaN,
        "Net Income From Continuing Operation Net Minority Interest": NaN,
        "Reconciled Depreciation": NaN,
        "Net Interest Income": NaN,
        "Interest Expense": NaN,
        "Interest Income": NaN,
        "Normalized Income": NaN,
        "Net Income From Continuing And Discontinued Operation": NaN,
        "Diluted Average Shares": NaN,
        "Basic Average Shares": NaN,
        "Diluted EPS": NaN,
        "Basic EPS": NaN,
        "Diluted NI Availto Com Stockholders": NaN,
        "Net Income Common Stockholders": NaN,
        "Net Income": NaN,
        "Net Income Including Noncontrolling Interests": NaN,
        "Net Income Continuous Operations": NaN,
        "Tax Provision": NaN,
        "Pretax Income": NaN,
        "Special Income Charges": NaN,
        "Restructuring And Mergern Acquisition": NaN,
        "Selling General And Administration": NaN,
        "Selling And Marketing Expense": NaN,
        "General And Administrative Expense": NaN,
        "Other Gand A": 6469000.0,
        "Salaries And Wages": NaN,
        "Total Revenue": NaN,
        "Operating Revenue": NaN,
        "Occupancy And Equipment": NaN,
        "Professional Expense And Contract Services Expense": NaN,
        "Other Non Interest Expense": NaN
    },
    "2023-12-31": {
        "Tax Effect Of Unusual Items": 0.0,
        "Tax Rate For Calcs": 0.1949,
        "Total Unusual Items": NaN,
        "Total Unusual Items Excluding Goodwill": NaN,
        "Net Income From Continuing Operation Net Minority Interest": 9030000.0,
        "Reconciled Depreciation": -158000.0,
        "Net Interest Income": 34889000.0,
        "Interest Expense": 12080000.0,
        "Interest Income": 46969000.0,
        "Normalized Income": 9030000.0,
        "Net Income From Continuing And Discontinued Operation": 9030000.0,
        "Diluted Average Shares": 13989000.0,
        "Basic Average Shares": 13897000.0,
        "Diluted EPS": 0.65,
        "Basic EPS": 0.65,
        "Diluted NI Availto Com Stockholders": 9030000.0,
        "Net Income Common Stockholders": 9030000.0,
        "Net Income": 9030000.0,
        "Net Income Including Noncontrolling Interests": 9030000.0,
        "Net Income Continuous Operations": 9030000.0,
        "Tax Provision": 2186000.0,
        "Pretax Income": 11216000.0,
        "Special Income Charges": NaN,
        "Restructuring And Mergern Acquisition": NaN,
        "Selling General And Administration": -6487000.0,
        "Selling And Marketing Expense": 1433000.0,
        "General And Administrative Expense": -7920000.0,
        "Other Gand A": NaN,
        "Salaries And Wages": 11638000.0,
        "Total Revenue": 40825000.0,
        "Operating Revenue": 40825000.0,
        "Occupancy And Equipment": 1573000.0,
        "Professional Expense And Contract Services Expense": 1930000.0,
        "Other Non Interest Expense": 29891000.0
    },
    "2024-03-31": {
        "Tax Effect Of Unusual Items": -170239.332096,
        "Tax Rate For Calcs": 0.2391,
        "Total Unusual Items": -712000.0,
        "Total Unusual Items Excluding Goodwill": -712000.0,
        "Net Income From Continuing Operation Net Minority Interest": 6562000.0,
        "Reconciled Depreciation": 323000.0,
        "Net Interest Income": 35008000.0,
        "Interest Expense": 13361000.0,
        "Interest Income": 48369000.0,
        "Normalized Income": 7103760.667904,
        "Net Income From Continuing And Discontinued Operation": 6562000.0,
        "Diluted Average Shares": 13918724.0,
        "Basic Average Shares": 13918724.0,
        "Diluted EPS": 0.47,
        "Basic EPS": 0.47,
        "Diluted NI Availto Com Stockholders": 6562000.0,
        "Net Income Common Stockholders": 6562000.0,
        "Net Income": 6562000.0,
        "Net Income Including Noncontrolling Interests": 6562000.0,
        "Net Income Continuous Operations": 6562000.0,
        "Tax Provision": 2062000.0,
        "Pretax Income": 8624000.0,
        "Special Income Charges": -712000.0,
        "Restructuring And Mergern Acquisition": 712000.0,
        "Selling General And Administration": 14939000.0,
        "Selling And Marketing Expense": 2032000.0,
        "General And Administrative Expense": 12907000.0,
        "Other Gand A": NaN,
        "Salaries And Wages": 12907000.0,
        "Total Revenue": 40980000.0,
        "Operating Revenue": 40980000.0,
        "Occupancy And Equipment": 1613000.0,
        "Professional Expense And Contract Services Expense": 1947000.0,
        "Other Non Interest Expense": 10276000.0
    },
    "2024-06-30": {
        "Tax Effect Of Unusual Items": -20710.143602,
        "Tax Rate For Calcs": 0.24952,
        "Total Unusual Items": -83000.0,
        "Total Unusual Items Excluding Goodwill": -83000.0,
        "Net Income From Continuing Operation Net Minority Interest": 8205000.0,
        "Reconciled Depreciation": -22000.0,
        "Net Interest Income": 37057000.0,
        "Interest Expense": 13558000.0,
        "Interest Income": 50615000.0,
        "Normalized Income": 8267289.856398,
        "Net Income From Continuing And Discontinued Operation": 8205000.0,
        "Diluted Average Shares": 13895000.0,
        "Basic Average Shares": 13895000.0,
        "Diluted EPS": 0.59,
        "Basic EPS": 0.59,
        "Diluted NI Availto Com Stockholders": 8205000.0,
        "Net Income Common Stockholders": 8205000.0,
        "Net Income": 8205000.0,
        "Net Income Including Noncontrolling Interests": 8205000.0,
        "Net Income Continuous Operations": 8205000.0,
        "Tax Provision": 2728000.0,
        "Pretax Income": 10933000.0,
        "Special Income Charges": -83000.0,
        "Restructuring And Mergern Acquisition": 83000.0,
        "Selling General And Administration": 15344000.0,
        "Selling And Marketing Expense": 2072000.0,
        "General And Administrative Expense": 13272000.0,
        "Other Gand A": NaN,
        "Salaries And Wages": 13272000.0,
        "Total Revenue": 43471000.0,
        "Operating Revenue": 43471000.0,
        "Occupancy And Equipment": 1864000.0,
        "Professional Expense And Contract Services Expense": 1769000.0,
        "Other Non Interest Expense": 9957000.0
    },
    "2024-09-30": {
        "Tax Effect Of Unusual Items": -127920.0,
        "Tax Rate For Calcs": 0.246,
        "Total Unusual Items": -520000.0,
        "Total Unusual Items Excluding Goodwill": -520000.0,
        "Net Income From Continuing Operation Net Minority Interest": 8672000.0,
        "Reconciled Depreciation": -1052000.0,
        "Net Interest Income": 38354000.0,
        "Interest Expense": 14256000.0,
        "Interest Income": 52610000.0,
        "Normalized Income": 9064080.0,
        "Net Income From Continuing And Discontinued Operation": 8672000.0,
        "Diluted Average Shares": 13951000.0,
        "Basic Average Shares": 13914000.0,
        "Diluted EPS": 0.62,
        "Basic EPS": 0.62,
        "Diluted NI Availto Com Stockholders": 8672000.0,
        "Net Income Common Stockholders": 8672000.0,
        "Net Income": 8672000.0,
        "Net Income Including Noncontrolling Interests": 8672000.0,
        "Net Income Continuous Operations": 8672000.0,
        "Tax Provision": 2827000.0,
        "Pretax Income": 11499000.0,
        "Special Income Charges": -520000.0,
        "Restructuring And Mergern Acquisition": 520000.0,
        "Selling General And Administration": 21498000.0,
        "Selling And Marketing Expense": 1223000.0,
        "General And Administrative Expense": 20275000.0,
        "Other Gand A": 6930000.0,
        "Salaries And Wages": 13345000.0,
        "Total Revenue": 44989000.0,
        "Operating Revenue": 44989000.0,
        "Occupancy And Equipment": 1791000.0,
        "Professional Expense And Contract Services Expense": 1980000.0,
        "Other Non Interest Expense": 3936000.0
    },
    "2024-12-31": {
        "Tax Effect Of Unusual Items": -786975.222717,
        "Tax Rate For Calcs": 0.300947,
        "Total Unusual Items": -2615000.0,
        "Total Unusual Items Excluding Goodwill": -2615000.0,
        "Net Income From Continuing Operation Net Minority Interest": 7533000.0,
        "Reconciled Depreciation": 2965000.0,
        "Net Interest Income": 44327000.0,
        "Interest Expense": 17380000.0,
        "Interest Income": 61707000.0,
        "Normalized Income": 9361024.777283,
        "Net Income From Continuing And Discontinued Operation": 7533000.0,
        "Diluted Average Shares": 16729000.0,
        "Basic Average Shares": 16595000.0,
        "Diluted EPS": 0.45,
        "Basic EPS": 0.45,
        "Diluted NI Availto Com Stockholders": 7533000.0,
        "Net Income Common Stockholders": 7533000.0,
        "Net Income": 7533000.0,
        "Net Income Including Noncontrolling Interests": 7533000.0,
        "Net Income Continuous Operations": 7533000.0,
        "Tax Provision": 3243000.0,
        "Pretax Income": 10776000.0,
        "Special Income Charges": -2615000.0,
        "Restructuring And Mergern Acquisition": 2615000.0,
        "Selling General And Administration": -2934000.0,
        "Selling And Marketing Expense": 1032000.0,
        "General And Administrative Expense": -3966000.0,
        "Other Gand A": NaN,
        "Salaries And Wages": 16513000.0,
        "Total Revenue": 53809000.0,
        "Operating Revenue": 53809000.0,
        "Occupancy And Equipment": 2976000.0,
        "Professional Expense And Contract Services Expense": 2150000.0,
        "Other Non Interest Expense": 30276000.0
    },
    "2025-03-31": {
        "Tax Effect Of Unusual Items": -302574.0,
        "Tax Rate For Calcs": 0.239,
        "Total Unusual Items": -1266000.0,
        "Total Unusual Items Excluding Goodwill": -1266000.0,
        "Net Income From Continuing Operation Net Minority Interest": 13932000.0,
        "Reconciled Depreciation": 895000.0,
        "Net Interest Income": 46047000.0,
        "Interest Expense": 16713000.0,
        "Interest Income": 62760000.0,
        "Normalized Income": 14895426.0,
        "Net Income From Continuing And Discontinued Operation": 13932000.0,
        "Diluted Average Shares": 16925000.0,
        "Basic Average Shares": 16666000.0,
        "Diluted EPS": 0.82,
        "Basic EPS": 0.84,
        "Diluted NI Availto Com Stockholders": 13932000.0,
        "Net Income Common Stockholders": 13932000.0,
        "Net Income": 13932000.0,
        "Net Income Including Noncontrolling Interests": 13932000.0,
        "Net Income Continuous Operations": 13932000.0,
        "Tax Provision": 4365000.0,
        "Pretax Income": 18297000.0,
        "Special Income Charges": -1266000.0,
        "Restructuring And Mergern Acquisition": 1266000.0,
        "Selling General And Administration": 19846000.0,
        "Selling And Marketing Expense": 1779000.0,
        "General And Administrative Expense": 18067000.0,
        "Other Gand A": NaN,
        "Salaries And Wages": 18067000.0,
        "Total Revenue": 58596000.0,
        "Operating Revenue": 58596000.0,
        "Occupancy And Equipment": 2910000.0,
        "Professional Expense And Contract Services Expense": 2112000.0,
        "Other Non Interest Expense": 11919000.0
    },
    "2025-06-30": {
        "Tax Effect Of Unusual Items": -324011.579625,
        "Tax Rate For Calcs": 0.231768,
        "Total Unusual Items": -1398000.0,
        "Total Unusual Items Excluding Goodwill": -1398000.0,
        "Net Income From Continuing Operation Net Minority Interest": 13136000.0,
        "Reconciled Depreciation": 994000.0,
        "Net Interest Income": 47646000.0,
        "Interest Expense": 16940000.0,
        "Interest Income": 64586000.0,
        "Normalized Income": 14209988.420375,
        "Net Income From Continuing And Discontinued Operation": 13136000.0,
        "Diluted Average Shares": 16802000.0,
        "Basic Average Shares": 16584000.0,
        "Diluted EPS": 0.78,
        "Basic EPS": 0.79,
        "Diluted NI Availto Com Stockholders": 13136000.0,
        "Net Income Common Stockholders": 13136000.0,
        "Net Income": 13136000.0,
        "Net Income Including Noncontrolling Interests": 13136000.0,
        "Net Income Continuous Operations": 13136000.0,
        "Tax Provision": 3963000.0,
        "Pretax Income": 17099000.0,
        "Special Income Charges": -1398000.0,
        "Restructuring And Mergern Acquisition": 1398000.0,
        "Selling General And Administration": 19831000.0,
        "Selling And Marketing Expense": 1371000.0,
        "General And Administrative Expense": 18460000.0,
        "Other Gand A": NaN,
        "Salaries And Wages": 18460000.0,
        "Total Revenue": 59773000.0,
        "Operating Revenue": 59773000.0,
        "Occupancy And Equipment": 2995000.0,
        "Professional Expense And Contract Services Expense": 2422000.0,
        "Other Non Interest Expense": 11947000.0
    }
}