{
    "2023-03-31": {
        "Tax Effect Of Unusual Items": NaN,
        "Tax Rate For Calcs": NaN,
        "Normalized EBITDA": NaN,
        "Total Unusual Items": NaN,
        "Total Unusual Items Excluding Goodwill": NaN,
        "Net Income From Continuing Operation Net Minority Interest": NaN,
        "Reconciled Depreciation": NaN,
        "Reconciled Cost Of Revenue": NaN,
        "EBITDA": NaN,
        "EBIT": NaN,
        "Net Interest Income": NaN,
        "Interest Expense": NaN,
        "Interest Income": NaN,
        "Normalized Income": NaN,
        "Net Income From Continuing And Discontinued Operation": NaN,
        "Total Expenses": NaN,
        "Total Operating Income As Reported": NaN,
        "Diluted Average Shares": NaN,
        "Basic Average Shares": NaN,
        "Diluted EPS": NaN,
        "Basic EPS": NaN,
        "Diluted NI Availto Com Stockholders": NaN,
        "Average Dilution Earnings": NaN,
        "Net Income Common Stockholders": NaN,
        "Otherunder Preferred Stock Dividend": NaN,
        "Net Income": NaN,
        "Minority Interests": NaN,
        "Net Income Including Noncontrolling Interests": NaN,
        "Net Income Continuous Operations": NaN,
        "Earnings From Equity Interest Net Of Tax": NaN,
        "Tax Provision": NaN,
        "Pretax Income": NaN,
        "Other Income Expense": NaN,
        "Other Non Operating Income Expenses": NaN,
        "Special Income Charges": NaN,
        "Gain On Sale Of Business": NaN,
        "Restructuring And Mergern Acquisition": 0.0,
        "Net Non Operating Interest Income Expense": NaN,
        "Interest Expense Non Operating": NaN,
        "Interest Income Non Operating": NaN,
        "Operating Income": NaN,
        "Operating Expense": NaN,
        "Research And Development": NaN,
        "Selling General And Administration": NaN,
        "Gross Profit": NaN,
        "Cost Of Revenue": NaN,
        "Total Revenue": NaN,
        "Operating Revenue": NaN
    },
    "2022-12-31": {
        "Tax Effect Of Unusual Items": NaN,
        "Tax Rate For Calcs": NaN,
        "Normalized EBITDA": NaN,
        "Total Unusual Items": NaN,
        "Total Unusual Items Excluding Goodwill": NaN,
        "Net Income From Continuing Operation Net Minority Interest": NaN,
        "Reconciled Depreciation": NaN,
        "Reconciled Cost Of Revenue": NaN,
        "EBITDA": NaN,
        "EBIT": NaN,
        "Net Interest Income": NaN,
        "Interest Expense": NaN,
        "Interest Income": NaN,
        "Normalized Income": NaN,
        "Net Income From Continuing And Discontinued Operation": NaN,
        "Total Expenses": NaN,
        "Total Operating Income As Reported": NaN,
        "Diluted Average Shares": NaN,
        "Basic Average Shares": NaN,
        "Diluted EPS": NaN,
        "Basic EPS": NaN,
        "Diluted NI Availto Com Stockholders": NaN,
        "Average Dilution Earnings": 0.0,
        "Net Income Common Stockholders": NaN,
        "Otherunder Preferred Stock Dividend": NaN,
        "Net Income": NaN,
        "Minority Interests": NaN,
        "Net Income Including Noncontrolling Interests": NaN,
        "Net Income Continuous Operations": NaN,
        "Earnings From Equity Interest Net Of Tax": NaN,
        "Tax Provision": NaN,
        "Pretax Income": NaN,
        "Other Income Expense": NaN,
        "Other Non Operating Income Expenses": NaN,
        "Special Income Charges": NaN,
        "Gain On Sale Of Business": NaN,
        "Restructuring And Mergern Acquisition": NaN,
        "Net Non Operating Interest Income Expense": NaN,
        "Interest Expense Non Operating": NaN,
        "Interest Income Non Operating": NaN,
        "Operating Income": NaN,
        "Operating Expense": NaN,
        "Research And Development": NaN,
        "Selling General And Administration": NaN,
        "Gross Profit": NaN,
        "Cost Of Revenue": NaN,
        "Total Revenue": NaN,
        "Operating Revenue": NaN
    },
    "2022-09-30": {
        "Tax Effect Of Unusual Items": NaN,
        "Tax Rate For Calcs": NaN,
        "Normalized EBITDA": NaN,
        "Total Unusual Items": NaN,
        "Total Unusual Items Excluding Goodwill": NaN,
        "Net Income From Continuing Operation Net Minority Interest": NaN,
        "Reconciled Depreciation": NaN,
        "Reconciled Cost Of Revenue": NaN,
        "EBITDA": NaN,
        "EBIT": NaN,
        "Net Interest Income": NaN,
        "Interest Expense": NaN,
        "Interest Income": NaN,
        "Normalized Income": NaN,
        "Net Income From Continuing And Discontinued Operation": NaN,
        "Total Expenses": NaN,
        "Total Operating Income As Reported": NaN,
        "Diluted Average Shares": NaN,
        "Basic Average Shares": NaN,
        "Diluted EPS": NaN,
        "Basic EPS": NaN,
        "Diluted NI Availto Com Stockholders": NaN,
        "Average Dilution Earnings": NaN,
        "Net Income Common Stockholders": NaN,
        "Otherunder Preferred Stock Dividend": NaN,
        "Net Income": NaN,
        "Minority Interests": NaN,
        "Net Income Including Noncontrolling Interests": NaN,
        "Net Income Continuous Operations": NaN,
        "Earnings From Equity Interest Net Of Tax": NaN,
        "Tax Provision": NaN,
        "Pretax Income": NaN,
        "Other Income Expense": NaN,
        "Other Non Operating Income Expenses": NaN,
        "Special Income Charges": NaN,
        "Gain On Sale Of Business": NaN,
        "Restructuring And Mergern Acquisition": 0.0,
        "Net Non Operating Interest Income Expense": NaN,
        "Interest Expense Non Operating": NaN,
        "Interest Income Non Operating": NaN,
        "Operating Income": NaN,
        "Operating Expense": NaN,
        "Research And Development": NaN,
        "Selling General And Administration": NaN,
        "Gross Profit": NaN,
        "Cost Of Revenue": NaN,
        "Total Revenue": NaN,
        "Operating Revenue": NaN
    },
    "2022-06-30": {
        "Tax Effect Of Unusual Items": -640000.0,
        "Tax Rate For Calcs": 0.32,
        "Normalized EBITDA": 205000000.0,
        "Total Unusual Items": -2000000.0,
        "Total Unusual Items Excluding Goodwill": -2000000.0,
        "Net Income From Continuing Operation Net Minority Interest": 97000000.0,
        "Reconciled Depreciation": 36000000.0,
        "Reconciled Cost Of Revenue": 914000000.0,
        "EBITDA": 203000000.0,
        "EBIT": 167000000.0,
        "Net Interest Income": -15000000.0,
        "Interest Expense": 15000000.0,
        "Interest Income": 0.0,
        "Normalized Income": 98360000.0,
        "Net Income From Continuing And Discontinued Operation": 97000000.0,
        "Total Expenses": 979000000.0,
        "Total Operating Income As Reported": 168000000.0,
        "Diluted Average Shares": 56800000.0,
        "Basic Average Shares": 56300000.0,
        "Diluted EPS": 1.69,
        "Basic EPS": 1.7,
        "Diluted NI Availto Com Stockholders": 96000000.0,
        "Average Dilution Earnings": NaN,
        "Net Income Common Stockholders": 96000000.0,
        "Otherunder Preferred Stock Dividend": 1000000.0,
        "Net Income": 97000000.0,
        "Minority Interests": -9000000.0,
        "Net Income Including Noncontrolling Interests": 106000000.0,
        "Net Income Continuous Operations": 106000000.0,
        "Earnings From Equity Interest Net Of Tax": 3000000.0,
        "Tax Provision": 49000000.0,
        "Pretax Income": 152000000.0,
        "Other Income Expense": -3000000.0,
        "Other Non Operating Income Expenses": -1000000.0,
        "Special Income Charges": -2000000.0,
        "Gain On Sale Of Business": -2000000.0,
        "Restructuring And Mergern Acquisition": 0.0,
        "Net Non Operating Interest Income Expense": -15000000.0,
        "Interest Expense Non Operating": 15000000.0,
        "Interest Income Non Operating": 0.0,
        "Operating Income": 170000000.0,
        "Operating Expense": 65000000.0,
        "Research And Development": 14000000.0,
        "Selling General And Administration": 51000000.0,
        "Gross Profit": 235000000.0,
        "Cost Of Revenue": 914000000.0,
        "Total Revenue": 1149000000.0,
        "Operating Revenue": 1149000000.0
    },
    "2022-03-31": {
        "Diluted EPS": 1.84,
        "Total Revenue": NaN,
        "Gross Profit": 232,
        "Operating Income": 161,
        "EBIT": 197,
        "Net Income": 107
    },
    "2021-12-31": {
        "Diluted EPS": -1.57,
        "Total Revenue": 968,
        "Gross Profit": 198,
        "Operating Income": -83,
        "EBIT": -44,
        "Net Income": -89
    },
    "2021-09-30": {
        "Diluted EPS": 0.5,
        "Total Revenue": 904,
        "Gross Profit": 178,
        "Operating Income": 74,
        "EBIT": 117,
        "Net Income": 29
    },
    "2021-06-30": {
        "Diluted EPS": 1.48,
        "Total Revenue": 917,
        "Gross Profit": 214,
        "Operating Income": 134,
        "EBIT": 174,
        "Net Income": 86
    },
    "2021-03-31": {
        "Diluted EPS": 1.3,
        "Total Revenue": 842,
        "Gross Profit": 214,
        "Operating Income": 128,
        "EBIT": 166,
        "Net Income": 75
    },
    "2020-12-31": {
        "Diluted EPS": 1.06,
        "Total Revenue": 746,
        "Gross Profit": 193,
        "Operating Income": 118,
        "EBIT": 157,
        "Net Income": 60
    },
    "2020-09-30": {
        "Diluted EPS": -4.78,
        "Total Revenue": 659,
        "Gross Profit": 137,
        "Operating Income": -70,
        "EBIT": -29,
        "Net Income": -272
    },
    "2020-06-30": {
        "Diluted EPS": -0.12,
        "Total Revenue": 518,
        "Gross Profit": 69,
        "Operating Income": 4,
        "EBIT": 43,
        "Net Income": -6
    },
    "2020-03-31": {
        "Diluted EPS": -0.01,
        "Total Revenue": 710,
        "Gross Profit": 153,
        "Operating Income": 24,
        "EBIT": 63,
        "Net Income": -1
    },
    "2019-12-31": {
        "Diluted EPS": 0.7,
        "Total Revenue": 727,
        "Gross Profit": 141,
        "Operating Income": 63,
        "EBIT": 102,
        "Net Income": 41
    },
    "2019-09-30": {
        "Diluted EPS": 0.55,
        "Total Revenue": 827,
        "Gross Profit": 171,
        "Operating Income": 75,
        "EBIT": 113,
        "Net Income": 33
    },
    "2019-06-30": {
        "Diluted EPS": 0.55,
        "Total Revenue": 845,
        "Gross Profit": 170,
        "Operating Income": 81,
        "EBIT": 118,
        "Net Income": 32
    },
    "2019-03-31": {
        "Diluted EPS": 0.39,
        "Total Revenue": 844,
        "Gross Profit": 178,
        "Operating Income": 73,
        "EBIT": 111,
        "Net Income": 23
    },
    "2018-12-31": {
        "Diluted EPS": 1.14,
        "Total Revenue": 821,
        "Gross Profit": 166,
        "Operating Income": 77,
        "EBIT": 112,
        "Net Income": 69
    },
    "2018-09-30": {
        "Diluted EPS": 1.53,
        "Total Revenue": 850,
        "Gross Profit": 211,
        "Operating Income": 108,
        "EBIT": 140,
        "Net Income": 93
    },
    "2018-06-30": {
        "Diluted EPS": 1.4,
        "Total Revenue": 854,
        "Gross Profit": 197,
        "Operating Income": 106,
        "EBIT": 144,
        "Net Income": 88
    },
    "2018-03-31": {
        "Diluted EPS": -2.8,
        "Total Revenue": 818,
        "Gross Profit": 188,
        "Operating Income": -161,
        "EBIT": -29,
        "Net Income": -173
    },
    "2017-12-31": {
        "Diluted EPS": -1.98,
        "Total Revenue": 720,
        "Gross Profit": 176,
        "Operating Income": 91,
        "EBIT": 130,
        "Net Income": -122
    },
    "2017-09-30": {
        "Diluted EPS": 1.13,
        "Total Revenue": 723,
        "Gross Profit": 168,
        "Operating Income": 80,
        "EBIT": 120,
        "Net Income": 72
    },
    "2017-06-30": {
        "Diluted EPS": 0.73,
        "Total Revenue": 705,
        "Gross Profit": 161,
        "Operating Income": 84,
        "EBIT": 123,
        "Net Income": 47
    },
    "2017-03-31": {
        "Diluted EPS": 1.19,
        "Total Revenue": 678,
        "Gross Profit": 169,
        "Operating Income": 90,
        "EBIT": 128,
        "Net Income": 74
    },
    "2016-12-31": {
        "Diluted EPS": 0.86,
        "Total Revenue": 611,
        "Gross Profit": 159,
        "Operating Income": 84,
        "EBIT": 122,
        "Net Income": 55
    },
    "2016-09-30": {
        "Diluted EPS": 0.79,
        "Total Revenue": 619,
        "Gross Profit": 166,
        "Operating Income": 75,
        "EBIT": 114,
        "Net Income": 49
    },
    "2016-06-30": {
        "Diluted EPS": 0.88,
        "Total Revenue": 621,
        "Gross Profit": 160,
        "Operating Income": 83,
        "EBIT": 123,
        "Net Income": 56
    },
    "2016-03-31": {
        "Diluted EPS": 0.76,
        "Total Revenue": 568,
        "Gross Profit": 150,
        "Operating Income": 77,
        "EBIT": 118,
        "Net Income": 48
    },
    "2015-12-31": {
        "Diluted EPS": -0.11,
        "Total Revenue": 603,
        "Gross Profit": 99,
        "Operating Income": 12,
        "EBIT": 53,
        "Net Income": -7
    },
    "2015-09-30": {
        "Diluted EPS": 0.67,
        "Total Revenue": 671,
        "Gross Profit": 139,
        "Operating Income": 59,
        "EBIT": 101,
        "Net Income": 40
    },
    "2015-06-30": {
        "Diluted EPS": -7.04,
        "Total Revenue": 694,
        "Gross Profit": 150,
        "Operating Income": -494,
        "EBIT": -93,
        "Net Income": -445
    },
    "2015-03-31": {
        "Diluted EPS": 0.41,
        "Total Revenue": 694,
        "Gross Profit": 139,
        "Operating Income": 54,
        "EBIT": 101,
        "Net Income": 26
    },
    "2014-12-31": {
        "Diluted EPS": 0.69,
        "Total Revenue": 812,
        "Gross Profit": 157,
        "Operating Income": 64,
        "EBIT": 109,
        "Net Income": 45
    },
    "2014-09-30": {
        "Diluted EPS": 0.48,
        "Total Revenue": 911,
        "Gross Profit": 182,
        "Operating Income": 87,
        "EBIT": 138,
        "Net Income": 31
    },
    "2014-06-30": {
        "Diluted EPS": 0.78,
        "Total Revenue": 940,
        "Gross Profit": 184,
        "Operating Income": 93,
        "EBIT": 143,
        "Net Income": 52
    },
    "2014-03-31": {
        "Diluted EPS": 0.54,
        "Total Revenue": 898,
        "Gross Profit": 176,
        "Operating Income": 68,
        "EBIT": 117,
        "Net Income": 36
    },
    "2013-12-31": {
        "Diluted EPS": 1.23,
        "Total Revenue": 898,
        "Gross Profit": 179,
        "Operating Income": 87,
        "EBIT": 138,
        "Net Income": 80
    },
    "2013-09-30": {
        "Diluted EPS": 0.73,
        "Total Revenue": 895,
        "Gross Profit": 167,
        "Operating Income": 76,
        "EBIT": 122,
        "Net Income": 47
    },
    "2013-06-30": {
        "Diluted EPS": 0.9,
        "Total Revenue": 901,
        "Gross Profit": 176,
        "Operating Income": 87,
        "EBIT": 132,
        "Net Income": 58
    },
    "2013-03-31": {
        "Diluted EPS": 0.42,
        "Total Revenue": 840,
        "Gross Profit": 143,
        "Operating Income": 50,
        "EBIT": 100,
        "Net Income": 27
    },
    "2012-12-31": {
        "Diluted EPS": 0.31,
        "Total Revenue": 820,
        "Gross Profit": 147,
        "Operating Income": 55,
        "EBIT": 104,
        "Net Income": 20
    },
    "2012-09-30": {
        "Diluted EPS": 0.56,
        "Total Revenue": 839,
        "Gross Profit": 153,
        "Operating Income": 53,
        "EBIT": 98,
        "Net Income": 33
    },
    "2012-06-30": {
        "Diluted EPS": 1.02,
        "Total Revenue": 846,
        "Gross Profit": 175,
        "Operating Income": 90,
        "EBIT": 125,
        "Net Income": 66
    },
    "2012-03-31": {
        "Diluted EPS": 3.7,
        "Total Revenue": 844,
        "Gross Profit": 173,
        "Operating Income": 87,
        "EBIT": 125,
        "Net Income": 240
    },
    "2011-12-31": {
        "Diluted EPS": 0.71,
        "Total Revenue": 762,
        "Gross Profit": 143,
        "Operating Income": 61,
        "EBIT": 97,
        "Net Income": 46
    },
    "2011-09-30": {
        "Diluted EPS": 0.76,
        "Total Revenue": 833,
        "Gross Profit": 141,
        "Operating Income": 61,
        "EBIT": 98,
        "Net Income": 47
    },
    "2011-06-30": {
        "Diluted EPS": 0.92,
        "Total Revenue": 836,
        "Gross Profit": 152,
        "Operating Income": 75,
        "EBIT": 110,
        "Net Income": 60
    },
    "2011-03-31": {
        "Diluted EPS": 0.76,
        "Total Revenue": 739,
        "Gross Profit": 134,
        "Operating Income": 54,
        "EBIT": 89,
        "Net Income": 51
    },
    "2010-12-31": {
        "Diluted EPS": 1.13,
        "Total Revenue": 694,
        "Gross Profit": 131,
        "Operating Income": 53,
        "EBIT": 88,
        "Net Income": 75
    },
    "2010-09-30": {
        "Diluted EPS": 0.54,
        "Total Revenue": 572,
        "Gross Profit": 80,
        "Operating Income": 16,
        "EBIT": 52,
        "Net Income": 32
    },
    "2010-06-30": {
        "Diluted EPS": 0.72,
        "Total Revenue": 753,
        "Gross Profit": 154,
        "Operating Income": 77,
        "EBIT": 117,
        "Net Income": 47
    },
    "2010-03-31": {
        "Diluted EPS": 0.65,
        "Total Revenue": 712,
        "Gross Profit": 140,
        "Operating Income": 60,
        "EBIT": 94,
        "Net Income": 43
    },
    "2009-12-31": {
        "Diluted EPS": 0.44,
        "Total Revenue": 679,
        "Gross Profit": 136,
        "Operating Income": 51,
        "EBIT": 84,
        "Net Income": 29
    },
    "2009-09-30": {
        "Diluted EPS": -0.19,
        "Total Revenue": 475,
        "Gross Profit": 62,
        "Operating Income": 4,
        "EBIT": 49,
        "Net Income": -11
    },
    "2009-06-30": {
        "Diluted EPS": -0.19,
        "Total Revenue": 511,
        "Gross Profit": 68,
        "Operating Income": 2,
        "EBIT": 47,
        "Net Income": -12
    },
    "2009-03-31": {
        "Diluted EPS": -0.93,
        "Total Revenue": 470,
        "Gross Profit": -5,
        "Operating Income": -78,
        "EBIT": -34,
        "Net Income": -58
    },
    "2023-06-30": {
        "Tax Effect Of Unusual Items": NaN,
        "Tax Rate For Calcs": NaN,
        "Normalized EBITDA": NaN,
        "Total Unusual Items": NaN,
        "Total Unusual Items Excluding Goodwill": NaN,
        "Net Income From Continuing Operation Net Minority Interest": NaN,
        "Reconciled Depreciation": NaN,
        "Reconciled Cost Of Revenue": NaN,
        "EBITDA": NaN,
        "EBIT": NaN,
        "Net Interest Income": NaN,
        "Interest Expense": NaN,
        "Interest Income": NaN,
        "Normalized Income": NaN,
        "Net Income From Continuing And Discontinued Operation": NaN,
        "Total Expenses": NaN,
        "Total Operating Income As Reported": NaN,
        "Diluted Average Shares": NaN,
        "Basic Average Shares": NaN,
        "Diluted EPS": NaN,
        "Basic EPS": NaN,
        "Diluted NI Availto Com Stockholders": NaN,
        "Average Dilution Earnings": NaN,
        "Net Income Common Stockholders": NaN,
        "Otherunder Preferred Stock Dividend": NaN,
        "Net Income": NaN,
        "Minority Interests": NaN,
        "Net Income Including Noncontrolling Interests": NaN,
        "Net Income Continuous Operations": NaN,
        "Earnings From Equity Interest Net Of Tax": NaN,
        "Tax Provision": NaN,
        "Pretax Income": NaN,
        "Other Income Expense": NaN,
        "Other Non Operating Income Expenses": NaN,
        "Special Income Charges": NaN,
        "Gain On Sale Of Business": NaN,
        "Restructuring And Mergern Acquisition": 0.0,
        "Net Non Operating Interest Income Expense": NaN,
        "Interest Expense Non Operating": NaN,
        "Interest Income Non Operating": NaN,
        "Operating Income": NaN,
        "Operating Expense": NaN,
        "Research And Development": NaN,
        "Selling General And Administration": NaN,
        "Gross Profit": NaN,
        "Cost Of Revenue": NaN,
        "Total Revenue": NaN,
        "Operating Revenue": NaN
    },
    "2023-09-30": {
        "Tax Effect Of Unusual Items": NaN,
        "Tax Rate For Calcs": NaN,
        "Normalized EBITDA": NaN,
        "Total Unusual Items": 0.0,
        "Total Unusual Items Excluding Goodwill": 0.0,
        "Net Income From Continuing Operation Net Minority Interest": NaN,
        "Reconciled Depreciation": NaN,
        "Reconciled Cost Of Revenue": NaN,
        "EBITDA": NaN,
        "EBIT": NaN,
        "Net Interest Income": NaN,
        "Interest Expense": NaN,
        "Interest Income": NaN,
        "Normalized Income": NaN,
        "Net Income From Continuing And Discontinued Operation": NaN,
        "Total Expenses": NaN,
        "Total Operating Income As Reported": NaN,
        "Diluted Average Shares": NaN,
        "Basic Average Shares": NaN,
        "Diluted EPS": NaN,
        "Basic EPS": NaN,
        "Diluted NI Availto Com Stockholders": NaN,
        "Average Dilution Earnings": NaN,
        "Net Income Common Stockholders": NaN,
        "Otherunder Preferred Stock Dividend": NaN,
        "Net Income": NaN,
        "Minority Interests": NaN,
        "Net Income Including Noncontrolling Interests": NaN,
        "Net Income Continuous Operations": NaN,
        "Earnings From Equity Interest Net Of Tax": NaN,
        "Tax Provision": NaN,
        "Pretax Income": NaN,
        "Other Income Expense": NaN,
        "Other Non Operating Income Expenses": NaN,
        "Special Income Charges": 0.0,
        "Gain On Sale Of Business": 0.0,
        "Restructuring And Mergern Acquisition": 0.0,
        "Net Non Operating Interest Income Expense": NaN,
        "Interest Expense Non Operating": NaN,
        "Interest Income Non Operating": NaN,
        "Operating Income": NaN,
        "Operating Expense": NaN,
        "Research And Development": NaN,
        "Selling General And Administration": NaN,
        "Gross Profit": NaN,
        "Cost Of Revenue": NaN,
        "Total Revenue": NaN,
        "Operating Revenue": NaN
    },
    "2023-12-31": {
        "Tax Effect Of Unusual Items": NaN,
        "Tax Rate For Calcs": NaN,
        "Normalized EBITDA": NaN,
        "Total Unusual Items": 0.0,
        "Total Unusual Items Excluding Goodwill": 0.0,
        "Net Income From Continuing Operation Net Minority Interest": NaN,
        "Reconciled Depreciation": NaN,
        "Reconciled Cost Of Revenue": NaN,
        "EBITDA": NaN,
        "EBIT": NaN,
        "Net Interest Income": NaN,
        "Interest Expense": NaN,
        "Interest Income": NaN,
        "Normalized Income": NaN,
        "Net Income From Continuing And Discontinued Operation": NaN,
        "Total Expenses": NaN,
        "Total Operating Income As Reported": NaN,
        "Diluted Average Shares": NaN,
        "Basic Average Shares": NaN,
        "Diluted EPS": NaN,
        "Basic EPS": NaN,
        "Diluted NI Availto Com Stockholders": NaN,
        "Average Dilution Earnings": NaN,
        "Net Income Common Stockholders": NaN,
        "Otherunder Preferred Stock Dividend": NaN,
        "Net Income": NaN,
        "Minority Interests": NaN,
        "Net Income Including Noncontrolling Interests": NaN,
        "Net Income Continuous Operations": NaN,
        "Earnings From Equity Interest Net Of Tax": NaN,
        "Tax Provision": NaN,
        "Pretax Income": NaN,
        "Other Income Expense": NaN,
        "Other Non Operating Income Expenses": NaN,
        "Special Income Charges": 0.0,
        "Gain On Sale Of Business": 0.0,
        "Restructuring And Mergern Acquisition": NaN,
        "Net Non Operating Interest Income Expense": NaN,
        "Interest Expense Non Operating": NaN,
        "Interest Income Non Operating": NaN,
        "Operating Income": NaN,
        "Operating Expense": NaN,
        "Research And Development": NaN,
        "Selling General And Administration": NaN,
        "Gross Profit": NaN,
        "Cost Of Revenue": NaN,
        "Total Revenue": NaN,
        "Operating Revenue": NaN
    },
    "2024-03-31": {
        "Tax Effect Of Unusual Items": 0.0,
        "Tax Rate For Calcs": 0.330986,
        "Normalized EBITDA": 200000000.0,
        "Total Unusual Items": 0.0,
        "Total Unusual Items Excluding Goodwill": 0.0,
        "Net Income From Continuing Operation Net Minority Interest": 84000000.0,
        "Reconciled Depreciation": 37000000.0,
        "Reconciled Cost Of Revenue": 773000000.0,
        "EBITDA": 200000000.0,
        "EBIT": 163000000.0,
        "Net Interest Income": -13000000.0,
        "Interest Expense": 21000000.0,
        "Interest Income": 8000000.0,
        "Normalized Income": 84000000.0,
        "Net Income From Continuing And Discontinued Operation": 84000000.0,
        "Total Expenses": 863000000.0,
        "Total Operating Income As Reported": 156000000.0,
        "Diluted Average Shares": 55800000.0,
        "Basic Average Shares": 55258040.0,
        "Diluted EPS": 1.49,
        "Basic EPS": 1.520141,
        "Diluted NI Availto Com Stockholders": 83000000.0,
        "Average Dilution Earnings": 0.0,
        "Net Income Common Stockholders": 83000000.0,
        "Otherunder Preferred Stock Dividend": 1000000.0,
        "Net Income": 84000000.0,
        "Minority Interests": -13000000.0,
        "Net Income Including Noncontrolling Interests": 97000000.0,
        "Net Income Continuous Operations": 97000000.0,
        "Earnings From Equity Interest Net Of Tax": 2000000.0,
        "Tax Provision": 47000000.0,
        "Pretax Income": 142000000.0,
        "Other Income Expense": -1000000.0,
        "Other Non Operating Income Expenses": -1000000.0,
        "Special Income Charges": 0.0,
        "Gain On Sale Of Business": 0.0,
        "Restructuring And Mergern Acquisition": NaN,
        "Net Non Operating Interest Income Expense": -13000000.0,
        "Interest Expense Non Operating": 21000000.0,
        "Interest Income Non Operating": 8000000.0,
        "Operating Income": 156000000.0,
        "Operating Expense": 90000000.0,
        "Research And Development": 15000000.0,
        "Selling General And Administration": 75000000.0,
        "Gross Profit": 246000000.0,
        "Cost Of Revenue": 773000000.0,
        "Total Revenue": 1019000000.0,
        "Operating Revenue": 1019000000.0
    },
    "2024-06-30": {
        "Tax Effect Of Unusual Items": 0.0,
        "Tax Rate For Calcs": 0.25,
        "Normalized EBITDA": 213000000.0,
        "Total Unusual Items": 0.0,
        "Total Unusual Items Excluding Goodwill": 0.0,
        "Net Income From Continuing Operation Net Minority Interest": 109000000.0,
        "Reconciled Depreciation": 36000000.0,
        "Reconciled Cost Of Revenue": 760000000.0,
        "EBITDA": 213000000.0,
        "EBIT": 177000000.0,
        "Net Interest Income": -11000000.0,
        "Interest Expense": 19000000.0,
        "Interest Income": 8000000.0,
        "Normalized Income": 109000000.0,
        "Net Income From Continuing And Discontinued Operation": 109000000.0,
        "Total Expenses": 844000000.0,
        "Total Operating Income As Reported": 172000000.0,
        "Diluted Average Shares": 55700000.0,
        "Basic Average Shares": 54816803.0,
        "Diluted EPS": 1.94,
        "Basic EPS": 1.988441,
        "Diluted NI Availto Com Stockholders": 108000000.0,
        "Average Dilution Earnings": 0.0,
        "Net Income Common Stockholders": 108000000.0,
        "Otherunder Preferred Stock Dividend": 1000000.0,
        "Net Income": 109000000.0,
        "Minority Interests": -11000000.0,
        "Net Income Including Noncontrolling Interests": 120000000.0,
        "Net Income Continuous Operations": 120000000.0,
        "Earnings From Equity Interest Net Of Tax": 2000000.0,
        "Tax Provision": 40000000.0,
        "Pretax Income": 158000000.0,
        "Other Income Expense": -3000000.0,
        "Other Non Operating Income Expenses": -3000000.0,
        "Special Income Charges": 0.0,
        "Gain On Sale Of Business": 0.0,
        "Restructuring And Mergern Acquisition": NaN,
        "Net Non Operating Interest Income Expense": -11000000.0,
        "Interest Expense Non Operating": 19000000.0,
        "Interest Income Non Operating": 8000000.0,
        "Operating Income": 172000000.0,
        "Operating Expense": 84000000.0,
        "Research And Development": 16000000.0,
        "Selling General And Administration": 68000000.0,
        "Gross Profit": 256000000.0,
        "Cost Of Revenue": 760000000.0,
        "Total Revenue": 1016000000.0,
        "Operating Revenue": 1016000000.0
    },
    "2024-09-30": {
        "Tax Effect Of Unusual Items": 0.0,
        "Tax Rate For Calcs": 0.21,
        "Normalized EBITDA": 191000000.0,
        "Total Unusual Items": 0.0,
        "Total Unusual Items Excluding Goodwill": 0.0,
        "Net Income From Continuing Operation Net Minority Interest": 137000000.0,
        "Reconciled Depreciation": 37000000.0,
        "Reconciled Cost Of Revenue": 761000000.0,
        "EBITDA": 191000000.0,
        "EBIT": 154000000.0,
        "Net Interest Income": -12000000.0,
        "Interest Expense": 19000000.0,
        "Interest Income": 7000000.0,
        "Normalized Income": 137000000.0,
        "Net Income From Continuing And Discontinued Operation": 137000000.0,
        "Total Expenses": 851000000.0,
        "Total Operating Income As Reported": 150000000.0,
        "Diluted Average Shares": 55200000.0,
        "Basic Average Shares": 54297251.0,
        "Diluted EPS": 2.43,
        "Basic EPS": 2.523148,
        "Diluted NI Availto Com Stockholders": 134000000.0,
        "Average Dilution Earnings": 0.0,
        "Net Income Common Stockholders": 134000000.0,
        "Otherunder Preferred Stock Dividend": 3000000.0,
        "Net Income": 137000000.0,
        "Minority Interests": -9000000.0,
        "Net Income Including Noncontrolling Interests": 146000000.0,
        "Net Income Continuous Operations": 146000000.0,
        "Earnings From Equity Interest Net Of Tax": 1000000.0,
        "Tax Provision": -10000000.0,
        "Pretax Income": 135000000.0,
        "Other Income Expense": -3000000.0,
        "Other Non Operating Income Expenses": -3000000.0,
        "Special Income Charges": 0.0,
        "Gain On Sale Of Business": 0.0,
        "Restructuring And Mergern Acquisition": NaN,
        "Net Non Operating Interest Income Expense": -12000000.0,
        "Interest Expense Non Operating": 19000000.0,
        "Interest Income Non Operating": 7000000.0,
        "Operating Income": 150000000.0,
        "Operating Expense": 90000000.0,
        "Research And Development": 17000000.0,
        "Selling General And Administration": 73000000.0,
        "Gross Profit": 240000000.0,
        "Cost Of Revenue": 761000000.0,
        "Total Revenue": 1001000000.0,
        "Operating Revenue": 1001000000.0
    },
    "2024-12-31": {
        "Tax Effect Of Unusual Items": 0.0,
        "Tax Rate For Calcs": 0.28,
        "Normalized EBITDA": 199000000.0,
        "Total Unusual Items": NaN,
        "Total Unusual Items Excluding Goodwill": NaN,
        "Net Income From Continuing Operation Net Minority Interest": 93000000.0,
        "Reconciled Depreciation": 37000000.0,
        "Reconciled Cost Of Revenue": 720000000.0,
        "EBITDA": 199000000.0,
        "EBIT": 162000000.0,
        "Net Interest Income": -12000000.0,
        "Interest Expense": 18000000.0,
        "Interest Income": 6000000.0,
        "Normalized Income": 93000000.0,
        "Net Income From Continuing And Discontinued Operation": 93000000.0,
        "Total Expenses": 800000000.0,
        "Total Operating Income As Reported": 155000000.0,
        "Diluted Average Shares": 55000000.0,
        "Basic Average Shares": 54300000.0,
        "Diluted EPS": 1.67,
        "Basic EPS": 1.69,
        "Diluted NI Availto Com Stockholders": 92000000.0,
        "Average Dilution Earnings": 0.0,
        "Net Income Common Stockholders": 92000000.0,
        "Otherunder Preferred Stock Dividend": 1000000.0,
        "Net Income": 93000000.0,
        "Minority Interests": -11000000.0,
        "Net Income Including Noncontrolling Interests": 104000000.0,
        "Net Income Continuous Operations": 104000000.0,
        "Earnings From Equity Interest Net Of Tax": 1000000.0,
        "Tax Provision": 41000000.0,
        "Pretax Income": 144000000.0,
        "Other Income Expense": 1000000.0,
        "Other Non Operating Income Expenses": 1000000.0,
        "Special Income Charges": NaN,
        "Gain On Sale Of Business": NaN,
        "Restructuring And Mergern Acquisition": NaN,
        "Net Non Operating Interest Income Expense": -12000000.0,
        "Interest Expense Non Operating": 18000000.0,
        "Interest Income Non Operating": 6000000.0,
        "Operating Income": 155000000.0,
        "Operating Expense": 80000000.0,
        "Research And Development": 14000000.0,
        "Selling General And Administration": 66000000.0,
        "Gross Profit": 235000000.0,
        "Cost Of Revenue": 720000000.0,
        "Total Revenue": 955000000.0,
        "Operating Revenue": 955000000.0
    },
    "2025-03-31": {
        "Tax Effect Of Unusual Items": 0.0,
        "Tax Rate For Calcs": 0.324503,
        "Normalized EBITDA": 208000000.0,
        "Total Unusual Items": NaN,
        "Total Unusual Items Excluding Goodwill": NaN,
        "Net Income From Continuing Operation Net Minority Interest": 94000000.0,
        "Reconciled Depreciation": 38000000.0,
        "Reconciled Cost Of Revenue": 695000000.0,
        "EBITDA": 208000000.0,
        "EBIT": 170000000.0,
        "Net Interest Income": -12000000.0,
        "Interest Expense": 19000000.0,
        "Interest Income": 7000000.0,
        "Normalized Income": 94000000.0,
        "Net Income From Continuing And Discontinued Operation": 94000000.0,
        "Total Expenses": 774000000.0,
        "Total Operating Income As Reported": 162000000.0,
        "Diluted Average Shares": 54400000.0,
        "Basic Average Shares": 54000000.0,
        "Diluted EPS": 1.69,
        "Basic EPS": 1.71,
        "Diluted NI Availto Com Stockholders": 92000000.0,
        "Average Dilution Earnings": 0.0,
        "Net Income Common Stockholders": 92000000.0,
        "Otherunder Preferred Stock Dividend": 2000000.0,
        "Net Income": 94000000.0,
        "Minority Interests": -11000000.0,
        "Net Income Including Noncontrolling Interests": 105000000.0,
        "Net Income Continuous Operations": 105000000.0,
        "Earnings From Equity Interest Net Of Tax": 3000000.0,
        "Tax Provision": 49000000.0,
        "Pretax Income": 151000000.0,
        "Other Income Expense": 1000000.0,
        "Other Non Operating Income Expenses": 1000000.0,
        "Special Income Charges": NaN,
        "Gain On Sale Of Business": NaN,
        "Restructuring And Mergern Acquisition": NaN,
        "Net Non Operating Interest Income Expense": -12000000.0,
        "Interest Expense Non Operating": 19000000.0,
        "Interest Income Non Operating": 7000000.0,
        "Operating Income": 162000000.0,
        "Operating Expense": 79000000.0,
        "Research And Development": 15000000.0,
        "Selling General And Administration": 64000000.0,
        "Gross Profit": 241000000.0,
        "Cost Of Revenue": 695000000.0,
        "Total Revenue": 936000000.0,
        "Operating Revenue": 936000000.0
    }
}