{
    "2023-06-30": {
        "Tax Effect Of Unusual Items": -214221.17027,
        "Tax Rate For Calcs": 0.214436,
        "Total Unusual Items": -999000.0,
        "Total Unusual Items Excluding Goodwill": -999000.0,
        "Net Income From Continuing Operation Net Minority Interest": 48291000.0,
        "Reconciled Depreciation": 7164000.0,
        "Net Interest Income": 109279000.0,
        "Interest Expense": 22345000.0,
        "Interest Income": 131624000.0,
        "Normalized Income": 49075778.82973,
        "Net Income From Continuing And Discontinued Operation": 48291000.0,
        "Diluted Average Shares": 53794000.0,
        "Basic Average Shares": 53679000.0,
        "Diluted EPS": 0.89,
        "Basic EPS": 0.9,
        "Diluted NI Availto Com Stockholders": 48099000.0,
        "Net Income Common Stockholders": 48099000.0,
        "Otherunder Preferred Stock Dividend": 192000.0,
        "Net Income": 48291000.0,
        "Net Income Including Noncontrolling Interests": 48291000.0,
        "Net Income Continuous Operations": 48291000.0,
        "Tax Provision": 13182000.0,
        "Pretax Income": 61473000.0,
        "Special Income Charges": -999000.0,
        "Other Special Charges": NaN,
        "Restructuring And Mergern Acquisition": 999000.0,
        "Gain On Sale Of Security": -50000.0,
        "Depreciation Amortization Depletion Income Statement": 3705000.0,
        "Depreciation And Amortization In Income Statement": 3705000.0,
        "Amortization": 3705000.0,
        "Amortization Of Intangibles Income Statement": 3705000.0,
        "Selling General And Administration": 72601000.0,
        "Selling And Marketing Expense": 4567000.0,
        "General And Administrative Expense": 68034000.0,
        "Salaries And Wages": 68034000.0,
        "Total Revenue": 175263000.0,
        "Operating Revenue": 175263000.0,
        "Occupancy And Equipment": 10453000.0,
        "Professional Expense And Contract Services Expense": 3102000.0,
        "Other Non Interest Expense": 22178000.0
    },
    "2023-03-31": {
        "Tax Effect Of Unusual Items": 31265.0,
        "Tax Rate For Calcs": 0.169,
        "Total Unusual Items": 185000.0,
        "Total Unusual Items Excluding Goodwill": 185000.0,
        "Net Income From Continuing Operation Net Minority Interest": 5798000.0,
        "Reconciled Depreciation": 7204000.0,
        "Net Interest Income": 111030000.0,
        "Interest Expense": 14852000.0,
        "Interest Income": 125882000.0,
        "Normalized Income": 5644265.0,
        "Net Income From Continuing And Discontinued Operation": 5798000.0,
        "Diluted Average Shares": 54050000.0,
        "Basic Average Shares": 53843000.0,
        "Diluted EPS": 0.11,
        "Basic EPS": 0.11,
        "Diluted NI Availto Com Stockholders": 5781000.0,
        "Net Income Common Stockholders": 5781000.0,
        "Otherunder Preferred Stock Dividend": 17000.0,
        "Net Income": 5798000.0,
        "Net Income Including Noncontrolling Interests": 5798000.0,
        "Net Income Continuous Operations": 5798000.0,
        "Tax Provision": 1175000.0,
        "Pretax Income": 6973000.0,
        "Special Income Charges": 185000.0,
        "Other Special Charges": NaN,
        "Restructuring And Mergern Acquisition": 57000.0,
        "Gain On Sale Of Security": -52329000.0,
        "Depreciation Amortization Depletion Income Statement": 3667000.0,
        "Depreciation And Amortization In Income Statement": 3667000.0,
        "Amortization": 3667000.0,
        "Amortization Of Intangibles Income Statement": 3667000.0,
        "Selling General And Administration": 74388000.0,
        "Selling And Marketing Expense": 2901000.0,
        "General And Administrative Expense": 71487000.0,
        "Salaries And Wages": 71487000.0,
        "Total Revenue": 124283000.0,
        "Operating Revenue": 124283000.0,
        "Occupancy And Equipment": 11024000.0,
        "Professional Expense And Contract Services Expense": 5201000.0,
        "Other Non Interest Expense": 19715000.0
    },
    "2022-12-31": {
        "Tax Effect Of Unusual Items": 76190.598583,
        "Tax Rate For Calcs": 0.219569,
        "Total Unusual Items": 347000.0,
        "Total Unusual Items Excluding Goodwill": 347000.0,
        "Net Income From Continuing Operation Net Minority Interest": 52530000.0,
        "Reconciled Depreciation": 7496000.0,
        "Net Interest Income": 112223000.0,
        "Interest Expense": 11760000.0,
        "Interest Income": 123983000.0,
        "Normalized Income": 52259190.598583,
        "Net Income From Continuing And Discontinued Operation": 52530000.0,
        "Diluted Average Shares": 54253000.0,
        "Basic Average Shares": 54154639.0,
        "Diluted EPS": 0.97,
        "Basic EPS": 0.97,
        "Diluted NI Availto Com Stockholders": 52383000.0,
        "Net Income Common Stockholders": 52383000.0,
        "Otherunder Preferred Stock Dividend": 147000.0,
        "Net Income": 52530000.0,
        "Net Income Including Noncontrolling Interests": 52530000.0,
        "Net Income Continuous Operations": 52530000.0,
        "Tax Provision": 14779000.0,
        "Pretax Income": 67309000.0,
        "Special Income Charges": 347000.0,
        "Restructuring And Mergern Acquisition": -347000.0,
        "Gain On Sale Of Security": -20000.0,
        "Depreciation Amortization Depletion Income Statement": 3794000.0,
        "Depreciation And Amortization In Income Statement": 3794000.0,
        "Amortization": 3794000.0,
        "Amortization Of Intangibles Income Statement": 3794000.0,
        "Selling General And Administration": 26769000.0,
        "Selling And Marketing Expense": 3120000.0,
        "General And Administrative Expense": 23649000.0,
        "Salaries And Wages": 64103000.0,
        "Total Revenue": 175929000.0,
        "Operating Revenue": 175929000.0
    },
    "2022-09-30": {
        "Tax Effect Of Unusual Items": NaN,
        "Tax Rate For Calcs": NaN,
        "Total Unusual Items": NaN,
        "Total Unusual Items Excluding Goodwill": NaN,
        "Net Income From Continuing Operation Net Minority Interest": NaN,
        "Reconciled Depreciation": NaN,
        "Net Interest Income": NaN,
        "Interest Expense": NaN,
        "Interest Income": NaN,
        "Normalized Income": NaN,
        "Net Income From Continuing And Discontinued Operation": NaN,
        "Diluted Average Shares": NaN,
        "Basic Average Shares": NaN,
        "Diluted EPS": NaN,
        "Basic EPS": NaN,
        "Diluted NI Availto Com Stockholders": NaN,
        "Net Income Common Stockholders": NaN,
        "Otherunder Preferred Stock Dividend": NaN,
        "Net Income": NaN,
        "Net Income Including Noncontrolling Interests": NaN,
        "Net Income Continuous Operations": NaN,
        "Tax Provision": NaN,
        "Pretax Income": NaN,
        "Special Income Charges": NaN,
        "Other Special Charges": NaN,
        "Restructuring And Mergern Acquisition": NaN,
        "Gain On Sale Of Security": NaN,
        "Depreciation Amortization Depletion Income Statement": NaN,
        "Depreciation And Amortization In Income Statement": NaN,
        "Amortization": NaN,
        "Amortization Of Intangibles Income Statement": NaN,
        "Selling General And Administration": NaN,
        "Selling And Marketing Expense": NaN,
        "General And Administrative Expense": NaN,
        "Other Gand A": 14184000.0,
        "Salaries And Wages": NaN,
        "Total Revenue": NaN,
        "Operating Revenue": NaN
    },
    "2022-06-30": {
        "Tax Effect Of Unusual Items": -941760.0,
        "Tax Rate For Calcs": 0.216,
        "Total Unusual Items": -4360000.0,
        "Total Unusual Items Excluding Goodwill": -4360000.0,
        "Net Income From Continuing Operation Net Minority Interest": 39805000.0,
        "Reconciled Depreciation": 3851000.0,
        "Net Interest Income": 103141000.0,
        "Interest Expense": 3034000.0,
        "Interest Income": 106175000.0,
        "Normalized Income": 43223240.0,
        "Net Income From Continuing And Discontinued Operation": 39805000.0,
        "Diluted Average Shares": 54221000.0,
        "Basic Average Shares": 53928000.0,
        "Diluted EPS": 0.73,
        "Basic EPS": 0.74,
        "Diluted NI Availto Com Stockholders": 39805000.0,
        "Net Income Common Stockholders": 39805000.0,
        "Otherunder Preferred Stock Dividend": 125000.0,
        "Net Income": 39805000.0,
        "Net Income Including Noncontrolling Interests": 39805000.0,
        "Net Income Continuous Operations": 39805000.0,
        "Tax Provision": 10971000.0,
        "Pretax Income": 50776000.0,
        "Special Income Charges": -4360000.0,
        "Restructuring And Mergern Acquisition": 4360000.0,
        "Gain On Sale Of Security": -22000.0,
        "Depreciation Amortization Depletion Income Statement": 3851000.0,
        "Depreciation And Amortization In Income Statement": 3851000.0,
        "Amortization": 3851000.0,
        "Amortization Of Intangibles Income Statement": 3851000.0,
        "Selling General And Administration": 79009000.0,
        "Selling And Marketing Expense": 3616000.0,
        "General And Administrative Expense": 79009000.0,
        "Other Gand A": 13611000.0,
        "Salaries And Wages": 65398000.0,
        "Total Revenue": 167238000.0,
        "Operating Revenue": 167238000.0
    },
    "2022-03-31": {
        "Diluted EPS": 0.86,
        "Total Revenue": 163,
        "Gross Profit": 161,
        "Operating Income": 60,
        "EBIT": NaN,
        "Net Income": 47
    },
    "2021-12-31": {
        "Diluted EPS": 0.8,
        "Total Revenue": 163,
        "Gross Profit": 160,
        "Operating Income": 57,
        "EBIT": NaN,
        "Net Income": 43
    },
    "2021-09-30": {
        "Diluted EPS": 0.83,
        "Total Revenue": 160,
        "Gross Profit": 157,
        "Operating Income": 58,
        "EBIT": NaN,
        "Net Income": 45
    },
    "2021-06-30": {
        "Diluted EPS": 0.88,
        "Total Revenue": 155,
        "Gross Profit": 152,
        "Operating Income": 62,
        "EBIT": NaN,
        "Net Income": 48
    },
    "2021-03-31": {
        "Diluted EPS": 0.97,
        "Total Revenue": 156,
        "Gross Profit": 152,
        "Operating Income": 65,
        "EBIT": NaN,
        "Net Income": 53
    },
    "2020-12-31": {
        "Diluted EPS": 0.87,
        "Total Revenue": 155,
        "Gross Profit": 151,
        "Operating Income": 59,
        "EBIT": NaN,
        "Net Income": 46
    },
    "2020-09-30": {
        "Diluted EPS": 0.79,
        "Total Revenue": 157,
        "Gross Profit": 153,
        "Operating Income": 55,
        "EBIT": NaN,
        "Net Income": 43
    },
    "2020-06-30": {
        "Diluted EPS": 0.66,
        "Total Revenue": 150,
        "Gross Profit": 145,
        "Operating Income": 48,
        "EBIT": NaN,
        "Net Income": 35
    },
    "2020-03-31": {
        "Diluted EPS": 0.76,
        "Total Revenue": 156,
        "Gross Profit": 149,
        "Operating Income": 50,
        "EBIT": NaN,
        "Net Income": 40
    },
    "2019-12-31": {
        "Diluted EPS": 0.82,
        "Total Revenue": 157,
        "Gross Profit": 150,
        "Operating Income": 53,
        "EBIT": NaN,
        "Net Income": 43
    },
    "2019-09-30": {
        "Diluted EPS": 0.75,
        "Total Revenue": 156,
        "Gross Profit": 148,
        "Operating Income": 56,
        "EBIT": NaN,
        "Net Income": 39
    },
    "2019-06-30": {
        "Diluted EPS": 0.86,
        "Total Revenue": 155,
        "Gross Profit": 149,
        "Operating Income": 58,
        "EBIT": NaN,
        "Net Income": 45
    },
    "2019-03-31": {
        "Diluted EPS": 0.8,
        "Total Revenue": 148,
        "Gross Profit": 143,
        "Operating Income": 52,
        "EBIT": NaN,
        "Net Income": 42
    },
    "2018-12-31": {
        "Diluted EPS": 0.77,
        "Total Revenue": 147,
        "Gross Profit": 142,
        "Operating Income": 51,
        "EBIT": NaN,
        "Net Income": 41
    },
    "2018-09-30": {
        "Diluted EPS": 0.83,
        "Total Revenue": 147,
        "Gross Profit": 142,
        "Operating Income": 54,
        "EBIT": NaN,
        "Net Income": 43
    },
    "2018-06-30": {
        "Diluted EPS": 0.86,
        "Total Revenue": 148,
        "Gross Profit": 143,
        "Operating Income": 55,
        "EBIT": NaN,
        "Net Income": 44
    },
    "2018-03-31": {
        "Diluted EPS": 0.78,
        "Total Revenue": 146,
        "Gross Profit": 142,
        "Operating Income": 52,
        "EBIT": NaN,
        "Net Income": 40
    },
    "2017-12-31": {
        "Diluted EPS": 1.43,
        "Total Revenue": 144,
        "Gross Profit": 140,
        "Operating Income": 48,
        "EBIT": NaN,
        "Net Income": 72
    },
    "2017-09-30": {
        "Diluted EPS": 0.68,
        "Total Revenue": 141,
        "Gross Profit": 137,
        "Operating Income": 52,
        "EBIT": NaN,
        "Net Income": 35
    },
    "2017-06-30": {
        "Diluted EPS": 0.35,
        "Total Revenue": 133,
        "Gross Profit": 129,
        "Operating Income": 48,
        "EBIT": NaN,
        "Net Income": 17
    },
    "2017-03-31": {
        "Diluted EPS": 0.57,
        "Total Revenue": 114,
        "Gross Profit": 112,
        "Operating Income": 38,
        "EBIT": NaN,
        "Net Income": 26
    },
    "2016-12-31": {
        "Diluted EPS": 0.58,
        "Total Revenue": 112,
        "Gross Profit": 109,
        "Operating Income": 38,
        "EBIT": NaN,
        "Net Income": 26
    },
    "2016-09-30": {
        "Diluted EPS": 0.61,
        "Total Revenue": 111,
        "Gross Profit": 108,
        "Operating Income": 40,
        "EBIT": NaN,
        "Net Income": 27
    },
    "2016-06-30": {
        "Diluted EPS": 0.58,
        "Total Revenue": 110,
        "Gross Profit": 107,
        "Operating Income": 39,
        "EBIT": NaN,
        "Net Income": 26
    },
    "2016-03-31": {
        "Diluted EPS": 0.55,
        "Total Revenue": 108,
        "Gross Profit": 105,
        "Operating Income": 36,
        "EBIT": NaN,
        "Net Income": 24
    },
    "2015-12-31": {
        "Diluted EPS": 0.47,
        "Total Revenue": 101,
        "Gross Profit": 98,
        "Operating Income": 36,
        "EBIT": NaN,
        "Net Income": 20
    },
    "2015-09-30": {
        "Diluted EPS": 0.6,
        "Total Revenue": 97,
        "Gross Profit": 94,
        "Operating Income": 36,
        "EBIT": NaN,
        "Net Income": 25
    },
    "2015-06-30": {
        "Diluted EPS": 0.58,
        "Total Revenue": 94,
        "Gross Profit": 91,
        "Operating Income": 35,
        "EBIT": NaN,
        "Net Income": 24
    },
    "2015-03-31": {
        "Diluted EPS": 0.54,
        "Total Revenue": 92,
        "Gross Profit": 89,
        "Operating Income": 33,
        "EBIT": NaN,
        "Net Income": 22
    },
    "2014-12-31": {
        "Diluted EPS": 0.57,
        "Total Revenue": 95,
        "Gross Profit": 92,
        "Operating Income": 30,
        "EBIT": NaN,
        "Net Income": 23
    },
    "2014-09-30": {
        "Diluted EPS": 0.54,
        "Total Revenue": 95,
        "Gross Profit": 92,
        "Operating Income": 35,
        "EBIT": NaN,
        "Net Income": 22
    },
    "2014-06-30": {
        "Diluted EPS": 0.57,
        "Total Revenue": 94,
        "Gross Profit": 91,
        "Operating Income": 34,
        "EBIT": NaN,
        "Net Income": 24
    },
    "2014-03-31": {
        "Diluted EPS": 0.54,
        "Total Revenue": 92,
        "Gross Profit": 88,
        "Operating Income": 32,
        "EBIT": NaN,
        "Net Income": 22
    },
    "2013-12-31": {
        "Diluted EPS": 0.38,
        "Total Revenue": 87,
        "Gross Profit": 82,
        "Operating Income": 24,
        "EBIT": NaN,
        "Net Income": 15
    },
    "2013-09-30": {
        "Diluted EPS": 0.54,
        "Total Revenue": 94,
        "Gross Profit": 88,
        "Operating Income": 31,
        "EBIT": NaN,
        "Net Income": 22
    },
    "2013-06-30": {
        "Diluted EPS": 0.52,
        "Total Revenue": 91,
        "Gross Profit": 86,
        "Operating Income": 30,
        "EBIT": NaN,
        "Net Income": 21
    },
    "2013-03-31": {
        "Diluted EPS": 0.5,
        "Total Revenue": 94,
        "Gross Profit": 85,
        "Operating Income": 29,
        "EBIT": NaN,
        "Net Income": 20
    },
    "2012-12-31": {
        "Diluted EPS": 0.46,
        "Total Revenue": 98,
        "Gross Profit": 86,
        "Operating Income": 27,
        "EBIT": NaN,
        "Net Income": 19
    },
    "2012-09-30": {
        "Diluted EPS": 0.46,
        "Total Revenue": 97,
        "Gross Profit": 85,
        "Operating Income": 31,
        "EBIT": NaN,
        "Net Income": 18
    },
    "2012-06-30": {
        "Diluted EPS": 0.53,
        "Total Revenue": 94,
        "Gross Profit": 81,
        "Operating Income": 30,
        "EBIT": NaN,
        "Net Income": 21
    },
    "2012-03-31": {
        "Diluted EPS": 0.48,
        "Total Revenue": 91,
        "Gross Profit": 77,
        "Operating Income": 27,
        "EBIT": NaN,
        "Net Income": 19
    },
    "2011-12-31": {
        "Diluted EPS": 0.5,
        "Total Revenue": 93,
        "Gross Profit": 78,
        "Operating Income": 28,
        "EBIT": NaN,
        "Net Income": 19
    },
    "2011-09-30": {
        "Diluted EPS": 0.54,
        "Total Revenue": 94,
        "Gross Profit": 78,
        "Operating Income": 29,
        "EBIT": NaN,
        "Net Income": 20
    },
    "2011-06-30": {
        "Diluted EPS": 0.49,
        "Total Revenue": 93,
        "Gross Profit": 77,
        "Operating Income": 28,
        "EBIT": NaN,
        "Net Income": 18
    },
    "2011-03-31": {
        "Diluted EPS": 0.48,
        "Total Revenue": 81,
        "Gross Profit": 66,
        "Operating Income": 23,
        "EBIT": NaN,
        "Net Income": 16
    },
    "2010-12-31": {
        "Diluted EPS": 0.48,
        "Total Revenue": 84,
        "Gross Profit": 68,
        "Operating Income": 22,
        "EBIT": NaN,
        "Net Income": 15
    },
    "2010-09-30": {
        "Diluted EPS": 0.51,
        "Total Revenue": 86,
        "Gross Profit": 69,
        "Operating Income": 24,
        "EBIT": NaN,
        "Net Income": 17
    },
    "2010-06-30": {
        "Diluted EPS": 0.48,
        "Total Revenue": 85,
        "Gross Profit": 68,
        "Operating Income": 22,
        "EBIT": NaN,
        "Net Income": 16
    },
    "2010-03-31": {
        "Diluted EPS": 0.42,
        "Total Revenue": 83,
        "Gross Profit": 65,
        "Operating Income": 19,
        "EBIT": NaN,
        "Net Income": 14
    },
    "2009-12-31": {
        "Diluted EPS": 0.28,
        "Total Revenue": 84,
        "Gross Profit": 65,
        "Operating Income": 14,
        "EBIT": NaN,
        "Net Income": 9
    },
    "2009-09-30": {
        "Diluted EPS": 0.38,
        "Total Revenue": 83,
        "Gross Profit": 63,
        "Operating Income": 16,
        "EBIT": NaN,
        "Net Income": 12
    },
    "2009-06-30": {
        "Diluted EPS": 0.28,
        "Total Revenue": 83,
        "Gross Profit": 61,
        "Operating Income": 12,
        "EBIT": NaN,
        "Net Income": 9
    },
    "2009-03-31": {
        "Diluted EPS": 0.32,
        "Total Revenue": 83,
        "Gross Profit": 61,
        "Operating Income": 13,
        "EBIT": NaN,
        "Net Income": 10
    },
    "2023-09-30": {
        "Tax Effect Of Unusual Items": -16947.31202,
        "Tax Rate For Calcs": 0.211841,
        "Total Unusual Items": -80000.0,
        "Total Unusual Items Excluding Goodwill": -80000.0,
        "Net Income From Continuing Operation Net Minority Interest": 44129000.0,
        "Reconciled Depreciation": 7015000.0,
        "Net Interest Income": 107786000.0,
        "Interest Expense": 29770000.0,
        "Interest Income": 137556000.0,
        "Normalized Income": 44192052.68798,
        "Net Income From Continuing And Discontinued Operation": 44129000.0,
        "Diluted Average Shares": NaN,
        "Basic Average Shares": NaN,
        "Diluted EPS": NaN,
        "Basic EPS": NaN,
        "Diluted NI Availto Com Stockholders": 43971000.0,
        "Net Income Common Stockholders": 43971000.0,
        "Otherunder Preferred Stock Dividend": 158000.0,
        "Net Income": 44129000.0,
        "Net Income Including Noncontrolling Interests": 44129000.0,
        "Net Income Continuous Operations": 44129000.0,
        "Tax Provision": 11861000.0,
        "Pretax Income": 55990000.0,
        "Special Income Charges": -80000.0,
        "Other Special Charges": NaN,
        "Restructuring And Mergern Acquisition": 80000.0,
        "Gain On Sale Of Security": -49000.0,
        "Depreciation Amortization Depletion Income Statement": 3576000.0,
        "Depreciation And Amortization In Income Statement": 3576000.0,
        "Amortization": 3576000.0,
        "Amortization Of Intangibles Income Statement": 3576000.0,
        "Selling General And Administration": 75315000.0,
        "Selling And Marketing Expense": 4628000.0,
        "General And Administrative Expense": 70687000.0,
        "Salaries And Wages": 70687000.0,
        "Total Revenue": 175372000.0,
        "Operating Revenue": 175372000.0,
        "Occupancy And Equipment": 10358000.0,
        "Professional Expense And Contract Services Expense": 3826000.0,
        "Other Non Interest Expense": 23349000.0
    },
    "2023-12-31": {
        "Tax Effect Of Unusual Items": NaN,
        "Tax Rate For Calcs": NaN,
        "Total Unusual Items": -9170000.0,
        "Total Unusual Items Excluding Goodwill": -9170000.0,
        "Net Income From Continuing Operation Net Minority Interest": NaN,
        "Reconciled Depreciation": NaN,
        "Net Interest Income": NaN,
        "Interest Expense": NaN,
        "Interest Income": NaN,
        "Normalized Income": NaN,
        "Net Income From Continuing And Discontinued Operation": NaN,
        "Diluted Average Shares": NaN,
        "Basic Average Shares": NaN,
        "Diluted EPS": NaN,
        "Basic EPS": NaN,
        "Diluted NI Availto Com Stockholders": NaN,
        "Net Income Common Stockholders": NaN,
        "Otherunder Preferred Stock Dividend": NaN,
        "Net Income": NaN,
        "Net Income Including Noncontrolling Interests": NaN,
        "Net Income Continuous Operations": NaN,
        "Tax Provision": NaN,
        "Pretax Income": NaN,
        "Special Income Charges": -9170000.0,
        "Other Special Charges": NaN,
        "Restructuring And Mergern Acquisition": 3370000.0,
        "Gain On Sale Of Security": NaN,
        "Depreciation Amortization Depletion Income Statement": NaN,
        "Depreciation And Amortization In Income Statement": NaN,
        "Amortization": NaN,
        "Amortization Of Intangibles Income Statement": NaN,
        "Selling General And Administration": NaN,
        "Selling And Marketing Expense": NaN,
        "General And Administrative Expense": NaN,
        "Salaries And Wages": NaN,
        "Total Revenue": NaN,
        "Operating Revenue": NaN,
        "Occupancy And Equipment": NaN,
        "Professional Expense And Contract Services Expense": NaN,
        "Other Non Interest Expense": NaN
    },
    "2024-03-31": {
        "Tax Effect Of Unusual Items": NaN,
        "Tax Rate For Calcs": NaN,
        "Total Unusual Items": NaN,
        "Total Unusual Items Excluding Goodwill": NaN,
        "Net Income From Continuing Operation Net Minority Interest": NaN,
        "Reconciled Depreciation": NaN,
        "Net Interest Income": NaN,
        "Interest Expense": NaN,
        "Interest Income": NaN,
        "Normalized Income": NaN,
        "Net Income From Continuing And Discontinued Operation": NaN,
        "Diluted Average Shares": NaN,
        "Basic Average Shares": NaN,
        "Diluted EPS": NaN,
        "Basic EPS": NaN,
        "Diluted NI Availto Com Stockholders": NaN,
        "Net Income Common Stockholders": NaN,
        "Otherunder Preferred Stock Dividend": NaN,
        "Net Income": NaN,
        "Net Income Including Noncontrolling Interests": NaN,
        "Net Income Continuous Operations": NaN,
        "Tax Provision": NaN,
        "Pretax Income": NaN,
        "Special Income Charges": NaN,
        "Other Special Charges": 119000.0,
        "Restructuring And Mergern Acquisition": NaN,
        "Gain On Sale Of Security": NaN,
        "Depreciation Amortization Depletion Income Statement": NaN,
        "Depreciation And Amortization In Income Statement": NaN,
        "Amortization": NaN,
        "Amortization Of Intangibles Income Statement": NaN,
        "Selling General And Administration": NaN,
        "Selling And Marketing Expense": NaN,
        "General And Administrative Expense": NaN,
        "Salaries And Wages": NaN,
        "Total Revenue": NaN,
        "Operating Revenue": NaN,
        "Occupancy And Equipment": NaN,
        "Professional Expense And Contract Services Expense": NaN,
        "Other Non Interest Expense": NaN
    },
    "2024-06-30": {
        "Tax Effect Of Unusual Items": NaN,
        "Tax Rate For Calcs": NaN,
        "Total Unusual Items": -104000.0,
        "Total Unusual Items Excluding Goodwill": -104000.0,
        "Net Income From Continuing Operation Net Minority Interest": NaN,
        "Reconciled Depreciation": NaN,
        "Net Interest Income": NaN,
        "Interest Expense": NaN,
        "Interest Income": NaN,
        "Normalized Income": NaN,
        "Net Income From Continuing And Discontinued Operation": NaN,
        "Diluted Average Shares": NaN,
        "Basic Average Shares": NaN,
        "Diluted EPS": NaN,
        "Basic EPS": NaN,
        "Diluted NI Availto Com Stockholders": NaN,
        "Net Income Common Stockholders": NaN,
        "Otherunder Preferred Stock Dividend": NaN,
        "Net Income": NaN,
        "Net Income Including Noncontrolling Interests": NaN,
        "Net Income Continuous Operations": NaN,
        "Tax Provision": NaN,
        "Pretax Income": NaN,
        "Special Income Charges": -104000.0,
        "Other Special Charges": NaN,
        "Restructuring And Mergern Acquisition": 104000.0,
        "Gain On Sale Of Security": NaN,
        "Depreciation Amortization Depletion Income Statement": NaN,
        "Depreciation And Amortization In Income Statement": NaN,
        "Amortization": NaN,
        "Amortization Of Intangibles Income Statement": NaN,
        "Selling General And Administration": NaN,
        "Selling And Marketing Expense": NaN,
        "General And Administrative Expense": NaN,
        "Salaries And Wages": NaN,
        "Total Revenue": NaN,
        "Operating Revenue": NaN,
        "Occupancy And Equipment": NaN,
        "Professional Expense And Contract Services Expense": NaN,
        "Other Non Interest Expense": NaN
    },
    "2024-09-30": {
        "Tax Effect Of Unusual Items": -2760.0,
        "Tax Rate For Calcs": 0.23,
        "Total Unusual Items": -12000.0,
        "Total Unusual Items Excluding Goodwill": -12000.0,
        "Net Income From Continuing Operation Net Minority Interest": 43901000.0,
        "Reconciled Depreciation": 6972000.0,
        "Net Interest Income": 112745000.0,
        "Interest Expense": 51155000.0,
        "Interest Income": 163900000.0,
        "Normalized Income": 43910240.0,
        "Net Income From Continuing And Discontinued Operation": 43901000.0,
        "Diluted Average Shares": 52911000.0,
        "Basic Average Shares": 52892771.0,
        "Diluted EPS": 0.83,
        "Basic EPS": 0.83,
        "Diluted NI Availto Com Stockholders": 43709000.0,
        "Net Income Common Stockholders": 43709000.0,
        "Otherunder Preferred Stock Dividend": 192000.0,
        "Net Income": 43901000.0,
        "Net Income Including Noncontrolling Interests": 43901000.0,
        "Net Income Continuous Operations": 43901000.0,
        "Tax Provision": 13129000.0,
        "Pretax Income": 57030000.0,
        "Special Income Charges": -12000.0,
        "Other Special Charges": 102000.0,
        "Restructuring And Mergern Acquisition": -90000.0,
        "Gain On Sale Of Security": -154000.0,
        "Depreciation Amortization Depletion Income Statement": 3369000.0,
        "Depreciation And Amortization In Income Statement": 3369000.0,
        "Amortization": 3369000.0,
        "Amortization Of Intangibles Income Statement": 3369000.0,
        "Selling General And Administration": 82387000.0,
        "Selling And Marketing Expense": 4365000.0,
        "General And Administrative Expense": 78022000.0,
        "Salaries And Wages": 78022000.0,
        "Total Revenue": 188942000.0,
        "Operating Revenue": 188942000.0,
        "Occupancy And Equipment": 10586000.0,
        "Professional Expense And Contract Services Expense": 3723000.0,
        "Other Non Interest Expense": 24126000.0
    },
    "2024-12-31": {
        "Tax Effect Of Unusual Items": -74260.536102,
        "Tax Rate For Calcs": 0.228494,
        "Total Unusual Items": -325000.0,
        "Total Unusual Items Excluding Goodwill": -325000.0,
        "Net Income From Continuing Operation Net Minority Interest": 49793000.0,
        "Reconciled Depreciation": 7191000.0,
        "Net Interest Income": 119973000.0,
        "Interest Expense": 49958000.0,
        "Interest Income": 169931000.0,
        "Normalized Income": 50043739.463898,
        "Net Income From Continuing And Discontinued Operation": 49793000.0,
        "Diluted Average Shares": 53078000.0,
        "Basic Average Shares": 52971277.0,
        "Diluted EPS": 0.94,
        "Basic EPS": 0.94,
        "Diluted NI Availto Com Stockholders": 49577000.0,
        "Net Income Common Stockholders": 49577000.0,
        "Otherunder Preferred Stock Dividend": 216000.0,
        "Net Income": 49793000.0,
        "Net Income Including Noncontrolling Interests": 49793000.0,
        "Net Income Continuous Operations": 49793000.0,
        "Tax Provision": 14747000.0,
        "Pretax Income": 64540000.0,
        "Special Income Charges": -325000.0,
        "Other Special Charges": -83000.0,
        "Restructuring And Mergern Acquisition": 408000.0,
        "Gain On Sale Of Security": 247000.0,
        "Depreciation Amortization Depletion Income Statement": 3437000.0,
        "Depreciation And Amortization In Income Statement": 3437000.0,
        "Amortization": 3437000.0,
        "Amortization Of Intangibles Income Statement": 3437000.0,
        "Selling General And Administration": 80757000.0,
        "Selling And Marketing Expense": 4510000.0,
        "General And Administrative Expense": 76247000.0,
        "Salaries And Wages": 76247000.0,
        "Total Revenue": 196287000.0,
        "Operating Revenue": 196287000.0,
        "Occupancy And Equipment": 10995000.0,
        "Professional Expense And Contract Services Expense": 3800000.0,
        "Other Non Interest Expense": 26225000.0
    },
    "2025-03-31": {
        "Tax Effect Of Unusual Items": 0.0,
        "Tax Rate For Calcs": 0.228,
        "Total Unusual Items": NaN,
        "Total Unusual Items Excluding Goodwill": NaN,
        "Net Income From Continuing Operation Net Minority Interest": 49614000.0,
        "Reconciled Depreciation": 7320000.0,
        "Net Interest Income": 120212000.0,
        "Interest Expense": 47435000.0,
        "Interest Income": 167647000.0,
        "Normalized Income": 49614000.0,
        "Net Income From Continuing And Discontinued Operation": 49614000.0,
        "Diluted Average Shares": 53130000.0,
        "Basic Average Shares": 52780851.0,
        "Diluted EPS": 0.93,
        "Basic EPS": 0.94,
        "Diluted NI Availto Com Stockholders": 49416000.0,
        "Net Income Common Stockholders": 49416000.0,
        "Otherunder Preferred Stock Dividend": 198000.0,
        "Net Income": 49614000.0,
        "Net Income Including Noncontrolling Interests": 49614000.0,
        "Net Income Continuous Operations": 49614000.0,
        "Tax Provision": 14654000.0,
        "Pretax Income": 64268000.0,
        "Special Income Charges": NaN,
        "Other Special Charges": NaN,
        "Restructuring And Mergern Acquisition": NaN,
        "Gain On Sale Of Security": 245000.0,
        "Depreciation Amortization Depletion Income Statement": 3482000.0,
        "Depreciation And Amortization In Income Statement": 3482000.0,
        "Amortization": 3482000.0,
        "Amortization Of Intangibles Income Statement": 3482000.0,
        "Selling General And Administration": 79572000.0,
        "Selling And Marketing Expense": 3130000.0,
        "General And Administrative Expense": 76442000.0,
        "Salaries And Wages": 76442000.0,
        "Total Revenue": 196248000.0,
        "Operating Revenue": 196248000.0,
        "Occupancy And Equipment": 12698000.0,
        "Professional Expense And Contract Services Expense": 4849000.0,
        "Other Non Interest Expense": 24689000.0
    },
    "2025-06-30": {
        "Tax Effect Of Unusual Items": -355016.0,
        "Tax Rate For Calcs": 0.223,
        "Total Unusual Items": -1592000.0,
        "Total Unusual Items Excluding Goodwill": -1592000.0,
        "Net Income From Continuing Operation Net Minority Interest": 51331000.0,
        "Reconciled Depreciation": 7218000.0,
        "Net Interest Income": 124748000.0,
        "Interest Expense": 48130000.0,
        "Interest Income": 172878000.0,
        "Normalized Income": 52567984.0,
        "Net Income From Continuing And Discontinued Operation": 51331000.0,
        "Diluted Average Shares": 53117000.0,
        "Basic Average Shares": 52918557.0,
        "Diluted EPS": 0.97,
        "Basic EPS": 0.97,
        "Diluted NI Availto Com Stockholders": 51091000.0,
        "Net Income Common Stockholders": 51091000.0,
        "Otherunder Preferred Stock Dividend": 240000.0,
        "Net Income": 51331000.0,
        "Net Income Including Noncontrolling Interests": 51331000.0,
        "Net Income Continuous Operations": 51331000.0,
        "Tax Provision": 14706000.0,
        "Pretax Income": 66037000.0,
        "Special Income Charges": -1592000.0,
        "Other Special Charges": NaN,
        "Restructuring And Mergern Acquisition": 1592000.0,
        "Gain On Sale Of Security": -1000.0,
        "Depreciation Amortization Depletion Income Statement": 3369000.0,
        "Depreciation And Amortization In Income Statement": 3369000.0,
        "Amortization": 3369000.0,
        "Amortization Of Intangibles Income Statement": 3369000.0,
        "Selling General And Administration": 83022000.0,
        "Selling And Marketing Expense": 4001000.0,
        "General And Administrative Expense": 79021000.0,
        "Salaries And Wages": 79021000.0,
        "Total Revenue": 199256000.0,
        "Operating Revenue": 199256000.0,
        "Occupancy And Equipment": 11486000.0,
        "Professional Expense And Contract Services Expense": 4368000.0,
        "Other Non Interest Expense": 25265000.0
    },
    "2025-09-30": {
        "Tax Effect Of Unusual Items": -184593.297708,
        "Tax Rate For Calcs": 0.247113,
        "Total Unusual Items": -747000.0,
        "Total Unusual Items Excluding Goodwill": -747000.0,
        "Net Income From Continuing Operation Net Minority Interest": 55088000.0,
        "Reconciled Depreciation": 7320000.0,
        "Net Interest Income": 128165000.0,
        "Interest Expense": 49118000.0,
        "Interest Income": 177283000.0,
        "Normalized Income": 55650406.702292,
        "Net Income From Continuing And Discontinued Operation": 55088000.0,
        "Diluted Average Shares": 52804000.0,
        "Basic Average Shares": 52689000.0,
        "Diluted EPS": 1.04,
        "Basic EPS": 1.04,
        "Diluted NI Availto Com Stockholders": 54846000.0,
        "Net Income Common Stockholders": 54846000.0,
        "Otherunder Preferred Stock Dividend": 242000.0,
        "Net Income": 55088000.0,
        "Net Income Including Noncontrolling Interests": 55088000.0,
        "Net Income Continuous Operations": 55088000.0,
        "Tax Provision": 18081000.0,
        "Pretax Income": 73169000.0,
        "Special Income Charges": -747000.0,
        "Other Special Charges": NaN,
        "Restructuring And Mergern Acquisition": 747000.0,
        "Gain On Sale Of Security": 236000.0,
        "Depreciation Amortization Depletion Income Statement": 3258000.0,
        "Depreciation And Amortization In Income Statement": 3258000.0,
        "Amortization": 3258000.0,
        "Amortization Of Intangibles Income Statement": 3258000.0,
        "Selling General And Administration": 81117000.0,
        "Selling And Marketing Expense": 4585000.0,
        "General And Administrative Expense": 76532000.0,
        "Salaries And Wages": 76532000.0,
        "Total Revenue": 207052000.0,
        "Operating Revenue": 207052000.0,
        "Occupancy And Equipment": 11419000.0,
        "Professional Expense And Contract Services Expense": 4469000.0,
        "Other Non Interest Expense": 27309000.0
    }
}