{
    "2023-06-30": {
        "Tax Effect Of Unusual Items": 0.0,
        "Tax Rate For Calcs": 0.231,
        "Net Income From Continuing Operation Net Minority Interest": 12906000.0,
        "Reconciled Depreciation": 490000.0,
        "Net Interest Income": 62194000.0,
        "Interest Expense": 21336000.0,
        "Interest Income": 83530000.0,
        "Normalized Income": 12906000.0,
        "Net Income From Continuing And Discontinued Operation": 12906000.0,
        "Diluted Average Shares": 13597763.0,
        "Basic Average Shares": 13275640.0,
        "Diluted EPS": 0.95,
        "Basic EPS": 0.97,
        "Diluted NI Availto Com Stockholders": 12906000.0,
        "Net Income Common Stockholders": 12906000.0,
        "Net Income": 12906000.0,
        "Net Income Including Noncontrolling Interests": 12906000.0,
        "Net Income Continuous Operations": 12906000.0,
        "Tax Provision": 3876000.0,
        "Pretax Income": 16782000.0,
        "Gain On Sale Of Security": 155000.0,
        "Selling General And Administration": 18327000.0,
        "Selling And Marketing Expense": 929000.0,
        "General And Administrative Expense": 17398000.0,
        "Insurance And Claims": 570000.0,
        "Salaries And Wages": 16828000.0,
        "Total Revenue": 97375000.0,
        "Operating Revenue": 97375000.0,
        "Occupancy And Equipment": 1143000.0,
        "Professional Expense And Contract Services Expense": 4645000.0,
        "Other Non Interest Expense": 4225000.0
    },
    "2023-03-31": {
        "Tax Effect Of Unusual Items": 0.0,
        "Tax Rate For Calcs": 0.197,
        "Total Unusual Items": NaN,
        "Total Unusual Items Excluding Goodwill": NaN,
        "Net Income From Continuing Operation Net Minority Interest": 12391000.0,
        "Reconciled Depreciation": 466000.0,
        "Net Interest Income": 54461000.0,
        "Interest Expense": 15620000.0,
        "Interest Income": 70081000.0,
        "Normalized Income": 12391000.0,
        "Net Income From Continuing And Discontinued Operation": 12391000.0,
        "Diluted Average Shares": 13609491.0,
        "Basic Average Shares": 13196960.0,
        "Diluted EPS": 0.91,
        "Basic EPS": 0.94,
        "Diluted NI Availto Com Stockholders": 12391000.0,
        "Net Income Common Stockholders": 12391000.0,
        "Net Income": 12391000.0,
        "Net Income Including Noncontrolling Interests": 12391000.0,
        "Net Income Continuous Operations": 12391000.0,
        "Tax Provision": 3047000.0,
        "Pretax Income": 15438000.0,
        "Special Income Charges": NaN,
        "Gain On Sale Of Business": NaN,
        "Gain On Sale Of Security": 39000.0,
        "Selling General And Administration": 17644000.0,
        "Selling And Marketing Expense": 848000.0,
        "General And Administrative Expense": 16796000.0,
        "Insurance And Claims": 595000.0,
        "Salaries And Wages": 16201000.0,
        "Total Revenue": 84245000.0,
        "Operating Revenue": 84245000.0,
        "Occupancy And Equipment": 1219000.0,
        "Professional Expense And Contract Services Expense": 3062000.0,
        "Other Non Interest Expense": 3185000.0
    },
    "2022-12-31": {
        "Tax Effect Of Unusual Items": NaN,
        "Tax Rate For Calcs": NaN,
        "Total Unusual Items": 0.0,
        "Total Unusual Items Excluding Goodwill": 0.0,
        "Net Income From Continuing Operation Net Minority Interest": NaN,
        "Reconciled Depreciation": NaN,
        "Net Interest Income": NaN,
        "Interest Expense": NaN,
        "Interest Income": NaN,
        "Normalized Income": NaN,
        "Net Income From Continuing And Discontinued Operation": NaN,
        "Diluted Average Shares": NaN,
        "Basic Average Shares": NaN,
        "Diluted EPS": NaN,
        "Basic EPS": NaN,
        "Diluted NI Availto Com Stockholders": NaN,
        "Net Income Common Stockholders": NaN,
        "Net Income": NaN,
        "Net Income Including Noncontrolling Interests": NaN,
        "Net Income Continuous Operations": NaN,
        "Tax Provision": NaN,
        "Pretax Income": NaN,
        "Special Income Charges": 0.0,
        "Gain On Sale Of Business": 0.0,
        "Gain On Sale Of Security": NaN,
        "Selling General And Administration": NaN,
        "Selling And Marketing Expense": NaN,
        "General And Administrative Expense": NaN,
        "Insurance And Claims": NaN,
        "Salaries And Wages": NaN,
        "Total Revenue": NaN,
        "Operating Revenue": NaN,
        "Occupancy And Equipment": NaN,
        "Professional Expense And Contract Services Expense": NaN,
        "Other Non Interest Expense": NaN
    },
    "2022-09-30": {
        "Tax Effect Of Unusual Items": NaN,
        "Tax Rate For Calcs": NaN,
        "Total Unusual Items": 0.0,
        "Total Unusual Items Excluding Goodwill": 0.0,
        "Net Income From Continuing Operation Net Minority Interest": NaN,
        "Reconciled Depreciation": NaN,
        "Net Interest Income": NaN,
        "Interest Expense": NaN,
        "Interest Income": NaN,
        "Normalized Income": NaN,
        "Net Income From Continuing And Discontinued Operation": NaN,
        "Diluted Average Shares": NaN,
        "Basic Average Shares": NaN,
        "Diluted EPS": NaN,
        "Basic EPS": NaN,
        "Diluted NI Availto Com Stockholders": NaN,
        "Net Income Common Stockholders": NaN,
        "Net Income": NaN,
        "Net Income Including Noncontrolling Interests": NaN,
        "Net Income Continuous Operations": NaN,
        "Tax Provision": NaN,
        "Pretax Income": NaN,
        "Special Income Charges": 0.0,
        "Gain On Sale Of Business": 0.0,
        "Gain On Sale Of Security": NaN,
        "Selling General And Administration": NaN,
        "Selling And Marketing Expense": NaN,
        "General And Administrative Expense": NaN,
        "Insurance And Claims": NaN,
        "Salaries And Wages": NaN,
        "Total Revenue": NaN,
        "Operating Revenue": NaN
    },
    "2022-06-30": {
        "Tax Effect Of Unusual Items": 0.0,
        "Tax Rate For Calcs": 0.224095,
        "Total Unusual Items": 0.0,
        "Total Unusual Items Excluding Goodwill": 0.0,
        "Net Income From Continuing Operation Net Minority Interest": 10176000.0,
        "Reconciled Depreciation": 426000.0,
        "Net Interest Income": 39752000.0,
        "Interest Expense": 1933000.0,
        "Interest Income": 41685000.0,
        "Normalized Income": 10176000.0,
        "Net Income From Continuing And Discontinued Operation": 10176000.0,
        "Diluted Average Shares": 13442013.0,
        "Basic Average Shares": 12928061.0,
        "Diluted EPS": 0.76,
        "Basic EPS": 0.79,
        "Diluted NI Availto Com Stockholders": 10176000.0,
        "Net Income Common Stockholders": 10176000.0,
        "Net Income": 10176000.0,
        "Net Income Including Noncontrolling Interests": 10176000.0,
        "Net Income Continuous Operations": 10176000.0,
        "Tax Provision": 2939000.0,
        "Pretax Income": 13115000.0,
        "Special Income Charges": 0.0,
        "Gain On Sale Of Business": 0.0,
        "Gain On Sale Of Security": 0.0,
        "Selling General And Administration": 14652000.0,
        "Selling And Marketing Expense": 74000.0,
        "General And Administrative Expense": 14578000.0,
        "Other Gand A": 1108000.0,
        "Insurance And Claims": 855000.0,
        "Salaries And Wages": 12615000.0,
        "Total Revenue": 46675000.0,
        "Operating Revenue": 46675000.0
    },
    "2022-03-31": {
        "Diluted EPS": 0.46,
        "Total Revenue": 52,
        "Gross Profit": 51,
        "Operating Income": 8,
        "EBIT": NaN,
        "Net Income": 6
    },
    "2021-12-31": {
        "Diluted EPS": 0.57,
        "Total Revenue": 40,
        "Gross Profit": 39,
        "Operating Income": 9,
        "EBIT": NaN,
        "Net Income": 7
    },
    "2021-09-30": {
        "Diluted EPS": 0.54,
        "Total Revenue": 26,
        "Gross Profit": 25,
        "Operating Income": 9,
        "EBIT": NaN,
        "Net Income": 7
    },
    "2021-06-30": {
        "Diluted EPS": 0.56,
        "Total Revenue": 24,
        "Gross Profit": 23,
        "Operating Income": 9,
        "EBIT": NaN,
        "Net Income": 7
    },
    "2021-03-31": {
        "Diluted EPS": 0.49,
        "Total Revenue": 21,
        "Gross Profit": 20,
        "Operating Income": 8,
        "EBIT": NaN,
        "Net Income": 6
    },
    "2020-12-31": {
        "Diluted EPS": 0.38,
        "Total Revenue": 20,
        "Gross Profit": 19,
        "Operating Income": 6,
        "EBIT": NaN,
        "Net Income": 5
    },
    "2020-09-30": {
        "Diluted EPS": 0.34,
        "Total Revenue": 18,
        "Gross Profit": 17,
        "Operating Income": 5,
        "EBIT": NaN,
        "Net Income": 4
    },
    "2020-06-30": {
        "Diluted EPS": 0.3,
        "Total Revenue": 17,
        "Gross Profit": 16,
        "Operating Income": 5,
        "EBIT": NaN,
        "Net Income": 4
    },
    "2020-03-31": {
        "Diluted EPS": 0.22,
        "Total Revenue": 16,
        "Gross Profit": 14,
        "Operating Income": 3,
        "EBIT": NaN,
        "Net Income": 3
    },
    "2019-12-31": {
        "Diluted EPS": 0.29,
        "Total Revenue": 15,
        "Gross Profit": 13,
        "Operating Income": 5,
        "EBIT": NaN,
        "Net Income": 4
    },
    "2019-09-30": {
        "Diluted EPS": 0.29,
        "Total Revenue": 14,
        "Gross Profit": 13,
        "Operating Income": 4,
        "EBIT": NaN,
        "Net Income": 4
    },
    "2019-06-30": {
        "Diluted EPS": 0.27,
        "Total Revenue": 14,
        "Gross Profit": 12,
        "Operating Income": 4,
        "EBIT": NaN,
        "Net Income": 3
    },
    "2019-03-31": {
        "Diluted EPS": 0.23,
        "Total Revenue": 13,
        "Gross Profit": 12,
        "Operating Income": 4,
        "EBIT": NaN,
        "Net Income": 3
    },
    "2018-12-31": {
        "Diluted EPS": 0.25,
        "Total Revenue": 13,
        "Gross Profit": 11,
        "Operating Income": 4,
        "EBIT": NaN,
        "Net Income": 3
    },
    "2018-09-30": {
        "Diluted EPS": 0.22,
        "Total Revenue": 11,
        "Gross Profit": 10,
        "Operating Income": 3,
        "EBIT": NaN,
        "Net Income": 3
    },
    "2018-06-30": {
        "Diluted EPS": 0.24,
        "Total Revenue": 10,
        "Gross Profit": 10,
        "Operating Income": 3,
        "EBIT": NaN,
        "Net Income": 2
    },
    "2018-03-31": {
        "Diluted EPS": 0.2,
        "Total Revenue": 10,
        "Gross Profit": 9,
        "Operating Income": 2,
        "EBIT": NaN,
        "Net Income": 2
    },
    "2017-12-31": {
        "Diluted EPS": 0.04,
        "Total Revenue": 10,
        "Gross Profit": 9,
        "Operating Income": 1,
        "EBIT": NaN,
        "Net Income": 0
    },
    "2017-09-30": {
        "Diluted EPS": 0.21,
        "Total Revenue": 9,
        "Gross Profit": 9,
        "Operating Income": 3,
        "EBIT": NaN,
        "Net Income": 2
    },
    "2017-06-30": {
        "Diluted EPS": 0.2,
        "Total Revenue": 9,
        "Gross Profit": 8,
        "Operating Income": 3,
        "EBIT": NaN,
        "Net Income": 2
    },
    "2017-03-31": {
        "Diluted EPS": 0.14,
        "Total Revenue": 8,
        "Gross Profit": 8,
        "Operating Income": 2,
        "EBIT": NaN,
        "Net Income": 1
    },
    "2016-12-31": {
        "Diluted EPS": 0.0,
        "Total Revenue": NaN,
        "Gross Profit": NaN,
        "Operating Income": NaN,
        "EBIT": NaN,
        "Net Income": NaN
    },
    "2023-09-30": {
        "Tax Effect Of Unusual Items": 0.0,
        "Tax Rate For Calcs": 0.213,
        "Net Income From Continuing Operation Net Minority Interest": 10270000.0,
        "Reconciled Depreciation": 607000.0,
        "Net Interest Income": 62200000.0,
        "Interest Expense": 26102000.0,
        "Interest Income": 88302000.0,
        "Normalized Income": 10270000.0,
        "Net Income From Continuing And Discontinued Operation": 10270000.0,
        "Diluted Average Shares": 13675833.0,
        "Basic Average Shares": 13285974.0,
        "Diluted EPS": 0.75,
        "Basic EPS": 0.77,
        "Diluted NI Availto Com Stockholders": 10270000.0,
        "Net Income Common Stockholders": 10270000.0,
        "Net Income": 10270000.0,
        "Net Income Including Noncontrolling Interests": 10270000.0,
        "Net Income Continuous Operations": 10270000.0,
        "Tax Provision": 2784000.0,
        "Pretax Income": 13054000.0,
        "Gain On Sale Of Security": 5000.0,
        "Selling General And Administration": 20547000.0,
        "Selling And Marketing Expense": 1237000.0,
        "General And Administrative Expense": 19310000.0,
        "Insurance And Claims": 694000.0,
        "Salaries And Wages": 18616000.0,
        "Total Revenue": 70955000.0,
        "Operating Revenue": 70955000.0,
        "Occupancy And Equipment": 1224000.0,
        "Professional Expense And Contract Services Expense": 4447000.0,
        "Other Non Interest Expense": 4430000.0
    },
    "2023-12-31": {
        "Tax Effect Of Unusual Items": 0.0,
        "Tax Rate For Calcs": 0.240071,
        "Net Income From Continuing Operation Net Minority Interest": 9012000.0,
        "Reconciled Depreciation": 765000.0,
        "Net Interest Income": 59485000.0,
        "Interest Expense": 28586000.0,
        "Interest Income": 88071000.0,
        "Normalized Income": 9012000.0,
        "Net Income From Continuing And Discontinued Operation": 9012000.0,
        "Diluted Average Shares": 13676513.0,
        "Basic Average Shares": 13286828.0,
        "Diluted EPS": 0.66,
        "Basic EPS": 0.68,
        "Diluted NI Availto Com Stockholders": 9012000.0,
        "Net Income Common Stockholders": 9012000.0,
        "Net Income": 9012000.0,
        "Net Income Including Noncontrolling Interests": 9012000.0,
        "Net Income Continuous Operations": 9012000.0,
        "Tax Provision": 2847000.0,
        "Pretax Income": 11859000.0,
        "Gain On Sale Of Security": 80000.0,
        "Selling General And Administration": 18670000.0,
        "Selling And Marketing Expense": 1037000.0,
        "General And Administrative Expense": 17633000.0,
        "Insurance And Claims": 665000.0,
        "Salaries And Wages": 16968000.0,
        "Total Revenue": 99262000.0,
        "Operating Revenue": 99262000.0,
        "Occupancy And Equipment": 1340000.0,
        "Professional Expense And Contract Services Expense": 2649000.0,
        "Other Non Interest Expense": 3955000.0
    },
    "2024-03-31": {
        "Tax Effect Of Unusual Items": 0.0,
        "Tax Rate For Calcs": 0.219736,
        "Net Income From Continuing Operation Net Minority Interest": 6800000.0,
        "Reconciled Depreciation": 882000.0,
        "Net Interest Income": 62169000.0,
        "Interest Expense": 29536000.0,
        "Interest Income": 91705000.0,
        "Normalized Income": 6800000.0,
        "Net Income From Continuing And Discontinued Operation": 6800000.0,
        "Diluted Average Shares": 13676917.0,
        "Basic Average Shares": 13340997.0,
        "Diluted EPS": 0.5,
        "Basic EPS": 0.51,
        "Diluted NI Availto Com Stockholders": 6800000.0,
        "Net Income Common Stockholders": 6800000.0,
        "Net Income": 6800000.0,
        "Net Income Including Noncontrolling Interests": 6800000.0,
        "Net Income Continuous Operations": 6800000.0,
        "Tax Provision": 1915000.0,
        "Pretax Income": 8715000.0,
        "Gain On Sale Of Security": 15000.0,
        "Selling General And Administration": 19210000.0,
        "Selling And Marketing Expense": 143000.0,
        "General And Administrative Expense": 19067000.0,
        "Insurance And Claims": 683000.0,
        "Salaries And Wages": 18384000.0,
        "Total Revenue": 121352000.0,
        "Operating Revenue": 121352000.0,
        "Occupancy And Equipment": 1518000.0,
        "Professional Expense And Contract Services Expense": 3672000.0,
        "Other Non Interest Expense": 5079000.0
    },
    "2024-06-30": {
        "Tax Effect Of Unusual Items": 0.0,
        "Tax Rate For Calcs": 0.228014,
        "Net Income From Continuing Operation Net Minority Interest": 11596000.0,
        "Reconciled Depreciation": 1083000.0,
        "Net Interest Income": 65998000.0,
        "Interest Expense": 31250000.0,
        "Interest Income": 97248000.0,
        "Normalized Income": 11596000.0,
        "Net Income From Continuing And Discontinued Operation": 11596000.0,
        "Diluted Average Shares": 13736508.0,
        "Basic Average Shares": 13412667.0,
        "Diluted EPS": 0.84,
        "Basic EPS": 0.86,
        "Diluted NI Availto Com Stockholders": 11596000.0,
        "Net Income Common Stockholders": 11596000.0,
        "Net Income": 11596000.0,
        "Net Income Including Noncontrolling Interests": 11596000.0,
        "Net Income Continuous Operations": 11596000.0,
        "Tax Provision": 3425000.0,
        "Pretax Income": 15021000.0,
        "Gain On Sale Of Security": 9000.0,
        "Selling General And Administration": 18219000.0,
        "Selling And Marketing Expense": 86000.0,
        "General And Administrative Expense": 18133000.0,
        "Insurance And Claims": 690000.0,
        "Salaries And Wages": 17443000.0,
        "Total Revenue": 104515000.0,
        "Operating Revenue": 104515000.0,
        "Occupancy And Equipment": 985000.0,
        "Professional Expense And Contract Services Expense": 3311000.0,
        "Other Non Interest Expense": 4654000.0
    },
    "2024-09-30": {
        "Tax Effect Of Unusual Items": 0.0,
        "Tax Rate For Calcs": 0.179,
        "Net Income From Continuing Operation Net Minority Interest": 13456000.0,
        "Reconciled Depreciation": 1158000.0,
        "Net Interest Income": 72154000.0,
        "Interest Expense": 32892000.0,
        "Interest Income": 105046000.0,
        "Normalized Income": 13456000.0,
        "Net Income From Continuing And Discontinued Operation": 13456000.0,
        "Diluted Average Shares": 13822270.0,
        "Basic Average Shares": 13447066.0,
        "Diluted EPS": 0.97,
        "Basic EPS": 1.0,
        "Diluted NI Availto Com Stockholders": 13456000.0,
        "Net Income Common Stockholders": 13456000.0,
        "Net Income": 13456000.0,
        "Net Income Including Noncontrolling Interests": 13456000.0,
        "Net Income Continuous Operations": 13456000.0,
        "Tax Provision": 2926000.0,
        "Pretax Income": 16382000.0,
        "Gain On Sale Of Security": 2000.0,
        "Selling General And Administration": 19818000.0,
        "Selling And Marketing Expense": 1418000.0,
        "General And Administrative Expense": 18400000.0,
        "Insurance And Claims": 740000.0,
        "Salaries And Wages": 17660000.0,
        "Total Revenue": 117559000.0,
        "Operating Revenue": 117559000.0,
        "Occupancy And Equipment": 1750000.0,
        "Professional Expense And Contract Services Expense": 3597000.0,
        "Other Non Interest Expense": 5755000.0
    },
    "2024-12-31": {
        "Tax Effect Of Unusual Items": 0.0,
        "Tax Rate For Calcs": 0.222804,
        "Net Income From Continuing Operation Net Minority Interest": 13367000.0,
        "Reconciled Depreciation": 1429000.0,
        "Net Interest Income": 73477000.0,
        "Interest Expense": 30071000.0,
        "Interest Income": 103548000.0,
        "Normalized Income": 13367000.0,
        "Net Income From Continuing And Discontinued Operation": 13367000.0,
        "Diluted Average Shares": 14268229.0,
        "Basic Average Shares": 13828605.0,
        "Diluted EPS": 0.94,
        "Basic EPS": 0.97,
        "Diluted NI Availto Com Stockholders": 13367000.0,
        "Net Income Common Stockholders": 13367000.0,
        "Net Income": 13367000.0,
        "Net Income Including Noncontrolling Interests": 13367000.0,
        "Net Income Continuous Operations": 13367000.0,
        "Tax Provision": 3832000.0,
        "Pretax Income": 17199000.0,
        "Gain On Sale Of Security": 1000.0,
        "Selling General And Administration": 16708000.0,
        "Selling And Marketing Expense": -2719000.0,
        "General And Administrative Expense": 19427000.0,
        "Insurance And Claims": 750000.0,
        "Salaries And Wages": 18677000.0,
        "Total Revenue": 107878000.0,
        "Operating Revenue": 107878000.0,
        "Occupancy And Equipment": -1018000.0,
        "Professional Expense And Contract Services Expense": 4606000.0,
        "Other Non Interest Expense": 8516000.0
    },
    "2025-03-31": {
        "Tax Effect Of Unusual Items": 0.0,
        "Tax Rate For Calcs": 0.173,
        "Net Income From Continuing Operation Net Minority Interest": 9730000.0,
        "Reconciled Depreciation": 1554000.0,
        "Net Interest Income": 76022000.0,
        "Interest Expense": 28845000.0,
        "Interest Income": 104867000.0,
        "Normalized Income": 9730000.0,
        "Net Income From Continuing And Discontinued Operation": 9730000.0,
        "Diluted Average Shares": 15462041.0,
        "Basic Average Shares": 14962507.0,
        "Diluted EPS": 0.63,
        "Basic EPS": 0.65,
        "Diluted NI Availto Com Stockholders": 9730000.0,
        "Net Income Common Stockholders": 9730000.0,
        "Net Income": 9730000.0,
        "Net Income Including Noncontrolling Interests": 9730000.0,
        "Net Income Continuous Operations": 9730000.0,
        "Tax Provision": 2039000.0,
        "Pretax Income": 11769000.0,
        "Gain On Sale Of Security": 16000.0,
        "Selling General And Administration": 23075000.0,
        "Selling And Marketing Expense": 157000.0,
        "General And Administrative Expense": 22918000.0,
        "Insurance And Claims": 755000.0,
        "Salaries And Wages": 22163000.0,
        "Total Revenue": 105039000.0,
        "Operating Revenue": 105039000.0,
        "Occupancy And Equipment": 1034000.0,
        "Professional Expense And Contract Services Expense": 6488000.0,
        "Other Non Interest Expense": 6892000.0
    },
    "2025-06-30": {
        "Tax Effect Of Unusual Items": 0.0,
        "Tax Rate For Calcs": 0.233475,
        "Net Income From Continuing Operation Net Minority Interest": 11028000.0,
        "Reconciled Depreciation": 1667000.0,
        "Net Interest Income": 76518000.0,
        "Interest Expense": 31060000.0,
        "Interest Income": 107578000.0,
        "Normalized Income": 11028000.0,
        "Net Income From Continuing And Discontinued Operation": 11028000.0,
        "Diluted Average Shares": 15447923.0,
        "Basic Average Shares": 15033296.0,
        "Diluted EPS": 0.71,
        "Basic EPS": 0.73,
        "Diluted NI Availto Com Stockholders": 11028000.0,
        "Net Income Common Stockholders": 11028000.0,
        "Net Income": 11028000.0,
        "Net Income Including Noncontrolling Interests": 11028000.0,
        "Net Income Continuous Operations": 11028000.0,
        "Tax Provision": 3359000.0,
        "Pretax Income": 14387000.0,
        "Gain On Sale Of Security": -439000.0,
        "Selling General And Administration": 22922000.0,
        "Selling And Marketing Expense": 119000.0,
        "General And Administrative Expense": 22803000.0,
        "Insurance And Claims": 790000.0,
        "Salaries And Wages": 22013000.0,
        "Total Revenue": 84143000.0,
        "Operating Revenue": 84143000.0,
        "Occupancy And Equipment": 915000.0,
        "Professional Expense And Contract Services Expense": 5962000.0,
        "Other Non Interest Expense": 7746000.0
    }
}