{
    "2023-06-30": {
        "Tax Effect Of Unusual Items": NaN,
        "Tax Rate For Calcs": NaN,
        "Net Income From Continuing Operation Net Minority Interest": NaN,
        "Reconciled Depreciation": NaN,
        "Net Interest Income": NaN,
        "Interest Expense": NaN,
        "Interest Income": NaN,
        "Normalized Income": NaN,
        "Net Income From Continuing And Discontinued Operation": NaN,
        "Diluted Average Shares": 17035000.0,
        "Basic Average Shares": 17002000.0,
        "Diluted EPS": 0.83,
        "Basic EPS": 0.83,
        "Diluted NI Availto Com Stockholders": NaN,
        "Net Income Common Stockholders": NaN,
        "Net Income": NaN,
        "Minority Interests": NaN,
        "Net Income Including Noncontrolling Interests": NaN,
        "Net Income Continuous Operations": NaN,
        "Tax Provision": NaN,
        "Pretax Income": NaN,
        "Selling General And Administration": NaN,
        "Selling And Marketing Expense": NaN,
        "General And Administrative Expense": NaN,
        "Insurance And Claims": NaN,
        "Salaries And Wages": NaN,
        "Total Revenue": NaN,
        "Operating Revenue": NaN,
        "Occupancy And Equipment": NaN,
        "Professional Expense And Contract Services Expense": NaN,
        "Other Non Interest Expense": NaN
    },
    "2023-03-31": {
        "Tax Effect Of Unusual Items": 0.0,
        "Tax Rate For Calcs": 0.213,
        "Net Income From Continuing Operation Net Minority Interest": 13709000.0,
        "Reconciled Depreciation": 2009000.0,
        "Net Interest Income": 40400000.0,
        "Interest Expense": 3526000.0,
        "Interest Income": 43926000.0,
        "Normalized Income": 13709000.0,
        "Net Income From Continuing And Discontinued Operation": 13709000.0,
        "Diluted Average Shares": 17045000.0,
        "Basic Average Shares": 17016000.0,
        "Diluted EPS": 0.8,
        "Basic EPS": 0.81,
        "Diluted NI Availto Com Stockholders": 13709000.0,
        "Net Income Common Stockholders": 13709000.0,
        "Net Income": 13709000.0,
        "Minority Interests": 35000.0,
        "Net Income Including Noncontrolling Interests": 13674000.0,
        "Net Income Continuous Operations": 13674000.0,
        "Tax Provision": 3710000.0,
        "Pretax Income": 17384000.0,
        "Selling General And Administration": 25236000.0,
        "Selling And Marketing Expense": 874000.0,
        "General And Administrative Expense": 24362000.0,
        "Insurance And Claims": 831000.0,
        "Salaries And Wages": 23531000.0,
        "Total Revenue": 56416000.0,
        "Operating Revenue": 56416000.0,
        "Occupancy And Equipment": 6762000.0,
        "Professional Expense And Contract Services Expense": 1686000.0,
        "Other Non Interest Expense": 2249000.0
    },
    "2022-12-31": {
        "Tax Effect Of Unusual Items": 0.0,
        "Tax Rate For Calcs": 0.195885,
        "Net Income From Continuing Operation Net Minority Interest": 11664000.0,
        "Reconciled Depreciation": 1947000.0,
        "Net Interest Income": 38104000.0,
        "Interest Expense": 3122000.0,
        "Interest Income": 41226000.0,
        "Normalized Income": 11664000.0,
        "Net Income From Continuing And Discontinued Operation": 11664000.0,
        "Diluted Average Shares": NaN,
        "Basic Average Shares": NaN,
        "Diluted EPS": NaN,
        "Basic EPS": NaN,
        "Diluted NI Availto Com Stockholders": 11664000.0,
        "Net Income Common Stockholders": 11664000.0,
        "Net Income": 11664000.0,
        "Minority Interests": 995000.0,
        "Net Income Including Noncontrolling Interests": 10669000.0,
        "Net Income Continuous Operations": 10669000.0,
        "Tax Provision": 2599000.0,
        "Pretax Income": 13268000.0,
        "Selling General And Administration": 23900000.0,
        "Selling And Marketing Expense": 729000.0,
        "General And Administrative Expense": 23171000.0,
        "Insurance And Claims": 649000.0,
        "Salaries And Wages": 22522000.0,
        "Total Revenue": 57708000.0,
        "Operating Revenue": 57708000.0,
        "Occupancy And Equipment": 6253000.0,
        "Professional Expense And Contract Services Expense": 1832000.0,
        "Other Non Interest Expense": 8934000.0
    },
    "2022-09-30": {
        "Tax Effect Of Unusual Items": NaN,
        "Tax Rate For Calcs": NaN,
        "Net Income From Continuing Operation Net Minority Interest": NaN,
        "Reconciled Depreciation": NaN,
        "Net Interest Income": NaN,
        "Interest Expense": NaN,
        "Interest Income": NaN,
        "Normalized Income": NaN,
        "Net Income From Continuing And Discontinued Operation": NaN,
        "Diluted Average Shares": 16996000.0,
        "Basic Average Shares": 16960000.0,
        "Diluted EPS": 0.57,
        "Basic EPS": 0.57,
        "Diluted NI Availto Com Stockholders": NaN,
        "Net Income Common Stockholders": NaN,
        "Net Income": NaN,
        "Minority Interests": NaN,
        "Net Income Including Noncontrolling Interests": NaN,
        "Net Income Continuous Operations": NaN,
        "Tax Provision": NaN,
        "Pretax Income": NaN,
        "Selling General And Administration": NaN,
        "Selling And Marketing Expense": NaN,
        "General And Administrative Expense": NaN,
        "Other Gand A": 730000.0,
        "Insurance And Claims": NaN,
        "Salaries And Wages": NaN,
        "Total Revenue": NaN,
        "Operating Revenue": NaN
    },
    "2022-06-30": {
        "Tax Effect Of Unusual Items": -32786.0,
        "Tax Rate For Calcs": 0.194,
        "Total Unusual Items": -169000.0,
        "Total Unusual Items Excluding Goodwill": -169000.0,
        "Net Income From Continuing Operation Net Minority Interest": 8713000.0,
        "Reconciled Depreciation": 1935000.0,
        "Net Interest Income": 28333000.0,
        "Interest Expense": 987000.0,
        "Interest Income": 29320000.0,
        "Normalized Income": 8849214.0,
        "Net Income From Continuing And Discontinued Operation": 8713000.0,
        "Diluted Average Shares": 16971000.0,
        "Basic Average Shares": 16949000.0,
        "Diluted EPS": 0.51,
        "Basic EPS": 0.51,
        "Diluted NI Availto Com Stockholders": 8713000.0,
        "Net Income Common Stockholders": 8713000.0,
        "Net Income": 8713000.0,
        "Minority Interests": -306000.0,
        "Net Income Including Noncontrolling Interests": 9019000.0,
        "Net Income Continuous Operations": 9019000.0,
        "Tax Provision": 2177000.0,
        "Pretax Income": 11196000.0,
        "Special Income Charges": -169000.0,
        "Other Special Charges": 169000.0,
        "Selling General And Administration": 25383000.0,
        "Selling And Marketing Expense": NaN,
        "General And Administrative Expense": 25383000.0,
        "Other Gand A": NaN,
        "Insurance And Claims": NaN,
        "Salaries And Wages": 25383000.0,
        "Total Revenue": 53236000.0,
        "Operating Revenue": 53236000.0
    },
    "2022-03-31": {
        "Diluted EPS": 0.5,
        "Total Revenue": 51,
        "Gross Profit": 51,
        "Operating Income": 11,
        "EBIT": NaN,
        "Net Income": 8
    },
    "2021-12-31": {
        "Diluted EPS": 0.38,
        "Total Revenue": 50,
        "Gross Profit": 49,
        "Operating Income": 9,
        "EBIT": NaN,
        "Net Income": 6
    },
    "2021-09-30": {
        "Diluted EPS": 0.6,
        "Total Revenue": 55,
        "Gross Profit": 54,
        "Operating Income": 15,
        "EBIT": NaN,
        "Net Income": 10
    },
    "2021-06-30": {
        "Diluted EPS": 0.44,
        "Total Revenue": 53,
        "Gross Profit": 52,
        "Operating Income": 11,
        "EBIT": NaN,
        "Net Income": 7
    },
    "2021-03-31": {
        "Diluted EPS": 0.56,
        "Total Revenue": 55,
        "Gross Profit": 54,
        "Operating Income": 15,
        "EBIT": NaN,
        "Net Income": 10
    },
    "2020-12-31": {
        "Diluted EPS": 0.46,
        "Total Revenue": 57,
        "Gross Profit": 55,
        "Operating Income": 13,
        "EBIT": NaN,
        "Net Income": 8
    },
    "2020-09-30": {
        "Diluted EPS": 0.62,
        "Total Revenue": 61,
        "Gross Profit": 60,
        "Operating Income": 18,
        "EBIT": NaN,
        "Net Income": 10
    },
    "2020-06-30": {
        "Diluted EPS": 0.55,
        "Total Revenue": 57,
        "Gross Profit": 56,
        "Operating Income": 16,
        "EBIT": NaN,
        "Net Income": 9
    },
    "2020-03-31": {
        "Diluted EPS": 0.25,
        "Total Revenue": 43,
        "Gross Profit": 41,
        "Operating Income": 5,
        "EBIT": NaN,
        "Net Income": 4
    },
    "2019-12-31": {
        "Diluted EPS": 0.51,
        "Total Revenue": 42,
        "Gross Profit": 40,
        "Operating Income": 11,
        "EBIT": NaN,
        "Net Income": 9
    },
    "2019-09-30": {
        "Diluted EPS": 0.5,
        "Total Revenue": 42,
        "Gross Profit": 40,
        "Operating Income": 11,
        "EBIT": NaN,
        "Net Income": 8
    },
    "2019-06-30": {
        "Diluted EPS": 0.44,
        "Total Revenue": 41,
        "Gross Profit": 39,
        "Operating Income": 10,
        "EBIT": NaN,
        "Net Income": 7
    },
    "2019-03-31": {
        "Diluted EPS": 0.38,
        "Total Revenue": 40,
        "Gross Profit": 37,
        "Operating Income": 8,
        "EBIT": NaN,
        "Net Income": 6
    },
    "2018-12-31": {
        "Diluted EPS": 0.5,
        "Total Revenue": 40,
        "Gross Profit": 38,
        "Operating Income": 11,
        "EBIT": NaN,
        "Net Income": 8
    },
    "2018-09-30": {
        "Diluted EPS": 0.35,
        "Total Revenue": 39,
        "Gross Profit": 37,
        "Operating Income": 7,
        "EBIT": NaN,
        "Net Income": 6
    },
    "2018-06-30": {
        "Diluted EPS": 0.35,
        "Total Revenue": 37,
        "Gross Profit": 35,
        "Operating Income": 6,
        "EBIT": NaN,
        "Net Income": 6
    },
    "2018-03-31": {
        "Diluted EPS": 0.34,
        "Total Revenue": 36,
        "Gross Profit": 34,
        "Operating Income": 6,
        "EBIT": NaN,
        "Net Income": 6
    },
    "2017-12-31": {
        "Diluted EPS": 0.0,
        "Total Revenue": 36,
        "Gross Profit": 34,
        "Operating Income": 7,
        "EBIT": NaN,
        "Net Income": 0
    },
    "2017-09-30": {
        "Diluted EPS": 0.27,
        "Total Revenue": 35,
        "Gross Profit": 34,
        "Operating Income": 7,
        "EBIT": NaN,
        "Net Income": 5
    },
    "2017-06-30": {
        "Diluted EPS": 0.21,
        "Total Revenue": 35,
        "Gross Profit": 34,
        "Operating Income": 5,
        "EBIT": NaN,
        "Net Income": 4
    },
    "2017-03-31": {
        "Diluted EPS": 0.16,
        "Total Revenue": 33,
        "Gross Profit": 32,
        "Operating Income": 4,
        "EBIT": NaN,
        "Net Income": 3
    },
    "2016-12-31": {
        "Diluted EPS": 0.2,
        "Total Revenue": 34,
        "Gross Profit": 33,
        "Operating Income": 5,
        "EBIT": NaN,
        "Net Income": 3
    },
    "2016-09-30": {
        "Diluted EPS": 0.17,
        "Total Revenue": 33,
        "Gross Profit": 32,
        "Operating Income": 4,
        "EBIT": NaN,
        "Net Income": 3
    },
    "2016-06-30": {
        "Diluted EPS": 0.22,
        "Total Revenue": 35,
        "Gross Profit": 35,
        "Operating Income": 6,
        "EBIT": NaN,
        "Net Income": 4
    },
    "2016-03-31": {
        "Diluted EPS": 0.1,
        "Total Revenue": 33,
        "Gross Profit": 32,
        "Operating Income": 3,
        "EBIT": NaN,
        "Net Income": 2
    },
    "2015-12-31": {
        "Diluted EPS": 0.16,
        "Total Revenue": 34,
        "Gross Profit": 33,
        "Operating Income": 4,
        "EBIT": NaN,
        "Net Income": 3
    },
    "2015-09-30": {
        "Diluted EPS": 0.09,
        "Total Revenue": 33,
        "Gross Profit": 32,
        "Operating Income": 3,
        "EBIT": NaN,
        "Net Income": 2
    },
    "2015-06-30": {
        "Diluted EPS": 0.22,
        "Total Revenue": 35,
        "Gross Profit": 34,
        "Operating Income": 5,
        "EBIT": NaN,
        "Net Income": 4
    },
    "2015-03-31": {
        "Diluted EPS": 0.06,
        "Total Revenue": 32,
        "Gross Profit": 31,
        "Operating Income": 2,
        "EBIT": NaN,
        "Net Income": 1
    },
    "2014-12-31": {
        "Diluted EPS": 0.11,
        "Total Revenue": 33,
        "Gross Profit": 32,
        "Operating Income": 3,
        "EBIT": NaN,
        "Net Income": 2
    },
    "2014-09-30": {
        "Diluted EPS": 0.12,
        "Total Revenue": 33,
        "Gross Profit": 32,
        "Operating Income": 3,
        "EBIT": NaN,
        "Net Income": 2
    },
    "2014-06-30": {
        "Diluted EPS": 0.08,
        "Total Revenue": 33,
        "Gross Profit": 32,
        "Operating Income": 2,
        "EBIT": NaN,
        "Net Income": 1
    },
    "2014-03-31": {
        "Diluted EPS": 0.22,
        "Total Revenue": 32,
        "Gross Profit": 31,
        "Operating Income": 2,
        "EBIT": NaN,
        "Net Income": 4
    },
    "2013-12-31": {
        "Diluted EPS": 0.16,
        "Total Revenue": 34,
        "Gross Profit": 33,
        "Operating Income": 3,
        "EBIT": NaN,
        "Net Income": 3
    },
    "2013-09-30": {
        "Diluted EPS": 0.09,
        "Total Revenue": 34,
        "Gross Profit": 33,
        "Operating Income": 3,
        "EBIT": NaN,
        "Net Income": 2
    },
    "2013-06-30": {
        "Diluted EPS": 0.05,
        "Total Revenue": 34,
        "Gross Profit": 33,
        "Operating Income": 1,
        "EBIT": NaN,
        "Net Income": 1
    },
    "2013-03-31": {
        "Diluted EPS": 0.05,
        "Total Revenue": 35,
        "Gross Profit": 33,
        "Operating Income": 1,
        "EBIT": NaN,
        "Net Income": 1
    },
    "2012-12-31": {
        "Diluted EPS": 0.11,
        "Total Revenue": 35,
        "Gross Profit": 34,
        "Operating Income": 2,
        "EBIT": NaN,
        "Net Income": 2
    },
    "2012-09-30": {
        "Diluted EPS": 0.07,
        "Total Revenue": 36,
        "Gross Profit": 35,
        "Operating Income": 2,
        "EBIT": NaN,
        "Net Income": 1
    },
    "2012-06-30": {
        "Diluted EPS": -0.1,
        "Total Revenue": 36,
        "Gross Profit": 35,
        "Operating Income": -3,
        "EBIT": NaN,
        "Net Income": -2
    },
    "2012-03-31": {
        "Diluted EPS": -0.07,
        "Total Revenue": 37,
        "Gross Profit": 35,
        "Operating Income": -2,
        "EBIT": NaN,
        "Net Income": -1
    },
    "2011-12-31": {
        "Diluted EPS": -0.03,
        "Total Revenue": 38,
        "Gross Profit": 36,
        "Operating Income": -2,
        "EBIT": NaN,
        "Net Income": -1
    },
    "2011-09-30": {
        "Diluted EPS": 0.12,
        "Total Revenue": 39,
        "Gross Profit": 37,
        "Operating Income": 3,
        "EBIT": NaN,
        "Net Income": 2
    },
    "2011-06-30": {
        "Diluted EPS": 0.12,
        "Total Revenue": 40,
        "Gross Profit": 38,
        "Operating Income": 3,
        "EBIT": NaN,
        "Net Income": 2
    },
    "2011-03-31": {
        "Diluted EPS": 0.08,
        "Total Revenue": 42,
        "Gross Profit": 39,
        "Operating Income": 2,
        "EBIT": NaN,
        "Net Income": 1
    },
    "2010-12-31": {
        "Diluted EPS": 0.12,
        "Total Revenue": 42,
        "Gross Profit": 39,
        "Operating Income": 2,
        "EBIT": NaN,
        "Net Income": 2
    },
    "2010-09-30": {
        "Diluted EPS": 0.02,
        "Total Revenue": 41,
        "Gross Profit": 38,
        "Operating Income": 0,
        "EBIT": NaN,
        "Net Income": 0
    },
    "2010-06-30": {
        "Diluted EPS": 0.04,
        "Total Revenue": 43,
        "Gross Profit": 39,
        "Operating Income": 1,
        "EBIT": NaN,
        "Net Income": 1
    },
    "2010-03-31": {
        "Diluted EPS": -0.2,
        "Total Revenue": 42,
        "Gross Profit": 38,
        "Operating Income": -6,
        "EBIT": NaN,
        "Net Income": -3
    },
    "2009-12-31": {
        "Diluted EPS": -0.2,
        "Total Revenue": 44,
        "Gross Profit": 40,
        "Operating Income": -6,
        "EBIT": NaN,
        "Net Income": -3
    },
    "2009-09-30": {
        "Diluted EPS": -0.08,
        "Total Revenue": 45,
        "Gross Profit": 41,
        "Operating Income": -3,
        "EBIT": NaN,
        "Net Income": -1
    },
    "2009-06-30": {
        "Diluted EPS": 0.04,
        "Total Revenue": 46,
        "Gross Profit": 42,
        "Operating Income": 0,
        "EBIT": NaN,
        "Net Income": 1
    },
    "2009-03-31": {
        "Diluted EPS": 0.04,
        "Total Revenue": 45,
        "Gross Profit": 41,
        "Operating Income": 0,
        "EBIT": NaN,
        "Net Income": 1
    },
    "2023-09-30": {
        "Tax Effect Of Unusual Items": NaN,
        "Tax Rate For Calcs": NaN,
        "Net Income From Continuing Operation Net Minority Interest": NaN,
        "Reconciled Depreciation": NaN,
        "Net Interest Income": NaN,
        "Interest Expense": NaN,
        "Interest Income": NaN,
        "Normalized Income": NaN,
        "Net Income From Continuing And Discontinued Operation": NaN,
        "Diluted Average Shares": 17025000.0,
        "Basic Average Shares": 16985000.0,
        "Diluted EPS": 0.74,
        "Basic EPS": 0.75,
        "Diluted NI Availto Com Stockholders": NaN,
        "Net Income Common Stockholders": NaN,
        "Net Income": NaN,
        "Minority Interests": NaN,
        "Net Income Including Noncontrolling Interests": NaN,
        "Net Income Continuous Operations": NaN,
        "Tax Provision": NaN,
        "Pretax Income": NaN,
        "Selling General And Administration": NaN,
        "Selling And Marketing Expense": NaN,
        "General And Administrative Expense": NaN,
        "Insurance And Claims": NaN,
        "Salaries And Wages": NaN,
        "Total Revenue": NaN,
        "Operating Revenue": NaN,
        "Occupancy And Equipment": NaN,
        "Professional Expense And Contract Services Expense": NaN,
        "Other Non Interest Expense": NaN
    },
    "2023-12-31": {
        "Tax Effect Of Unusual Items": 0.0,
        "Tax Rate For Calcs": 0.202858,
        "Net Income From Continuing Operation Net Minority Interest": 11719000.0,
        "Reconciled Depreciation": 2038000.0,
        "Net Interest Income": 39169000.0,
        "Interest Expense": 7013000.0,
        "Interest Income": 46182000.0,
        "Normalized Income": 11719000.0,
        "Net Income From Continuing And Discontinued Operation": 11719000.0,
        "Diluted Average Shares": NaN,
        "Basic Average Shares": NaN,
        "Diluted EPS": NaN,
        "Basic EPS": NaN,
        "Diluted NI Availto Com Stockholders": 11719000.0,
        "Net Income Common Stockholders": 11719000.0,
        "Net Income": 11719000.0,
        "Minority Interests": 284000.0,
        "Net Income Including Noncontrolling Interests": 11435000.0,
        "Net Income Continuous Operations": 11435000.0,
        "Tax Provision": 2910000.0,
        "Pretax Income": 14345000.0,
        "Selling General And Administration": 25326000.0,
        "Selling And Marketing Expense": 759000.0,
        "General And Administrative Expense": 24567000.0,
        "Insurance And Claims": 714000.0,
        "Salaries And Wages": 23853000.0,
        "Total Revenue": 54831000.0,
        "Operating Revenue": 54831000.0,
        "Occupancy And Equipment": 7098000.0,
        "Professional Expense And Contract Services Expense": 2202000.0,
        "Other Non Interest Expense": 3835000.0
    },
    "2024-03-31": {
        "Tax Effect Of Unusual Items": NaN,
        "Tax Rate For Calcs": NaN,
        "Net Income From Continuing Operation Net Minority Interest": NaN,
        "Reconciled Depreciation": NaN,
        "Net Interest Income": NaN,
        "Interest Expense": NaN,
        "Interest Income": NaN,
        "Normalized Income": NaN,
        "Net Income From Continuing And Discontinued Operation": NaN,
        "Diluted Average Shares": 16969000.0,
        "Basic Average Shares": 16951000.0,
        "Diluted EPS": 0.74,
        "Basic EPS": 0.74,
        "Diluted NI Availto Com Stockholders": NaN,
        "Net Income Common Stockholders": NaN,
        "Net Income": NaN,
        "Minority Interests": NaN,
        "Net Income Including Noncontrolling Interests": NaN,
        "Net Income Continuous Operations": NaN,
        "Tax Provision": NaN,
        "Pretax Income": NaN,
        "Selling General And Administration": NaN,
        "Selling And Marketing Expense": NaN,
        "General And Administrative Expense": NaN,
        "Insurance And Claims": NaN,
        "Salaries And Wages": NaN,
        "Total Revenue": NaN,
        "Operating Revenue": NaN,
        "Occupancy And Equipment": NaN,
        "Professional Expense And Contract Services Expense": NaN,
        "Other Non Interest Expense": NaN
    },
    "2024-06-30": {
        "Tax Effect Of Unusual Items": 0.0,
        "Tax Rate For Calcs": 0.185,
        "Net Income From Continuing Operation Net Minority Interest": 14150000.0,
        "Reconciled Depreciation": 2026000.0,
        "Net Interest Income": 39269000.0,
        "Interest Expense": 9497000.0,
        "Interest Income": 48766000.0,
        "Normalized Income": 14150000.0,
        "Net Income From Continuing And Discontinued Operation": 14150000.0,
        "Diluted Average Shares": 16960000.0,
        "Basic Average Shares": 16931000.0,
        "Diluted EPS": 0.83,
        "Basic EPS": 0.84,
        "Diluted NI Availto Com Stockholders": 14150000.0,
        "Net Income Common Stockholders": 14150000.0,
        "Net Income": 14150000.0,
        "Minority Interests": 109000.0,
        "Net Income Including Noncontrolling Interests": 14041000.0,
        "Net Income Continuous Operations": 14041000.0,
        "Tax Provision": 3189000.0,
        "Pretax Income": 17230000.0,
        "Selling General And Administration": 25587000.0,
        "Selling And Marketing Expense": 851000.0,
        "General And Administrative Expense": 24736000.0,
        "Insurance And Claims": 749000.0,
        "Salaries And Wages": 23987000.0,
        "Total Revenue": 56937000.0,
        "Operating Revenue": 56937000.0,
        "Occupancy And Equipment": 6997000.0,
        "Professional Expense And Contract Services Expense": 1770000.0,
        "Other Non Interest Expense": 4149000.0
    },
    "2024-09-30": {
        "Tax Effect Of Unusual Items": 0.0,
        "Tax Rate For Calcs": 0.191,
        "Net Income From Continuing Operation Net Minority Interest": 13118000.0,
        "Reconciled Depreciation": 1788000.0,
        "Net Interest Income": 40211000.0,
        "Interest Expense": 9117000.0,
        "Interest Income": 49328000.0,
        "Normalized Income": 13118000.0,
        "Net Income From Continuing And Discontinued Operation": 13118000.0,
        "Diluted Average Shares": 16979000.0,
        "Basic Average Shares": 16943000.0,
        "Diluted EPS": 0.77,
        "Basic EPS": 0.77,
        "Diluted NI Availto Com Stockholders": 13118000.0,
        "Net Income Common Stockholders": 13118000.0,
        "Net Income": 13118000.0,
        "Minority Interests": 501000.0,
        "Net Income Including Noncontrolling Interests": 12617000.0,
        "Net Income Continuous Operations": 12617000.0,
        "Tax Provision": 2980000.0,
        "Pretax Income": 15597000.0,
        "Selling General And Administration": 26772000.0,
        "Selling And Marketing Expense": 654000.0,
        "General And Administrative Expense": 26118000.0,
        "Insurance And Claims": 737000.0,
        "Salaries And Wages": 25381000.0,
        "Total Revenue": 57464000.0,
        "Operating Revenue": 57464000.0,
        "Occupancy And Equipment": 7098000.0,
        "Professional Expense And Contract Services Expense": 2276000.0,
        "Other Non Interest Expense": 4515000.0
    },
    "2024-12-31": {
        "Tax Effect Of Unusual Items": 0.0,
        "Tax Rate For Calcs": 0.24275,
        "Net Income From Continuing Operation Net Minority Interest": 13090000.0,
        "Reconciled Depreciation": 1913000.0,
        "Net Interest Income": 41103000.0,
        "Interest Expense": 8640000.0,
        "Interest Income": 49743000.0,
        "Normalized Income": 13090000.0,
        "Net Income From Continuing And Discontinued Operation": 13090000.0,
        "Diluted Average Shares": NaN,
        "Basic Average Shares": NaN,
        "Diluted EPS": NaN,
        "Basic EPS": NaN,
        "Diluted NI Availto Com Stockholders": 13090000.0,
        "Net Income Common Stockholders": 13090000.0,
        "Net Income": 13090000.0,
        "Minority Interests": -71000.0,
        "Net Income Including Noncontrolling Interests": 13161000.0,
        "Net Income Continuous Operations": 13161000.0,
        "Tax Provision": 4219000.0,
        "Pretax Income": 17380000.0,
        "Selling General And Administration": 27216000.0,
        "Selling And Marketing Expense": 791000.0,
        "General And Administrative Expense": 26425000.0,
        "Insurance And Claims": 736000.0,
        "Salaries And Wages": 25689000.0,
        "Total Revenue": 57482000.0,
        "Operating Revenue": 57482000.0,
        "Occupancy And Equipment": 6893000.0,
        "Professional Expense And Contract Services Expense": 2296000.0,
        "Other Non Interest Expense": 2996000.0
    },
    "2025-03-31": {
        "Tax Effect Of Unusual Items": 0.0,
        "Tax Rate For Calcs": 0.233204,
        "Net Income From Continuing Operation Net Minority Interest": 16858000.0,
        "Reconciled Depreciation": 1850000.0,
        "Net Interest Income": 41547000.0,
        "Interest Expense": 8235000.0,
        "Interest Income": 49782000.0,
        "Normalized Income": 16858000.0,
        "Net Income From Continuing And Discontinued Operation": 16858000.0,
        "Diluted Average Shares": NaN,
        "Basic Average Shares": NaN,
        "Diluted EPS": NaN,
        "Basic EPS": NaN,
        "Diluted NI Availto Com Stockholders": 16858000.0,
        "Net Income Common Stockholders": 16858000.0,
        "Net Income": 16858000.0,
        "Minority Interests": 0.0,
        "Net Income Including Noncontrolling Interests": 16858000.0,
        "Net Income Continuous Operations": 16858000.0,
        "Tax Provision": 5127000.0,
        "Pretax Income": 21985000.0,
        "Selling General And Administration": 26945000.0,
        "Selling And Marketing Expense": 838000.0,
        "General And Administrative Expense": 26107000.0,
        "Insurance And Claims": 732000.0,
        "Salaries And Wages": 25375000.0,
        "Total Revenue": 58985000.0,
        "Operating Revenue": 58985000.0,
        "Occupancy And Equipment": 6793000.0,
        "Professional Expense And Contract Services Expense": 2126000.0,
        "Other Non Interest Expense": 368000.0
    }
}