{
    "2023-03-31": {
        "Tax Effect Of Unusual Items": NaN,
        "Tax Rate For Calcs": NaN,
        "Normalized EBITDA": NaN,
        "Total Unusual Items": NaN,
        "Total Unusual Items Excluding Goodwill": NaN,
        "Net Income From Continuing Operation Net Minority Interest": NaN,
        "Reconciled Depreciation": NaN,
        "Reconciled Cost Of Revenue": NaN,
        "EBITDA": NaN,
        "EBIT": NaN,
        "Net Interest Income": NaN,
        "Interest Expense": NaN,
        "Interest Income": NaN,
        "Normalized Income": NaN,
        "Net Income From Continuing And Discontinued Operation": NaN,
        "Total Expenses": NaN,
        "Total Operating Income As Reported": NaN,
        "Diluted Average Shares": 646380961.0,
        "Basic Average Shares": 616217176.0,
        "Diluted EPS": 0.003379,
        "Basic EPS": 0.003544,
        "Diluted NI Availto Com Stockholders": NaN,
        "Net Income Common Stockholders": NaN,
        "Net Income": NaN,
        "Minority Interests": NaN,
        "Net Income Including Noncontrolling Interests": NaN,
        "Net Income Continuous Operations": NaN,
        "Tax Provision": NaN,
        "Pretax Income": NaN,
        "Other Income Expense": NaN,
        "Other Non Operating Income Expenses": NaN,
        "Special Income Charges": NaN,
        "Write Off": NaN,
        "Impairment Of Capital Assets": NaN,
        "Gain On Sale Of Security": NaN,
        "Net Non Operating Interest Income Expense": NaN,
        "Interest Expense Non Operating": NaN,
        "Interest Income Non Operating": NaN,
        "Operating Income": NaN,
        "Operating Expense": NaN,
        "Depreciation Amortization Depletion Income Statement": NaN,
        "Depreciation And Amortization In Income Statement": NaN,
        "Amortization": NaN,
        "Amortization Of Intangibles Income Statement": NaN,
        "Research And Development": NaN,
        "Selling General And Administration": NaN,
        "Selling And Marketing Expense": NaN,
        "General And Administrative Expense": NaN,
        "Other Gand A": NaN,
        "Salaries And Wages": NaN,
        "Gross Profit": NaN,
        "Cost Of Revenue": NaN,
        "Total Revenue": NaN,
        "Operating Revenue": NaN
    },
    "2022-12-31": {
        "Tax Effect Of Unusual Items": NaN,
        "Tax Rate For Calcs": NaN,
        "Normalized EBITDA": NaN,
        "Total Unusual Items": NaN,
        "Total Unusual Items Excluding Goodwill": NaN,
        "Net Income From Continuing Operation Net Minority Interest": NaN,
        "Reconciled Depreciation": NaN,
        "Reconciled Cost Of Revenue": NaN,
        "EBITDA": NaN,
        "EBIT": NaN,
        "Net Interest Income": NaN,
        "Interest Expense": NaN,
        "Interest Income": NaN,
        "Normalized Income": NaN,
        "Net Income From Continuing And Discontinued Operation": NaN,
        "Total Expenses": NaN,
        "Total Operating Income As Reported": NaN,
        "Diluted Average Shares": NaN,
        "Basic Average Shares": NaN,
        "Diluted EPS": NaN,
        "Basic EPS": NaN,
        "Diluted NI Availto Com Stockholders": NaN,
        "Net Income Common Stockholders": NaN,
        "Net Income": NaN,
        "Minority Interests": NaN,
        "Net Income Including Noncontrolling Interests": NaN,
        "Net Income Continuous Operations": NaN,
        "Tax Provision": NaN,
        "Pretax Income": NaN,
        "Other Income Expense": NaN,
        "Other Non Operating Income Expenses": NaN,
        "Special Income Charges": 0.0,
        "Write Off": NaN,
        "Impairment Of Capital Assets": NaN,
        "Gain On Sale Of Security": NaN,
        "Net Non Operating Interest Income Expense": NaN,
        "Interest Expense Non Operating": NaN,
        "Interest Income Non Operating": NaN,
        "Operating Income": NaN,
        "Operating Expense": NaN,
        "Depreciation Amortization Depletion Income Statement": NaN,
        "Depreciation And Amortization In Income Statement": NaN,
        "Amortization": NaN,
        "Amortization Of Intangibles Income Statement": NaN,
        "Research And Development": NaN,
        "Selling General And Administration": NaN,
        "Selling And Marketing Expense": NaN,
        "General And Administrative Expense": NaN,
        "Other Gand A": NaN,
        "Salaries And Wages": NaN,
        "Gross Profit": NaN,
        "Cost Of Revenue": NaN,
        "Total Revenue": NaN,
        "Operating Revenue": NaN
    },
    "2022-09-30": {
        "Tax Effect Of Unusual Items": NaN,
        "Tax Rate For Calcs": NaN,
        "Normalized EBITDA": NaN,
        "Total Unusual Items": NaN,
        "Total Unusual Items Excluding Goodwill": NaN,
        "Net Income From Continuing Operation Net Minority Interest": NaN,
        "Reconciled Depreciation": NaN,
        "Reconciled Cost Of Revenue": NaN,
        "EBITDA": NaN,
        "EBIT": NaN,
        "Net Interest Income": NaN,
        "Interest Expense": NaN,
        "Interest Income": NaN,
        "Normalized Income": NaN,
        "Net Income From Continuing And Discontinued Operation": NaN,
        "Total Expenses": NaN,
        "Total Operating Income As Reported": NaN,
        "Diluted Average Shares": NaN,
        "Basic Average Shares": NaN,
        "Diluted EPS": NaN,
        "Basic EPS": NaN,
        "Diluted NI Availto Com Stockholders": NaN,
        "Net Income Common Stockholders": NaN,
        "Net Income": NaN,
        "Minority Interests": NaN,
        "Net Income Including Noncontrolling Interests": NaN,
        "Net Income Continuous Operations": NaN,
        "Tax Provision": NaN,
        "Pretax Income": NaN,
        "Other Income Expense": NaN,
        "Other Non Operating Income Expenses": NaN,
        "Special Income Charges": 0.0,
        "Write Off": NaN,
        "Impairment Of Capital Assets": 0.0,
        "Gain On Sale Of Security": NaN,
        "Net Non Operating Interest Income Expense": NaN,
        "Interest Expense Non Operating": NaN,
        "Interest Income Non Operating": NaN,
        "Operating Income": NaN,
        "Operating Expense": NaN,
        "Depreciation Amortization Depletion Income Statement": NaN,
        "Depreciation And Amortization In Income Statement": NaN,
        "Amortization": NaN,
        "Amortization Of Intangibles Income Statement": NaN,
        "Research And Development": NaN,
        "Selling General And Administration": NaN,
        "Selling And Marketing Expense": NaN,
        "General And Administrative Expense": NaN,
        "Other Gand A": NaN,
        "Salaries And Wages": 21692000.0,
        "Gross Profit": NaN,
        "Cost Of Revenue": NaN,
        "Total Revenue": NaN,
        "Operating Revenue": NaN
    },
    "2022-06-30": {
        "Tax Effect Of Unusual Items": 8278465.491066,
        "Tax Rate For Calcs": 0.394138,
        "Normalized EBITDA": 30695000.0,
        "Total Unusual Items": 21004000.0,
        "Total Unusual Items Excluding Goodwill": 21004000.0,
        "Net Income From Continuing Operation Net Minority Interest": 15564000.0,
        "Reconciled Depreciation": 18066000.0,
        "Reconciled Cost Of Revenue": 52845000.0,
        "EBITDA": 51699000.0,
        "EBIT": 33633000.0,
        "Net Interest Income": -7944000.0,
        "Interest Expense": 7944000.0,
        "Interest Income": NaN,
        "Normalized Income": 2838465.491066,
        "Net Income From Continuing And Discontinued Operation": 15564000.0,
        "Total Expenses": 180269000.0,
        "Total Operating Income As Reported": 12517000.0,
        "Diluted Average Shares": 639964696.0,
        "Basic Average Shares": 605948628.0,
        "Diluted EPS": 0.02,
        "Basic EPS": 0.03,
        "Diluted NI Availto Com Stockholders": 15564000.0,
        "Net Income Common Stockholders": 15564000.0,
        "Net Income": 15564000.0,
        "Minority Interests": 0.0,
        "Net Income Including Noncontrolling Interests": 15564000.0,
        "Net Income Continuous Operations": 15564000.0,
        "Tax Provision": 10125000.0,
        "Pretax Income": 25689000.0,
        "Other Income Expense": 21116000.0,
        "Other Non Operating Income Expenses": 112000.0,
        "Special Income Charges": NaN,
        "Write Off": NaN,
        "Impairment Of Capital Assets": NaN,
        "Gain On Sale Of Security": 21004000.0,
        "Net Non Operating Interest Income Expense": -7944000.0,
        "Interest Expense Non Operating": 7944000.0,
        "Interest Income Non Operating": NaN,
        "Operating Income": 12517000.0,
        "Operating Expense": 127424000.0,
        "Depreciation Amortization Depletion Income Statement": 18066000.0,
        "Depreciation And Amortization In Income Statement": 18066000.0,
        "Amortization": 18066000.0,
        "Amortization Of Intangibles Income Statement": 18066000.0,
        "Research And Development": 38758000.0,
        "Selling General And Administration": 70600000.0,
        "Selling And Marketing Expense": 31091000.0,
        "General And Administrative Expense": 39509000.0,
        "Other Gand A": 39509000.0,
        "Salaries And Wages": 21212000.0,
        "Gross Profit": 139941000.0,
        "Cost Of Revenue": 52845000.0,
        "Total Revenue": 192786000.0,
        "Operating Revenue": 192786000.0
    },
    "2023-06-30": {
        "Tax Effect Of Unusual Items": NaN,
        "Tax Rate For Calcs": NaN,
        "Normalized EBITDA": NaN,
        "Total Unusual Items": NaN,
        "Total Unusual Items Excluding Goodwill": NaN,
        "Net Income From Continuing Operation Net Minority Interest": NaN,
        "Reconciled Depreciation": NaN,
        "Reconciled Cost Of Revenue": NaN,
        "EBITDA": NaN,
        "EBIT": NaN,
        "Net Interest Income": NaN,
        "Interest Expense": NaN,
        "Interest Income": NaN,
        "Normalized Income": NaN,
        "Net Income From Continuing And Discontinued Operation": NaN,
        "Total Expenses": NaN,
        "Total Operating Income As Reported": NaN,
        "Diluted Average Shares": 621235776.0,
        "Basic Average Shares": 621235776.0,
        "Diluted EPS": -0.16,
        "Basic EPS": -0.16,
        "Diluted NI Availto Com Stockholders": NaN,
        "Net Income Common Stockholders": NaN,
        "Net Income": NaN,
        "Minority Interests": NaN,
        "Net Income Including Noncontrolling Interests": NaN,
        "Net Income Continuous Operations": NaN,
        "Tax Provision": NaN,
        "Pretax Income": NaN,
        "Other Income Expense": NaN,
        "Other Non Operating Income Expenses": NaN,
        "Special Income Charges": NaN,
        "Write Off": 4906000.0,
        "Impairment Of Capital Assets": NaN,
        "Gain On Sale Of Security": NaN,
        "Net Non Operating Interest Income Expense": NaN,
        "Interest Expense Non Operating": NaN,
        "Interest Income Non Operating": NaN,
        "Operating Income": NaN,
        "Operating Expense": NaN,
        "Depreciation Amortization Depletion Income Statement": NaN,
        "Depreciation And Amortization In Income Statement": NaN,
        "Amortization": NaN,
        "Amortization Of Intangibles Income Statement": NaN,
        "Research And Development": NaN,
        "Selling General And Administration": NaN,
        "Selling And Marketing Expense": NaN,
        "General And Administrative Expense": NaN,
        "Other Gand A": NaN,
        "Salaries And Wages": 26587000.0,
        "Gross Profit": NaN,
        "Cost Of Revenue": NaN,
        "Total Revenue": NaN,
        "Operating Revenue": NaN
    },
    "2022-03-31": {
        "Diluted EPS": 0.02,
        "Total Revenue": 187,
        "Gross Profit": 137,
        "Operating Income": 13,
        "EBIT": 45,
        "Net Income": 12
    },
    "2021-12-31": {
        "Diluted EPS": -0.12,
        "Total Revenue": 187,
        "Gross Profit": 139,
        "Operating Income": 15,
        "EBIT": 47,
        "Net Income": -58
    },
    "2021-09-30": {
        "Diluted EPS": -0.34,
        "Total Revenue": 177,
        "Gross Profit": 119,
        "Operating Income": -189,
        "EBIT": -156,
        "Net Income": -190
    },
    "2021-06-30": {
        "Diluted EPS": 0.01,
        "Total Revenue": 167,
        "Gross Profit": 121,
        "Operating Income": 22,
        "EBIT": 53,
        "Net Income": 4
    },
    "2021-03-31": {
        "Diluted EPS": -0.01,
        "Total Revenue": 158,
        "Gross Profit": 113,
        "Operating Income": 7,
        "EBIT": 38,
        "Net Income": -5
    },
    "2020-12-31": {
        "Diluted EPS": 0.0,
        "Total Revenue": NaN,
        "Gross Profit": NaN,
        "Operating Income": NaN,
        "EBIT": NaN,
        "Net Income": NaN
    },
    "2020-09-30": {
        "Diluted EPS": 0.01,
        "Total Revenue": 158,
        "Gross Profit": 107,
        "Operating Income": 23,
        "EBIT": 23,
        "Net Income": 5
    },
    "2019-12-31": {
        "Diluted EPS": 0.0,
        "Total Revenue": NaN,
        "Gross Profit": NaN,
        "Operating Income": NaN,
        "EBIT": NaN,
        "Net Income": NaN
    },
    "2023-09-30": {
        "Tax Effect Of Unusual Items": NaN,
        "Tax Rate For Calcs": NaN,
        "Normalized EBITDA": NaN,
        "Total Unusual Items": NaN,
        "Total Unusual Items Excluding Goodwill": NaN,
        "Net Income From Continuing Operation Net Minority Interest": NaN,
        "Reconciled Depreciation": NaN,
        "Reconciled Cost Of Revenue": NaN,
        "EBITDA": NaN,
        "EBIT": NaN,
        "Net Interest Income": NaN,
        "Interest Expense": NaN,
        "Interest Income": NaN,
        "Normalized Income": NaN,
        "Net Income From Continuing And Discontinued Operation": NaN,
        "Total Expenses": NaN,
        "Total Operating Income As Reported": NaN,
        "Diluted Average Shares": 624976557.0,
        "Basic Average Shares": 624976557.0,
        "Diluted EPS": -0.04,
        "Basic EPS": -0.04,
        "Diluted NI Availto Com Stockholders": NaN,
        "Net Income Common Stockholders": NaN,
        "Net Income": NaN,
        "Minority Interests": NaN,
        "Net Income Including Noncontrolling Interests": NaN,
        "Net Income Continuous Operations": NaN,
        "Tax Provision": NaN,
        "Pretax Income": NaN,
        "Other Income Expense": NaN,
        "Other Non Operating Income Expenses": NaN,
        "Special Income Charges": 0.0,
        "Write Off": NaN,
        "Impairment Of Capital Assets": 0.0,
        "Gain On Sale Of Security": NaN,
        "Net Non Operating Interest Income Expense": NaN,
        "Interest Expense Non Operating": NaN,
        "Interest Income Non Operating": NaN,
        "Operating Income": NaN,
        "Operating Expense": NaN,
        "Depreciation Amortization Depletion Income Statement": NaN,
        "Depreciation And Amortization In Income Statement": NaN,
        "Amortization": NaN,
        "Amortization Of Intangibles Income Statement": NaN,
        "Research And Development": NaN,
        "Selling General And Administration": NaN,
        "Selling And Marketing Expense": NaN,
        "General And Administrative Expense": NaN,
        "Other Gand A": NaN,
        "Salaries And Wages": NaN,
        "Gross Profit": NaN,
        "Cost Of Revenue": NaN,
        "Total Revenue": NaN,
        "Operating Revenue": NaN
    },
    "2023-12-31": {
        "Tax Effect Of Unusual Items": 6237590.212032,
        "Tax Rate For Calcs": 0.204773,
        "Normalized EBITDA": 57083000.0,
        "Total Unusual Items": 30461000.0,
        "Total Unusual Items Excluding Goodwill": 30461000.0,
        "Net Income From Continuing Operation Net Minority Interest": 25211000.0,
        "Reconciled Depreciation": 33386000.0,
        "Reconciled Cost Of Revenue": 40493000.0,
        "EBITDA": 87544000.0,
        "EBIT": 54158000.0,
        "Net Interest Income": -17292000.0,
        "Interest Expense": 21097000.0,
        "Interest Income": 3805000.0,
        "Normalized Income": 987590.212032,
        "Net Income From Continuing And Discontinued Operation": 25211000.0,
        "Total Expenses": 209240000.0,
        "Total Operating Income As Reported": 19361000.0,
        "Diluted Average Shares": NaN,
        "Basic Average Shares": NaN,
        "Diluted EPS": NaN,
        "Basic EPS": NaN,
        "Diluted NI Availto Com Stockholders": 25211000.0,
        "Net Income Common Stockholders": 25211000.0,
        "Net Income": 25211000.0,
        "Minority Interests": -1080000.0,
        "Net Income Including Noncontrolling Interests": 26291000.0,
        "Net Income Continuous Operations": 26291000.0,
        "Tax Provision": 6770000.0,
        "Pretax Income": 33061000.0,
        "Other Income Expense": 30992000.0,
        "Other Non Operating Income Expenses": 531000.0,
        "Special Income Charges": 0.0,
        "Write Off": NaN,
        "Impairment Of Capital Assets": 0.0,
        "Gain On Sale Of Security": 30461000.0,
        "Net Non Operating Interest Income Expense": -17292000.0,
        "Interest Expense Non Operating": 21097000.0,
        "Interest Income Non Operating": 3805000.0,
        "Operating Income": 19361000.0,
        "Operating Expense": 153303000.0,
        "Depreciation Amortization Depletion Income Statement": 17942000.0,
        "Depreciation And Amortization In Income Statement": 17942000.0,
        "Amortization": 17942000.0,
        "Amortization Of Intangibles Income Statement": 17942000.0,
        "Research And Development": 45215000.0,
        "Selling General And Administration": 90146000.0,
        "Selling And Marketing Expense": 35779000.0,
        "General And Administrative Expense": 54367000.0,
        "Other Gand A": 54367000.0,
        "Salaries And Wages": NaN,
        "Gross Profit": 172664000.0,
        "Cost Of Revenue": 55937000.0,
        "Total Revenue": 228601000.0,
        "Operating Revenue": 254796000.0
    },
    "2024-03-31": {
        "Tax Effect Of Unusual Items": 244440.0,
        "Tax Rate For Calcs": 0.21,
        "Normalized EBITDA": 44405000.0,
        "Total Unusual Items": 1164000.0,
        "Total Unusual Items Excluding Goodwill": 1164000.0,
        "Net Income From Continuing Operation Net Minority Interest": -1739000.0,
        "Reconciled Depreciation": 33951000.0,
        "Reconciled Cost Of Revenue": 43366000.0,
        "EBITDA": 45569000.0,
        "EBIT": 11618000.0,
        "Net Interest Income": -13985000.0,
        "Interest Expense": 16452000.0,
        "Interest Income": 2467000.0,
        "Normalized Income": -2658560.0,
        "Net Income From Continuing And Discontinued Operation": -1739000.0,
        "Total Expenses": 219440000.0,
        "Total Operating Income As Reported": 7797000.0,
        "Diluted Average Shares": 598279377.0,
        "Basic Average Shares": 598279377.0,
        "Diluted EPS": -0.002907,
        "Basic EPS": -0.002907,
        "Diluted NI Availto Com Stockholders": -1739000.0,
        "Net Income Common Stockholders": -1739000.0,
        "Net Income": -1739000.0,
        "Minority Interests": -1142000.0,
        "Net Income Including Noncontrolling Interests": -597000.0,
        "Net Income Continuous Operations": -597000.0,
        "Tax Provision": -4237000.0,
        "Pretax Income": -4834000.0,
        "Other Income Expense": 1354000.0,
        "Other Non Operating Income Expenses": 190000.0,
        "Special Income Charges": NaN,
        "Write Off": NaN,
        "Impairment Of Capital Assets": NaN,
        "Gain On Sale Of Security": 1164000.0,
        "Net Non Operating Interest Income Expense": -13985000.0,
        "Interest Expense Non Operating": 16452000.0,
        "Interest Income Non Operating": 2467000.0,
        "Operating Income": 7797000.0,
        "Operating Expense": 160065000.0,
        "Depreciation Amortization Depletion Income Statement": 17942000.0,
        "Depreciation And Amortization In Income Statement": 17942000.0,
        "Amortization": 17942000.0,
        "Amortization Of Intangibles Income Statement": 17942000.0,
        "Research And Development": 49477000.0,
        "Selling General And Administration": 92646000.0,
        "Selling And Marketing Expense": 35586000.0,
        "General And Administrative Expense": 57060000.0,
        "Other Gand A": 57060000.0,
        "Salaries And Wages": NaN,
        "Gross Profit": 167862000.0,
        "Cost Of Revenue": 59375000.0,
        "Total Revenue": 227237000.0,
        "Operating Revenue": 218069000.0
    },
    "2024-06-30": {
        "Tax Effect Of Unusual Items": 2863138.125194,
        "Tax Rate For Calcs": 0.167249,
        "Normalized EBITDA": 54985000.0,
        "Total Unusual Items": 17119000.0,
        "Total Unusual Items Excluding Goodwill": 17119000.0,
        "Net Income From Continuing Operation Net Minority Interest": 20224000.0,
        "Reconciled Depreciation": 29750000.0,
        "Reconciled Cost Of Revenue": 43513000.0,
        "EBITDA": 72104000.0,
        "EBIT": 42354000.0,
        "Net Interest Income": -13977000.0,
        "Interest Expense": 16602000.0,
        "Interest Income": 2625000.0,
        "Normalized Income": 5968138.125194,
        "Net Income From Continuing And Discontinued Operation": 20224000.0,
        "Total Expenses": 210105000.0,
        "Total Operating Income As Reported": 22513000.0,
        "Diluted Average Shares": 638367745.0,
        "Basic Average Shares": 609997114.0,
        "Diluted EPS": 0.03,
        "Basic EPS": 0.03,
        "Diluted NI Availto Com Stockholders": 20224000.0,
        "Net Income Common Stockholders": 20224000.0,
        "Net Income": 20224000.0,
        "Minority Interests": -1221000.0,
        "Net Income Including Noncontrolling Interests": 21445000.0,
        "Net Income Continuous Operations": 21445000.0,
        "Tax Provision": 4307000.0,
        "Pretax Income": 25752000.0,
        "Other Income Expense": 17216000.0,
        "Other Non Operating Income Expenses": 97000.0,
        "Special Income Charges": 0.0,
        "Write Off": NaN,
        "Impairment Of Capital Assets": 0.0,
        "Gain On Sale Of Security": 17119000.0,
        "Net Non Operating Interest Income Expense": -13977000.0,
        "Interest Expense Non Operating": 16602000.0,
        "Interest Income Non Operating": 2625000.0,
        "Operating Income": 22513000.0,
        "Operating Expense": 154784000.0,
        "Depreciation Amortization Depletion Income Statement": 17942000.0,
        "Depreciation And Amortization In Income Statement": 17942000.0,
        "Amortization": 17942000.0,
        "Amortization Of Intangibles Income Statement": 17942000.0,
        "Research And Development": 49253000.0,
        "Selling General And Administration": 87589000.0,
        "Selling And Marketing Expense": 36321000.0,
        "General And Administrative Expense": 51268000.0,
        "Other Gand A": 51268000.0,
        "Salaries And Wages": NaN,
        "Gross Profit": 177297000.0,
        "Cost Of Revenue": 55321000.0,
        "Total Revenue": 232618000.0,
        "Operating Revenue": 223014000.0
    },
    "2024-09-30": {
        "Tax Effect Of Unusual Items": -543060.0,
        "Tax Rate For Calcs": 0.21,
        "Normalized EBITDA": 60503000.0,
        "Total Unusual Items": -2586000.0,
        "Total Unusual Items Excluding Goodwill": -2586000.0,
        "Net Income From Continuing Operation Net Minority Interest": 2812000.0,
        "Reconciled Depreciation": 28473000.0,
        "Reconciled Cost Of Revenue": 44530000.0,
        "EBITDA": 57917000.0,
        "EBIT": 29444000.0,
        "Net Interest Income": -13036000.0,
        "Interest Expense": 16379000.0,
        "Interest Income": 3343000.0,
        "Normalized Income": 4854940.0,
        "Net Income From Continuing And Discontinued Operation": 2812000.0,
        "Total Expenses": 209793000.0,
        "Total Operating Income As Reported": 28688000.0,
        "Diluted Average Shares": 642404517.0,
        "Basic Average Shares": 615857231.0,
        "Diluted EPS": 0.004377,
        "Basic EPS": 0.004566,
        "Diluted NI Availto Com Stockholders": 2812000.0,
        "Net Income Common Stockholders": 2812000.0,
        "Net Income": 2812000.0,
        "Minority Interests": -1320000.0,
        "Net Income Including Noncontrolling Interests": 4132000.0,
        "Net Income Continuous Operations": 4132000.0,
        "Tax Provision": 8933000.0,
        "Pretax Income": 13065000.0,
        "Other Income Expense": -2587000.0,
        "Other Non Operating Income Expenses": -1000.0,
        "Special Income Charges": 0.0,
        "Write Off": NaN,
        "Impairment Of Capital Assets": 0.0,
        "Gain On Sale Of Security": -2586000.0,
        "Net Non Operating Interest Income Expense": -13036000.0,
        "Interest Expense Non Operating": 16379000.0,
        "Interest Income Non Operating": 3343000.0,
        "Operating Income": 28688000.0,
        "Operating Expense": 154732000.0,
        "Depreciation Amortization Depletion Income Statement": 17942000.0,
        "Depreciation And Amortization In Income Statement": 17942000.0,
        "Amortization": 17942000.0,
        "Amortization Of Intangibles Income Statement": 17942000.0,
        "Research And Development": 49525000.0,
        "Selling General And Administration": 87265000.0,
        "Selling And Marketing Expense": 34347000.0,
        "General And Administrative Expense": 52918000.0,
        "Other Gand A": 52918000.0,
        "Salaries And Wages": NaN,
        "Gross Profit": 183420000.0,
        "Cost Of Revenue": 55061000.0,
        "Total Revenue": 238481000.0,
        "Operating Revenue": 229425000.0
    },
    "2024-12-31": {
        "Tax Effect Of Unusual Items": 242380.952381,
        "Tax Rate For Calcs": 0.394115,
        "Normalized EBITDA": 56393000.0,
        "Total Unusual Items": 615000.0,
        "Total Unusual Items Excluding Goodwill": 615000.0,
        "Net Income From Continuing Operation Net Minority Interest": 4848000.0,
        "Reconciled Depreciation": 31502000.0,
        "Reconciled Cost Of Revenue": 47680000.0,
        "EBITDA": 57008000.0,
        "EBIT": 25506000.0,
        "Net Interest Income": -11406000.0,
        "Interest Expense": 15174000.0,
        "Interest Income": 3768000.0,
        "Normalized Income": 4475380.952381,
        "Net Income From Continuing And Discontinued Operation": 4848000.0,
        "Total Expenses": 225356000.0,
        "Total Operating Income As Reported": 21108000.0,
        "Diluted Average Shares": NaN,
        "Basic Average Shares": NaN,
        "Diluted EPS": NaN,
        "Basic EPS": NaN,
        "Diluted NI Availto Com Stockholders": 4848000.0,
        "Net Income Common Stockholders": 4848000.0,
        "Net Income": 4848000.0,
        "Minority Interests": -1412000.0,
        "Net Income Including Noncontrolling Interests": 6260000.0,
        "Net Income Continuous Operations": 6260000.0,
        "Tax Provision": 4072000.0,
        "Pretax Income": 10332000.0,
        "Other Income Expense": 630000.0,
        "Other Non Operating Income Expenses": 15000.0,
        "Special Income Charges": 0.0,
        "Write Off": NaN,
        "Impairment Of Capital Assets": 0.0,
        "Gain On Sale Of Security": 615000.0,
        "Net Non Operating Interest Income Expense": -11406000.0,
        "Interest Expense Non Operating": 15174000.0,
        "Interest Income Non Operating": 3768000.0,
        "Operating Income": 21108000.0,
        "Operating Expense": 164116000.0,
        "Depreciation Amortization Depletion Income Statement": 17942000.0,
        "Depreciation And Amortization In Income Statement": 17942000.0,
        "Amortization": 17942000.0,
        "Amortization Of Intangibles Income Statement": 17942000.0,
        "Research And Development": 53238000.0,
        "Selling General And Administration": 92936000.0,
        "Selling And Marketing Expense": 35963000.0,
        "General And Administrative Expense": 56973000.0,
        "Other Gand A": 56973000.0,
        "Salaries And Wages": NaN,
        "Gross Profit": 185224000.0,
        "Cost Of Revenue": 61240000.0,
        "Total Revenue": 246464000.0,
        "Operating Revenue": 274465000.0
    }
}