{
    "2023-03-31": {
        "Tax Effect Of Unusual Items": NaN,
        "Tax Rate For Calcs": NaN,
        "Normalized EBITDA": NaN,
        "Total Unusual Items": NaN,
        "Total Unusual Items Excluding Goodwill": NaN,
        "Net Income From Continuing Operation Net Minority Interest": NaN,
        "Reconciled Depreciation": NaN,
        "Reconciled Cost Of Revenue": NaN,
        "EBITDA": NaN,
        "EBIT": NaN,
        "Net Interest Income": NaN,
        "Interest Expense": NaN,
        "Interest Income": NaN,
        "Normalized Income": NaN,
        "Net Income From Continuing And Discontinued Operation": NaN,
        "Total Expenses": NaN,
        "Total Operating Income As Reported": NaN,
        "Diluted Average Shares": 434557000.0,
        "Basic Average Shares": 432850000.0,
        "Diluted EPS": 0.27,
        "Basic EPS": 0.27,
        "Diluted NI Availto Com Stockholders": NaN,
        "Net Income Common Stockholders": NaN,
        "Net Income": NaN,
        "Minority Interests": NaN,
        "Net Income Including Noncontrolling Interests": NaN,
        "Net Income Continuous Operations": NaN,
        "Tax Provision": NaN,
        "Pretax Income": NaN,
        "Other Income Expense": NaN,
        "Other Non Operating Income Expenses": NaN,
        "Special Income Charges": NaN,
        "Gain On Sale Of Ppe": NaN,
        "Restructuring And Mergern Acquisition": NaN,
        "Earnings From Equity Interest": NaN,
        "Gain On Sale Of Security": NaN,
        "Net Non Operating Interest Income Expense": NaN,
        "Total Other Finance Cost": NaN,
        "Interest Expense Non Operating": NaN,
        "Interest Income Non Operating": NaN,
        "Operating Income": NaN,
        "Operating Expense": NaN,
        "Other Operating Expenses": NaN,
        "Research And Development": NaN,
        "Selling General And Administration": NaN,
        "General And Administrative Expense": NaN,
        "Other Gand A": NaN,
        "Gross Profit": NaN,
        "Cost Of Revenue": NaN,
        "Total Revenue": NaN,
        "Operating Revenue": NaN
    },
    "2022-12-31": {
        "Tax Effect Of Unusual Items": NaN,
        "Tax Rate For Calcs": NaN,
        "Normalized EBITDA": NaN,
        "Total Unusual Items": NaN,
        "Total Unusual Items Excluding Goodwill": NaN,
        "Net Income From Continuing Operation Net Minority Interest": NaN,
        "Reconciled Depreciation": NaN,
        "Reconciled Cost Of Revenue": NaN,
        "EBITDA": NaN,
        "EBIT": NaN,
        "Net Interest Income": NaN,
        "Interest Expense": NaN,
        "Interest Income": NaN,
        "Normalized Income": NaN,
        "Net Income From Continuing And Discontinued Operation": NaN,
        "Total Expenses": NaN,
        "Total Operating Income As Reported": NaN,
        "Diluted Average Shares": NaN,
        "Basic Average Shares": NaN,
        "Diluted EPS": NaN,
        "Basic EPS": NaN,
        "Diluted NI Availto Com Stockholders": NaN,
        "Net Income Common Stockholders": NaN,
        "Net Income": NaN,
        "Minority Interests": NaN,
        "Net Income Including Noncontrolling Interests": NaN,
        "Net Income Continuous Operations": NaN,
        "Tax Provision": NaN,
        "Pretax Income": NaN,
        "Other Income Expense": NaN,
        "Other Non Operating Income Expenses": NaN,
        "Special Income Charges": NaN,
        "Gain On Sale Of Ppe": NaN,
        "Restructuring And Mergern Acquisition": 0.0,
        "Earnings From Equity Interest": NaN,
        "Gain On Sale Of Security": NaN,
        "Net Non Operating Interest Income Expense": NaN,
        "Total Other Finance Cost": NaN,
        "Interest Expense Non Operating": NaN,
        "Interest Income Non Operating": NaN,
        "Operating Income": NaN,
        "Operating Expense": NaN,
        "Other Operating Expenses": NaN,
        "Research And Development": NaN,
        "Selling General And Administration": NaN,
        "General And Administrative Expense": NaN,
        "Other Gand A": NaN,
        "Gross Profit": NaN,
        "Cost Of Revenue": NaN,
        "Total Revenue": NaN,
        "Operating Revenue": NaN
    },
    "2022-09-30": {
        "Tax Effect Of Unusual Items": NaN,
        "Tax Rate For Calcs": NaN,
        "Normalized EBITDA": NaN,
        "Total Unusual Items": NaN,
        "Total Unusual Items Excluding Goodwill": NaN,
        "Net Income From Continuing Operation Net Minority Interest": NaN,
        "Reconciled Depreciation": NaN,
        "Reconciled Cost Of Revenue": NaN,
        "EBITDA": NaN,
        "EBIT": NaN,
        "Net Interest Income": NaN,
        "Interest Expense": NaN,
        "Interest Income": NaN,
        "Normalized Income": NaN,
        "Net Income From Continuing And Discontinued Operation": NaN,
        "Total Expenses": NaN,
        "Total Operating Income As Reported": NaN,
        "Diluted Average Shares": 398439000.0,
        "Basic Average Shares": 398439000.0,
        "Diluted EPS": -0.05,
        "Basic EPS": -0.05,
        "Diluted NI Availto Com Stockholders": NaN,
        "Net Income Common Stockholders": NaN,
        "Net Income": NaN,
        "Minority Interests": NaN,
        "Net Income Including Noncontrolling Interests": NaN,
        "Net Income Continuous Operations": NaN,
        "Tax Provision": NaN,
        "Pretax Income": NaN,
        "Other Income Expense": NaN,
        "Other Non Operating Income Expenses": 2000.0,
        "Special Income Charges": NaN,
        "Gain On Sale Of Ppe": NaN,
        "Restructuring And Mergern Acquisition": 0.0,
        "Earnings From Equity Interest": NaN,
        "Gain On Sale Of Security": NaN,
        "Net Non Operating Interest Income Expense": NaN,
        "Total Other Finance Cost": NaN,
        "Interest Expense Non Operating": NaN,
        "Interest Income Non Operating": NaN,
        "Operating Income": NaN,
        "Operating Expense": NaN,
        "Other Operating Expenses": NaN,
        "Research And Development": NaN,
        "Selling General And Administration": NaN,
        "General And Administrative Expense": NaN,
        "Other Gand A": NaN,
        "Gross Profit": NaN,
        "Cost Of Revenue": NaN,
        "Total Revenue": NaN,
        "Operating Revenue": NaN
    },
    "2022-06-30": {
        "Tax Effect Of Unusual Items": 3804346.758359,
        "Tax Rate For Calcs": 0.240492,
        "Normalized EBITDA": 172372000.0,
        "Total Unusual Items": 15819000.0,
        "Total Unusual Items Excluding Goodwill": 15819000.0,
        "Net Income From Continuing Operation Net Minority Interest": 83979000.0,
        "Reconciled Depreciation": 61197000.0,
        "Reconciled Cost Of Revenue": 464646000.0,
        "EBITDA": 188191000.0,
        "EBIT": 126994000.0,
        "Net Interest Income": -15890000.0,
        "Interest Expense": 16479000.0,
        "Interest Income": 4478000.0,
        "Normalized Income": 71964346.758359,
        "Net Income From Continuing And Discontinued Operation": 83979000.0,
        "Total Expenses": 473494000.0,
        "Total Operating Income As Reported": 83951000.0,
        "Diluted Average Shares": 400005000.0,
        "Basic Average Shares": 398418000.0,
        "Diluted EPS": 0.21,
        "Basic EPS": 0.21,
        "Diluted NI Availto Com Stockholders": 83979000.0,
        "Net Income Common Stockholders": 83979000.0,
        "Net Income": 83979000.0,
        "Minority Interests": 42000.0,
        "Net Income Including Noncontrolling Interests": 83937000.0,
        "Net Income Continuous Operations": 83937000.0,
        "Tax Provision": 26578000.0,
        "Pretax Income": 110515000.0,
        "Other Income Expense": 42322000.0,
        "Other Non Operating Income Expenses": -2000.0,
        "Special Income Charges": 22670000.0,
        "Gain On Sale Of Ppe": -132000.0,
        "Restructuring And Mergern Acquisition": -22802000.0,
        "Earnings From Equity Interest": 26505000.0,
        "Gain On Sale Of Security": -6851000.0,
        "Net Non Operating Interest Income Expense": -15890000.0,
        "Total Other Finance Cost": 3889000.0,
        "Interest Expense Non Operating": 16479000.0,
        "Interest Income Non Operating": 4478000.0,
        "Operating Income": 84083000.0,
        "Operating Expense": 8848000.0,
        "Other Operating Expenses": -18364000.0,
        "Research And Development": 3365000.0,
        "Selling General And Administration": 23847000.0,
        "General And Administrative Expense": 23847000.0,
        "Other Gand A": 23847000.0,
        "Gross Profit": 92931000.0,
        "Cost Of Revenue": 464646000.0,
        "Total Revenue": 557577000.0,
        "Operating Revenue": 557577000.0
    },
    "2023-06-30": {
        "Tax Effect Of Unusual Items": NaN,
        "Tax Rate For Calcs": NaN,
        "Normalized EBITDA": NaN,
        "Total Unusual Items": NaN,
        "Total Unusual Items Excluding Goodwill": NaN,
        "Net Income From Continuing Operation Net Minority Interest": NaN,
        "Reconciled Depreciation": NaN,
        "Reconciled Cost Of Revenue": NaN,
        "EBITDA": NaN,
        "EBIT": NaN,
        "Net Interest Income": NaN,
        "Interest Expense": NaN,
        "Interest Income": NaN,
        "Normalized Income": NaN,
        "Net Income From Continuing And Discontinued Operation": NaN,
        "Total Expenses": NaN,
        "Total Operating Income As Reported": NaN,
        "Diluted Average Shares": 434618000.0,
        "Basic Average Shares": 433096000.0,
        "Diluted EPS": 0.03,
        "Basic EPS": 0.03,
        "Diluted NI Availto Com Stockholders": NaN,
        "Net Income Common Stockholders": NaN,
        "Net Income": NaN,
        "Minority Interests": NaN,
        "Net Income Including Noncontrolling Interests": NaN,
        "Net Income Continuous Operations": NaN,
        "Tax Provision": NaN,
        "Pretax Income": NaN,
        "Other Income Expense": NaN,
        "Other Non Operating Income Expenses": NaN,
        "Special Income Charges": NaN,
        "Gain On Sale Of Ppe": NaN,
        "Restructuring And Mergern Acquisition": 0.0,
        "Earnings From Equity Interest": NaN,
        "Gain On Sale Of Security": NaN,
        "Net Non Operating Interest Income Expense": NaN,
        "Total Other Finance Cost": NaN,
        "Interest Expense Non Operating": NaN,
        "Interest Income Non Operating": NaN,
        "Operating Income": NaN,
        "Operating Expense": NaN,
        "Other Operating Expenses": NaN,
        "Research And Development": NaN,
        "Selling General And Administration": NaN,
        "General And Administrative Expense": NaN,
        "Other Gand A": NaN,
        "Gross Profit": NaN,
        "Cost Of Revenue": NaN,
        "Total Revenue": NaN,
        "Operating Revenue": NaN
    },
    "2022-03-31": {
        "Diluted EPS": 0.08,
        "Total Revenue": 314,
        "Gross Profit": 71,
        "Operating Income": 5,
        "EBIT": 37,
        "Net Income": 32
    },
    "2021-12-31": {
        "Diluted EPS": 0.02,
        "Total Revenue": 368,
        "Gross Profit": 84,
        "Operating Income": 4,
        "EBIT": 45,
        "Net Income": 9
    },
    "2021-09-30": {
        "Diluted EPS": -0.14,
        "Total Revenue": 287,
        "Gross Profit": 20,
        "Operating Income": -54,
        "EBIT": -16,
        "Net Income": -57
    },
    "2021-06-30": {
        "Diluted EPS": -0.07,
        "Total Revenue": 292,
        "Gross Profit": 42,
        "Operating Income": -31,
        "EBIT": 3,
        "Net Income": -30
    },
    "2021-03-31": {
        "Diluted EPS": -0.01,
        "Total Revenue": 229,
        "Gross Profit": 8,
        "Operating Income": -24,
        "EBIT": 14,
        "Net Income": -4
    },
    "2020-12-31": {
        "Diluted EPS": 0.15,
        "Total Revenue": 423,
        "Gross Profit": 138,
        "Operating Income": 42,
        "EBIT": 98,
        "Net Income": 59
    },
    "2020-09-30": {
        "Diluted EPS": -0.11,
        "Total Revenue": 284,
        "Gross Profit": 5,
        "Operating Income": -48,
        "EBIT": -22,
        "Net Income": -46
    },
    "2020-06-30": {
        "Diluted EPS": -0.09,
        "Total Revenue": 379,
        "Gross Profit": 25,
        "Operating Income": -54,
        "EBIT": -20,
        "Net Income": -38
    },
    "2020-03-31": {
        "Diluted EPS": -0.04,
        "Total Revenue": 258,
        "Gross Profit": 67,
        "Operating Income": 2,
        "EBIT": 43,
        "Net Income": -14
    },
    "2019-12-31": {
        "Diluted EPS": 0.25,
        "Total Revenue": 660,
        "Gross Profit": 250,
        "Operating Income": 130,
        "EBIT": 209,
        "Net Income": 97
    },
    "2019-09-30": {
        "Diluted EPS": -0.02,
        "Total Revenue": 230,
        "Gross Profit": 51,
        "Operating Income": -27,
        "EBIT": 27,
        "Net Income": -10
    },
    "2019-06-30": {
        "Diluted EPS": -0.05,
        "Total Revenue": 290,
        "Gross Profit": 76,
        "Operating Income": -12,
        "EBIT": 32,
        "Net Income": -17
    },
    "2019-03-31": {
        "Diluted EPS": -0.04,
        "Total Revenue": 224,
        "Gross Profit": 13,
        "Operating Income": -20,
        "EBIT": 11,
        "Net Income": -14
    },
    "2018-12-31": {
        "Diluted EPS": 0.31,
        "Total Revenue": 635,
        "Gross Profit": 232,
        "Operating Income": 120,
        "EBIT": 196,
        "Net Income": 123
    },
    "2018-09-30": {
        "Diluted EPS": 0.05,
        "Total Revenue": 373,
        "Gross Profit": 72,
        "Operating Income": -42,
        "EBIT": 33,
        "Net Income": 22
    },
    "2018-06-30": {
        "Diluted EPS": -0.15,
        "Total Revenue": 258,
        "Gross Profit": 74,
        "Operating Income": -40,
        "EBIT": 13,
        "Net Income": -59
    },
    "2018-03-31": {
        "Diluted EPS": 0.11,
        "Total Revenue": 348,
        "Gross Profit": 103,
        "Operating Income": 18,
        "EBIT": 67,
        "Net Income": 43
    },
    "2017-12-31": {
        "Diluted EPS": -0.12,
        "Total Revenue": 630,
        "Gross Profit": 272,
        "Operating Income": 138,
        "EBIT": 219,
        "Net Income": -45
    },
    "2017-09-30": {
        "Diluted EPS": -0.25,
        "Total Revenue": 387,
        "Gross Profit": 118,
        "Operating Income": 9,
        "EBIT": 93,
        "Net Income": -99
    },
    "2017-06-30": {
        "Diluted EPS": 0.0,
        "Total Revenue": 349,
        "Gross Profit": 128,
        "Operating Income": 39,
        "EBIT": 97,
        "Net Income": -1
    },
    "2017-03-31": {
        "Diluted EPS": -0.04,
        "Total Revenue": 297,
        "Gross Profit": 74,
        "Operating Income": -2,
        "EBIT": 29,
        "Net Income": -14
    },
    "2016-12-31": {
        "Diluted EPS": -0.27,
        "Total Revenue": 663,
        "Gross Profit": 190,
        "Operating Income": 93,
        "EBIT": 164,
        "Net Income": -106
    },
    "2016-09-30": {
        "Diluted EPS": 0.28,
        "Total Revenue": 514,
        "Gross Profit": 198,
        "Operating Income": 79,
        "EBIT": 163,
        "Net Income": 109
    },
    "2016-06-30": {
        "Diluted EPS": -0.27,
        "Total Revenue": 362,
        "Gross Profit": 124,
        "Operating Income": -24,
        "EBIT": 69,
        "Net Income": -107
    },
    "2016-03-31": {
        "Diluted EPS": 0.15,
        "Total Revenue": 298,
        "Gross Profit": 118,
        "Operating Income": 36,
        "EBIT": 68,
        "Net Income": 57
    },
    "2015-12-31": {
        "Diluted EPS": -0.02,
        "Total Revenue": 731,
        "Gross Profit": 446,
        "Operating Income": 153,
        "EBIT": 245,
        "Net Income": -7
    },
    "2015-09-30": {
        "Diluted EPS": -0.01,
        "Total Revenue": 496,
        "Gross Profit": 101,
        "Operating Income": 62,
        "EBIT": 113,
        "Net Income": -3
    },
    "2015-06-30": {
        "Diluted EPS": 0.18,
        "Total Revenue": 459,
        "Gross Profit": 125,
        "Operating Income": 74,
        "EBIT": 127,
        "Net Income": 72
    },
    "2015-03-31": {
        "Diluted EPS": -0.02,
        "Total Revenue": 471,
        "Gross Profit": 118,
        "Operating Income": 73,
        "EBIT": 121,
        "Net Income": -7
    },
    "2014-12-31": {
        "Diluted EPS": 0.14,
        "Total Revenue": 710,
        "Gross Profit": 143,
        "Operating Income": 82,
        "EBIT": 191,
        "Net Income": 58
    },
    "2014-09-30": {
        "Diluted EPS": -0.33,
        "Total Revenue": 523,
        "Gross Profit": 115,
        "Operating Income": 66,
        "EBIT": 139,
        "Net Income": -130
    },
    "2014-06-30": {
        "Diluted EPS": 0.29,
        "Total Revenue": 462,
        "Gross Profit": 126,
        "Operating Income": 84,
        "EBIT": 150,
        "Net Income": 117
    },
    "2014-03-31": {
        "Diluted EPS": 0.3,
        "Total Revenue": 380,
        "Gross Profit": 98,
        "Operating Income": 42,
        "EBIT": 103,
        "Net Income": 119
    },
    "2013-12-31": {
        "Diluted EPS": 0.15,
        "Total Revenue": 884,
        "Gross Profit": 68,
        "Operating Income": 54,
        "EBIT": 169,
        "Net Income": 58
    },
    "2013-09-30": {
        "Diluted EPS": 0.51,
        "Total Revenue": 571,
        "Gross Profit": 216,
        "Operating Income": 162,
        "EBIT": 207,
        "Net Income": 202
    },
    "2013-06-30": {
        "Diluted EPS": 0.09,
        "Total Revenue": 432,
        "Gross Profit": 118,
        "Operating Income": 58,
        "EBIT": 121,
        "Net Income": 35
    },
    "2013-03-31": {
        "Diluted EPS": 0.02,
        "Total Revenue": 439,
        "Gross Profit": 145,
        "Operating Income": 16,
        "EBIT": 68,
        "Net Income": 9
    },
    "2012-12-31": {
        "Diluted EPS": 0.11,
        "Total Revenue": 960,
        "Gross Profit": 306,
        "Operating Income": 225,
        "EBIT": 342,
        "Net Income": 45
    },
    "2012-09-30": {
        "Diluted EPS": 0.21,
        "Total Revenue": 410,
        "Gross Profit": 135,
        "Operating Income": 59,
        "EBIT": 116,
        "Net Income": 82
    },
    "2012-06-30": {
        "Diluted EPS": 0.02,
        "Total Revenue": 388,
        "Gross Profit": 103,
        "Operating Income": 38,
        "EBIT": 99,
        "Net Income": 8
    },
    "2012-03-31": {
        "Diluted EPS": 0.34,
        "Total Revenue": 573,
        "Gross Profit": 188,
        "Operating Income": 122,
        "EBIT": 180,
        "Net Income": 134
    },
    "2011-12-31": {
        "Diluted EPS": 0.67,
        "Total Revenue": 982,
        "Gross Profit": 260,
        "Operating Income": 285,
        "EBIT": 397,
        "Net Income": 266
    },
    "2011-09-30": {
        "Diluted EPS": 0.1,
        "Total Revenue": 517,
        "Gross Profit": 161,
        "Operating Income": 84,
        "EBIT": 147,
        "Net Income": 38
    },
    "2011-06-30": {
        "Diluted EPS": 0.15,
        "Total Revenue": 444,
        "Gross Profit": 167,
        "Operating Income": 62,
        "EBIT": 114,
        "Net Income": 56
    },
    "2011-03-31": {
        "Diluted EPS": 0.24,
        "Total Revenue": 472,
        "Gross Profit": 199,
        "Operating Income": 96,
        "EBIT": 146,
        "Net Income": 95
    },
    "2010-12-31": {
        "Diluted EPS": 0.52,
        "Total Revenue": 676,
        "Gross Profit": 325,
        "Operating Income": 173,
        "EBIT": 243,
        "Net Income": 208
    },
    "2010-09-30": {
        "Diluted EPS": 0.25,
        "Total Revenue": 419,
        "Gross Profit": 223,
        "Operating Income": 88,
        "EBIT": 148,
        "Net Income": 98
    },
    "2010-06-30": {
        "Diluted EPS": 0.17,
        "Total Revenue": 531,
        "Gross Profit": 224,
        "Operating Income": 115,
        "EBIT": 178,
        "Net Income": 66
    },
    "2010-03-31": {
        "Diluted EPS": 0.35,
        "Total Revenue": 478,
        "Gross Profit": 236,
        "Operating Income": 140,
        "EBIT": 191,
        "Net Income": 140
    },
    "2009-12-31": {
        "Diluted EPS": 1.45,
        "Total Revenue": 629,
        "Gross Profit": 540,
        "Operating Income": 541,
        "EBIT": 512,
        "Net Income": 571
    },
    "2009-09-30": {
        "Diluted EPS": 0.4,
        "Total Revenue": 632,
        "Gross Profit": 260,
        "Operating Income": 119,
        "EBIT": 216,
        "Net Income": 157
    },
    "2009-06-30": {
        "Diluted EPS": 0.58,
        "Total Revenue": 707,
        "Gross Profit": 305,
        "Operating Income": 176,
        "EBIT": 258,
        "Net Income": 226
    },
    "2009-03-31": {
        "Diluted EPS": 0.18,
        "Total Revenue": 514,
        "Gross Profit": 212,
        "Operating Income": 106,
        "EBIT": 168,
        "Net Income": 69
    },
    "2023-09-30": {
        "Tax Effect Of Unusual Items": NaN,
        "Tax Rate For Calcs": NaN,
        "Normalized EBITDA": NaN,
        "Total Unusual Items": NaN,
        "Total Unusual Items Excluding Goodwill": NaN,
        "Net Income From Continuing Operation Net Minority Interest": NaN,
        "Reconciled Depreciation": NaN,
        "Reconciled Cost Of Revenue": NaN,
        "EBITDA": NaN,
        "EBIT": NaN,
        "Net Interest Income": NaN,
        "Interest Expense": NaN,
        "Interest Income": NaN,
        "Normalized Income": NaN,
        "Net Income From Continuing And Discontinued Operation": NaN,
        "Total Expenses": NaN,
        "Total Operating Income As Reported": NaN,
        "Diluted Average Shares": 435134000.0,
        "Basic Average Shares": 433587000.0,
        "Diluted EPS": 0.34,
        "Basic EPS": 0.34,
        "Diluted NI Availto Com Stockholders": NaN,
        "Net Income Common Stockholders": NaN,
        "Net Income": NaN,
        "Minority Interests": NaN,
        "Net Income Including Noncontrolling Interests": NaN,
        "Net Income Continuous Operations": NaN,
        "Tax Provision": NaN,
        "Pretax Income": NaN,
        "Other Income Expense": NaN,
        "Other Non Operating Income Expenses": NaN,
        "Special Income Charges": NaN,
        "Gain On Sale Of Ppe": NaN,
        "Restructuring And Mergern Acquisition": 0.0,
        "Earnings From Equity Interest": NaN,
        "Gain On Sale Of Security": NaN,
        "Net Non Operating Interest Income Expense": NaN,
        "Total Other Finance Cost": NaN,
        "Interest Expense Non Operating": NaN,
        "Interest Income Non Operating": NaN,
        "Operating Income": NaN,
        "Operating Expense": NaN,
        "Other Operating Expenses": NaN,
        "Research And Development": NaN,
        "Selling General And Administration": NaN,
        "General And Administrative Expense": NaN,
        "Other Gand A": NaN,
        "Gross Profit": NaN,
        "Cost Of Revenue": NaN,
        "Total Revenue": NaN,
        "Operating Revenue": NaN
    },
    "2023-12-31": {
        "Tax Effect Of Unusual Items": NaN,
        "Tax Rate For Calcs": NaN,
        "Normalized EBITDA": NaN,
        "Total Unusual Items": NaN,
        "Total Unusual Items Excluding Goodwill": NaN,
        "Net Income From Continuing Operation Net Minority Interest": NaN,
        "Reconciled Depreciation": NaN,
        "Reconciled Cost Of Revenue": NaN,
        "EBITDA": NaN,
        "EBIT": NaN,
        "Net Interest Income": NaN,
        "Interest Expense": NaN,
        "Interest Income": NaN,
        "Normalized Income": NaN,
        "Net Income From Continuing And Discontinued Operation": NaN,
        "Total Expenses": NaN,
        "Total Operating Income As Reported": NaN,
        "Diluted Average Shares": NaN,
        "Basic Average Shares": NaN,
        "Diluted EPS": NaN,
        "Basic EPS": NaN,
        "Diluted NI Availto Com Stockholders": NaN,
        "Net Income Common Stockholders": NaN,
        "Net Income": NaN,
        "Minority Interests": NaN,
        "Net Income Including Noncontrolling Interests": NaN,
        "Net Income Continuous Operations": NaN,
        "Tax Provision": NaN,
        "Pretax Income": NaN,
        "Other Income Expense": NaN,
        "Other Non Operating Income Expenses": NaN,
        "Special Income Charges": NaN,
        "Gain On Sale Of Ppe": NaN,
        "Restructuring And Mergern Acquisition": 0.0,
        "Earnings From Equity Interest": NaN,
        "Gain On Sale Of Security": NaN,
        "Net Non Operating Interest Income Expense": NaN,
        "Total Other Finance Cost": NaN,
        "Interest Expense Non Operating": NaN,
        "Interest Income Non Operating": NaN,
        "Operating Income": NaN,
        "Operating Expense": NaN,
        "Other Operating Expenses": NaN,
        "Research And Development": NaN,
        "Selling General And Administration": NaN,
        "General And Administrative Expense": NaN,
        "Other Gand A": NaN,
        "Gross Profit": NaN,
        "Cost Of Revenue": NaN,
        "Total Revenue": NaN,
        "Operating Revenue": NaN
    },
    "2024-03-31": {
        "Tax Effect Of Unusual Items": NaN,
        "Tax Rate For Calcs": NaN,
        "Normalized EBITDA": NaN,
        "Total Unusual Items": NaN,
        "Total Unusual Items Excluding Goodwill": NaN,
        "Net Income From Continuing Operation Net Minority Interest": NaN,
        "Reconciled Depreciation": NaN,
        "Reconciled Cost Of Revenue": NaN,
        "EBITDA": NaN,
        "EBIT": NaN,
        "Net Interest Income": NaN,
        "Interest Expense": NaN,
        "Interest Income": NaN,
        "Normalized Income": NaN,
        "Net Income From Continuing And Discontinued Operation": NaN,
        "Total Expenses": NaN,
        "Total Operating Income As Reported": NaN,
        "Diluted Average Shares": 434185000.0,
        "Basic Average Shares": 434185000.0,
        "Diluted EPS": -0.02,
        "Basic EPS": -0.02,
        "Diluted NI Availto Com Stockholders": NaN,
        "Net Income Common Stockholders": NaN,
        "Net Income": NaN,
        "Minority Interests": NaN,
        "Net Income Including Noncontrolling Interests": NaN,
        "Net Income Continuous Operations": NaN,
        "Tax Provision": NaN,
        "Pretax Income": NaN,
        "Other Income Expense": NaN,
        "Other Non Operating Income Expenses": NaN,
        "Special Income Charges": NaN,
        "Gain On Sale Of Ppe": NaN,
        "Restructuring And Mergern Acquisition": NaN,
        "Earnings From Equity Interest": NaN,
        "Gain On Sale Of Security": NaN,
        "Net Non Operating Interest Income Expense": NaN,
        "Total Other Finance Cost": NaN,
        "Interest Expense Non Operating": NaN,
        "Interest Income Non Operating": NaN,
        "Operating Income": NaN,
        "Operating Expense": NaN,
        "Other Operating Expenses": NaN,
        "Research And Development": NaN,
        "Selling General And Administration": NaN,
        "General And Administrative Expense": NaN,
        "Other Gand A": NaN,
        "Gross Profit": NaN,
        "Cost Of Revenue": NaN,
        "Total Revenue": NaN,
        "Operating Revenue": NaN
    },
    "2024-06-30": {
        "Tax Effect Of Unusual Items": -4520010.364229,
        "Tax Rate For Calcs": 0.33358,
        "Normalized EBITDA": 168115000.0,
        "Total Unusual Items": -13550000.0,
        "Total Unusual Items Excluding Goodwill": -13550000.0,
        "Net Income From Continuing Operation Net Minority Interest": 36010000.0,
        "Reconciled Depreciation": 61858000.0,
        "Reconciled Cost Of Revenue": 423138000.0,
        "EBITDA": 154565000.0,
        "EBIT": 92707000.0,
        "Net Interest Income": -35496000.0,
        "Interest Expense": 38675000.0,
        "Interest Income": 7887000.0,
        "Normalized Income": 45039989.635771,
        "Net Income From Continuing And Discontinued Operation": 36010000.0,
        "Total Expenses": 496417000.0,
        "Total Operating Income As Reported": 101999000.0,
        "Diluted Average Shares": 434875000.0,
        "Basic Average Shares": 434875000.0,
        "Diluted EPS": 0.08,
        "Basic EPS": 0.08,
        "Diluted NI Availto Com Stockholders": 36010000.0,
        "Net Income Common Stockholders": 36010000.0,
        "Net Income": 36010000.0,
        "Minority Interests": 2000.0,
        "Net Income Including Noncontrolling Interests": 36008000.0,
        "Net Income Continuous Operations": 36008000.0,
        "Tax Provision": 18024000.0,
        "Pretax Income": 54032000.0,
        "Other Income Expense": -12513000.0,
        "Other Non Operating Income Expenses": 1000.0,
        "Special Income Charges": -42000.0,
        "Gain On Sale Of Ppe": -42000.0,
        "Restructuring And Mergern Acquisition": NaN,
        "Earnings From Equity Interest": 1037000.0,
        "Gain On Sale Of Security": -13508000.0,
        "Net Non Operating Interest Income Expense": -35496000.0,
        "Total Other Finance Cost": 4708000.0,
        "Interest Expense Non Operating": 38675000.0,
        "Interest Income Non Operating": 7887000.0,
        "Operating Income": 102041000.0,
        "Operating Expense": 73279000.0,
        "Other Operating Expenses": -305000.0,
        "Research And Development": 7879000.0,
        "Selling General And Administration": 65705000.0,
        "General And Administrative Expense": 65705000.0,
        "Other Gand A": 65705000.0,
        "Gross Profit": 175320000.0,
        "Cost Of Revenue": 423138000.0,
        "Total Revenue": 598458000.0,
        "Operating Revenue": 598458000.0
    },
    "2024-09-30": {
        "Tax Effect Of Unusual Items": 932550.0,
        "Tax Rate For Calcs": 0.15,
        "Normalized EBITDA": 140763000.0,
        "Total Unusual Items": 6217000.0,
        "Total Unusual Items Excluding Goodwill": 6217000.0,
        "Net Income From Continuing Operation Net Minority Interest": 7427000.0,
        "Reconciled Depreciation": 71130000.0,
        "Reconciled Cost Of Revenue": 549754000.0,
        "EBITDA": 146980000.0,
        "EBIT": 75850000.0,
        "Net Interest Income": -31167000.0,
        "Interest Expense": 30392000.0,
        "Interest Income": 3954000.0,
        "Normalized Income": 2142550.0,
        "Net Income From Continuing And Discontinued Operation": 7427000.0,
        "Total Expenses": 619612000.0,
        "Total Operating Income As Reported": 100340000.0,
        "Diluted Average Shares": 435474000.0,
        "Basic Average Shares": 435181000.0,
        "Diluted EPS": 0.02,
        "Basic EPS": 0.02,
        "Diluted NI Availto Com Stockholders": 7427000.0,
        "Net Income Common Stockholders": 7427000.0,
        "Net Income": 7427000.0,
        "Minority Interests": 1000.0,
        "Net Income Including Noncontrolling Interests": 7426000.0,
        "Net Income Continuous Operations": 7426000.0,
        "Tax Provision": 38032000.0,
        "Pretax Income": 45458000.0,
        "Other Income Expense": -24359000.0,
        "Other Non Operating Income Expenses": 66000.0,
        "Special Income Charges": -644000.0,
        "Gain On Sale Of Ppe": -644000.0,
        "Restructuring And Mergern Acquisition": NaN,
        "Earnings From Equity Interest": -30642000.0,
        "Gain On Sale Of Security": 6861000.0,
        "Net Non Operating Interest Income Expense": -31167000.0,
        "Total Other Finance Cost": 4729000.0,
        "Interest Expense Non Operating": 30392000.0,
        "Interest Income Non Operating": 3954000.0,
        "Operating Income": 100984000.0,
        "Operating Expense": 69858000.0,
        "Other Operating Expenses": 10016000.0,
        "Research And Development": 8927000.0,
        "Selling General And Administration": 50915000.0,
        "General And Administrative Expense": 50915000.0,
        "Other Gand A": 50915000.0,
        "Gross Profit": 170842000.0,
        "Cost Of Revenue": 549754000.0,
        "Total Revenue": 720596000.0,
        "Operating Revenue": 720596000.0
    },
    "2024-12-31": {
        "Tax Effect Of Unusual Items": -12937950.0,
        "Tax Rate For Calcs": 0.15,
        "Normalized EBITDA": 350079000.0,
        "Total Unusual Items": -86253000.0,
        "Total Unusual Items Excluding Goodwill": -86253000.0,
        "Net Income From Continuing Operation Net Minority Interest": 135473000.0,
        "Reconciled Depreciation": 104547000.0,
        "Reconciled Cost Of Revenue": 933573000.0,
        "EBITDA": 263826000.0,
        "EBIT": 159279000.0,
        "Net Interest Income": -27458000.0,
        "Interest Expense": 25952000.0,
        "Interest Income": 3065000.0,
        "Normalized Income": 208788050.0,
        "Net Income From Continuing And Discontinued Operation": 135473000.0,
        "Total Expenses": 1002153000.0,
        "Total Operating Income As Reported": 181034000.0,
        "Diluted Average Shares": NaN,
        "Basic Average Shares": NaN,
        "Diluted EPS": NaN,
        "Basic EPS": NaN,
        "Diluted NI Availto Com Stockholders": 135473000.0,
        "Net Income Common Stockholders": 135473000.0,
        "Net Income": 135473000.0,
        "Minority Interests": 4000.0,
        "Net Income Including Noncontrolling Interests": 135469000.0,
        "Net Income Continuous Operations": 135469000.0,
        "Tax Provision": -2142000.0,
        "Pretax Income": 133327000.0,
        "Other Income Expense": -20235000.0,
        "Other Non Operating Income Expenses": 911000.0,
        "Special Income Charges": 14000.0,
        "Gain On Sale Of Ppe": 14000.0,
        "Restructuring And Mergern Acquisition": NaN,
        "Earnings From Equity Interest": 65107000.0,
        "Gain On Sale Of Security": -86267000.0,
        "Net Non Operating Interest Income Expense": -27458000.0,
        "Total Other Finance Cost": 4571000.0,
        "Interest Expense Non Operating": 25952000.0,
        "Interest Income Non Operating": 3065000.0,
        "Operating Income": 181020000.0,
        "Operating Expense": 68580000.0,
        "Other Operating Expenses": -18556000.0,
        "Research And Development": 10414000.0,
        "Selling General And Administration": 76722000.0,
        "General And Administrative Expense": 76722000.0,
        "Other Gand A": 76722000.0,
        "Gross Profit": 249600000.0,
        "Cost Of Revenue": 933573000.0,
        "Total Revenue": 1183173000.0,
        "Operating Revenue": 1183173000.0
    },
    "2025-03-31": {
        "Tax Effect Of Unusual Items": -1802400.0,
        "Tax Rate For Calcs": 0.15,
        "Normalized EBITDA": 221248000.0,
        "Total Unusual Items": -12016000.0,
        "Total Unusual Items Excluding Goodwill": -12016000.0,
        "Net Income From Continuing Operation Net Minority Interest": 69764000.0,
        "Reconciled Depreciation": 60602000.0,
        "Reconciled Cost Of Revenue": 519295000.0,
        "EBITDA": 209232000.0,
        "EBIT": 148630000.0,
        "Net Interest Income": -26409000.0,
        "Interest Expense": 25473000.0,
        "Interest Income": 3689000.0,
        "Normalized Income": 79977600.0,
        "Net Income From Continuing And Discontinued Operation": 69764000.0,
        "Total Expenses": 601404000.0,
        "Total Operating Income As Reported": 185811000.0,
        "Diluted Average Shares": 435514000.0,
        "Basic Average Shares": 435312000.0,
        "Diluted EPS": 0.16,
        "Basic EPS": 0.16,
        "Diluted NI Availto Com Stockholders": 69764000.0,
        "Net Income Common Stockholders": 69764000.0,
        "Net Income": 69764000.0,
        "Minority Interests": 12000.0,
        "Net Income Including Noncontrolling Interests": 69752000.0,
        "Net Income Continuous Operations": 69752000.0,
        "Tax Provision": 53405000.0,
        "Pretax Income": 123157000.0,
        "Other Income Expense": -38462000.0,
        "Other Non Operating Income Expenses": 404000.0,
        "Special Income Charges": -2217000.0,
        "Gain On Sale Of Ppe": -2217000.0,
        "Restructuring And Mergern Acquisition": NaN,
        "Earnings From Equity Interest": -26850000.0,
        "Gain On Sale Of Security": -9799000.0,
        "Net Non Operating Interest Income Expense": -26409000.0,
        "Total Other Finance Cost": 4625000.0,
        "Interest Expense Non Operating": 25473000.0,
        "Interest Income Non Operating": 3689000.0,
        "Operating Income": 188028000.0,
        "Operating Expense": 82109000.0,
        "Other Operating Expenses": 9307000.0,
        "Research And Development": 13982000.0,
        "Selling General And Administration": 58820000.0,
        "General And Administrative Expense": 58820000.0,
        "Other Gand A": 58820000.0,
        "Gross Profit": 270137000.0,
        "Cost Of Revenue": 519295000.0,
        "Total Revenue": 789432000.0,
        "Operating Revenue": 789432000.0
    },
    "2025-06-30": {
        "Tax Effect Of Unusual Items": 10658669.553792,
        "Tax Rate For Calcs": 0.181353,
        "Normalized EBITDA": 442057000.0,
        "Total Unusual Items": 58773000.0,
        "Total Unusual Items Excluding Goodwill": 58773000.0,
        "Net Income From Continuing Operation Net Minority Interest": 320888000.0,
        "Reconciled Depreciation": 86472000.0,
        "Reconciled Cost Of Revenue": 619926000.0,
        "EBITDA": 500830000.0,
        "EBIT": 414358000.0,
        "Net Interest Income": -21570000.0,
        "Interest Expense": 22388000.0,
        "Interest Income": 5407000.0,
        "Normalized Income": 272773669.553792,
        "Net Income From Continuing And Discontinued Operation": 320888000.0,
        "Total Expenses": 711052000.0,
        "Total Operating Income As Reported": 165951000.0,
        "Diluted Average Shares": 435331000.0,
        "Basic Average Shares": 435331000.0,
        "Diluted EPS": 0.74,
        "Basic EPS": 0.74,
        "Diluted NI Availto Com Stockholders": 320888000.0,
        "Net Income Common Stockholders": 320888000.0,
        "Net Income": 320888000.0,
        "Minority Interests": 3000.0,
        "Net Income Including Noncontrolling Interests": 320885000.0,
        "Net Income Continuous Operations": 320885000.0,
        "Tax Provision": 71085000.0,
        "Pretax Income": 391970000.0,
        "Other Income Expense": 247576000.0,
        "Other Non Operating Income Expenses": 382000.0,
        "Special Income Charges": -13000.0,
        "Gain On Sale Of Ppe": -13000.0,
        "Restructuring And Mergern Acquisition": NaN,
        "Earnings From Equity Interest": 188421000.0,
        "Gain On Sale Of Security": 58786000.0,
        "Net Non Operating Interest Income Expense": -21570000.0,
        "Total Other Finance Cost": 4589000.0,
        "Interest Expense Non Operating": 22388000.0,
        "Interest Income Non Operating": 5407000.0,
        "Operating Income": 165964000.0,
        "Operating Expense": 91126000.0,
        "Other Operating Expenses": -4602000.0,
        "Research And Development": -708000.0,
        "Selling General And Administration": 96436000.0,
        "General And Administrative Expense": 96436000.0,
        "Other Gand A": 96436000.0,
        "Gross Profit": 257090000.0,
        "Cost Of Revenue": 619926000.0,
        "Total Revenue": 877016000.0,
        "Operating Revenue": 877016000.0
    }
}