{
    "2023-03-31": {
        "Tax Effect Of Unusual Items": NaN,
        "Tax Rate For Calcs": NaN,
        "Normalized EBITDA": NaN,
        "Total Unusual Items": NaN,
        "Total Unusual Items Excluding Goodwill": NaN,
        "Net Income From Continuing Operation Net Minority Interest": NaN,
        "Reconciled Depreciation": NaN,
        "Reconciled Cost Of Revenue": NaN,
        "EBITDA": NaN,
        "EBIT": NaN,
        "Net Interest Income": NaN,
        "Interest Expense": NaN,
        "Interest Income": NaN,
        "Normalized Income": NaN,
        "Net Income From Continuing And Discontinued Operation": NaN,
        "Total Expenses": NaN,
        "Total Operating Income As Reported": NaN,
        "Diluted Average Shares": NaN,
        "Basic Average Shares": NaN,
        "Diluted EPS": NaN,
        "Basic EPS": NaN,
        "Diluted NI Availto Com Stockholders": NaN,
        "Net Income Common Stockholders": NaN,
        "Preferred Stock Dividends": NaN,
        "Net Income": NaN,
        "Net Income Including Noncontrolling Interests": NaN,
        "Net Income Continuous Operations": NaN,
        "Tax Provision": NaN,
        "Pretax Income": NaN,
        "Other Income Expense": NaN,
        "Other Non Operating Income Expenses": NaN,
        "Special Income Charges": NaN,
        "Other Special Charges": NaN,
        "Restructuring And Mergern Acquisition": 0.0,
        "Net Non Operating Interest Income Expense": NaN,
        "Interest Expense Non Operating": NaN,
        "Interest Income Non Operating": NaN,
        "Operating Income": NaN,
        "Operating Expense": NaN,
        "Depreciation Amortization Depletion Income Statement": NaN,
        "Depreciation And Amortization In Income Statement": NaN,
        "Research And Development": NaN,
        "Selling General And Administration": NaN,
        "Selling And Marketing Expense": NaN,
        "General And Administrative Expense": NaN,
        "Other Gand A": NaN,
        "Gross Profit": NaN,
        "Cost Of Revenue": NaN,
        "Total Revenue": NaN,
        "Operating Revenue": NaN
    },
    "2022-12-31": {
        "Tax Effect Of Unusual Items": NaN,
        "Tax Rate For Calcs": NaN,
        "Normalized EBITDA": NaN,
        "Total Unusual Items": NaN,
        "Total Unusual Items Excluding Goodwill": NaN,
        "Net Income From Continuing Operation Net Minority Interest": NaN,
        "Reconciled Depreciation": NaN,
        "Reconciled Cost Of Revenue": NaN,
        "EBITDA": NaN,
        "EBIT": NaN,
        "Net Interest Income": NaN,
        "Interest Expense": NaN,
        "Interest Income": NaN,
        "Normalized Income": NaN,
        "Net Income From Continuing And Discontinued Operation": NaN,
        "Total Expenses": NaN,
        "Total Operating Income As Reported": NaN,
        "Diluted Average Shares": NaN,
        "Basic Average Shares": NaN,
        "Diluted EPS": NaN,
        "Basic EPS": NaN,
        "Diluted NI Availto Com Stockholders": NaN,
        "Net Income Common Stockholders": NaN,
        "Preferred Stock Dividends": NaN,
        "Net Income": NaN,
        "Net Income Including Noncontrolling Interests": NaN,
        "Net Income Continuous Operations": NaN,
        "Tax Provision": NaN,
        "Pretax Income": NaN,
        "Other Income Expense": NaN,
        "Other Non Operating Income Expenses": NaN,
        "Special Income Charges": NaN,
        "Other Special Charges": NaN,
        "Restructuring And Mergern Acquisition": -200000.0,
        "Net Non Operating Interest Income Expense": NaN,
        "Interest Expense Non Operating": NaN,
        "Interest Income Non Operating": NaN,
        "Operating Income": NaN,
        "Operating Expense": NaN,
        "Depreciation Amortization Depletion Income Statement": NaN,
        "Depreciation And Amortization In Income Statement": NaN,
        "Research And Development": NaN,
        "Selling General And Administration": NaN,
        "Selling And Marketing Expense": NaN,
        "General And Administrative Expense": NaN,
        "Other Gand A": NaN,
        "Gross Profit": NaN,
        "Cost Of Revenue": NaN,
        "Total Revenue": NaN,
        "Operating Revenue": NaN
    },
    "2022-09-30": {
        "Tax Effect Of Unusual Items": 66980.19802,
        "Tax Rate For Calcs": 0.049505,
        "Normalized EBITDA": 2815000.0,
        "Total Unusual Items": 1353000.0,
        "Total Unusual Items Excluding Goodwill": 1353000.0,
        "Net Income From Continuing Operation Net Minority Interest": 1056000.0,
        "Reconciled Depreciation": 2961000.0,
        "Reconciled Cost Of Revenue": 20255000.0,
        "EBITDA": 4168000.0,
        "EBIT": 1207000.0,
        "Net Interest Income": -82000.0,
        "Interest Expense": 96000.0,
        "Interest Income": 14000.0,
        "Normalized Income": -230019.80198,
        "Net Income From Continuing And Discontinued Operation": 1056000.0,
        "Total Expenses": 33388000.0,
        "Total Operating Income As Reported": 1688000.0,
        "Diluted Average Shares": 15148721.0,
        "Basic Average Shares": 15148721.0,
        "Diluted EPS": -0.18,
        "Basic EPS": -0.18,
        "Diluted NI Availto Com Stockholders": -2793000.0,
        "Net Income Common Stockholders": -2793000.0,
        "Preferred Stock Dividends": 3849000.0,
        "Net Income": 1056000.0,
        "Net Income Including Noncontrolling Interests": 1056000.0,
        "Net Income Continuous Operations": 1056000.0,
        "Tax Provision": 55000.0,
        "Pretax Income": 1111000.0,
        "Other Income Expense": 858000.0,
        "Other Non Operating Income Expenses": -495000.0,
        "Special Income Charges": 1353000.0,
        "Other Special Charges": 307000.0,
        "Restructuring And Mergern Acquisition": -1660000.0,
        "Net Non Operating Interest Income Expense": -82000.0,
        "Interest Expense Non Operating": 96000.0,
        "Interest Income Non Operating": 14000.0,
        "Operating Income": 335000.0,
        "Operating Expense": 12982000.0,
        "Depreciation Amortization Depletion Income Statement": 2810000.0,
        "Depreciation And Amortization In Income Statement": 2810000.0,
        "Research And Development": 1168000.0,
        "Selling General And Administration": 9004000.0,
        "Selling And Marketing Expense": 2504000.0,
        "General And Administrative Expense": 6500000.0,
        "Other Gand A": 6500000.0,
        "Gross Profit": 13317000.0,
        "Cost Of Revenue": 20406000.0,
        "Total Revenue": 33723000.0,
        "Operating Revenue": 33723000.0
    },
    "2022-06-30": {
        "Tax Effect Of Unusual Items": 1511.585807,
        "Tax Rate For Calcs": 0.009051,
        "Normalized EBITDA": 5781000.0,
        "Total Unusual Items": 167000.0,
        "Total Unusual Items Excluding Goodwill": 167000.0,
        "Net Income From Continuing Operation Net Minority Interest": 2737000.0,
        "Reconciled Depreciation": 3079000.0,
        "Reconciled Cost Of Revenue": 21644000.0,
        "EBITDA": 5948000.0,
        "EBIT": 2869000.0,
        "Net Interest Income": -104000.0,
        "Interest Expense": 107000.0,
        "Interest Income": 3000.0,
        "Normalized Income": 2571511.585807,
        "Net Income From Continuing And Discontinued Operation": 2737000.0,
        "Total Expenses": 34641000.0,
        "Total Operating Income As Reported": 2754000.0,
        "Diluted Average Shares": 15070147.0,
        "Basic Average Shares": 15070147.0,
        "Diluted EPS": -0.07,
        "Basic EPS": -0.07,
        "Diluted NI Availto Com Stockholders": -1039000.0,
        "Net Income Common Stockholders": -1039000.0,
        "Preferred Stock Dividends": 3776000.0,
        "Net Income": 2737000.0,
        "Net Income Including Noncontrolling Interests": 2737000.0,
        "Net Income Continuous Operations": 2737000.0,
        "Tax Provision": 25000.0,
        "Pretax Income": 2762000.0,
        "Other Income Expense": 279000.0,
        "Other Non Operating Income Expenses": 112000.0,
        "Special Income Charges": 167000.0,
        "Other Special Charges": 463000.0,
        "Restructuring And Mergern Acquisition": -630000.0,
        "Net Non Operating Interest Income Expense": -104000.0,
        "Interest Expense Non Operating": 107000.0,
        "Interest Income Non Operating": 3000.0,
        "Operating Income": 2587000.0,
        "Operating Expense": 12854000.0,
        "Depreciation Amortization Depletion Income Statement": 2936000.0,
        "Depreciation And Amortization In Income Statement": 2936000.0,
        "Research And Development": 1098000.0,
        "Selling General And Administration": 8820000.0,
        "Selling And Marketing Expense": 2426000.0,
        "General And Administrative Expense": 6394000.0,
        "Other Gand A": 6394000.0,
        "Gross Profit": 15441000.0,
        "Cost Of Revenue": 21787000.0,
        "Total Revenue": 37228000.0,
        "Operating Revenue": 37228000.0
    },
    "2022-03-31": {
        "Diluted EPS": -0.19,
        "Total Revenue": 35,
        "Gross Profit": 13,
        "Operating Income": 1,
        "EBIT": 5,
        "Net Income": -3
    },
    "2021-12-31": {
        "Diluted EPS": 0.01,
        "Total Revenue": 37,
        "Gross Profit": 13,
        "Operating Income": 4,
        "EBIT": 8,
        "Net Income": 0
    },
    "2021-09-30": {
        "Diluted EPS": -0.15,
        "Total Revenue": 38,
        "Gross Profit": 14,
        "Operating Income": 1,
        "EBIT": 6,
        "Net Income": -2
    },
    "2021-06-30": {
        "Diluted EPS": -0.27,
        "Total Revenue": 34,
        "Gross Profit": 14,
        "Operating Income": 0,
        "EBIT": 4,
        "Net Income": -4
    },
    "2021-03-31": {
        "Diluted EPS": -0.36,
        "Total Revenue": 30,
        "Gross Profit": 12,
        "Operating Income": -2,
        "EBIT": 2,
        "Net Income": -5
    },
    "2020-12-31": {
        "Diluted EPS": -0.26,
        "Total Revenue": 32,
        "Gross Profit": 13,
        "Operating Income": 0,
        "EBIT": 4,
        "Net Income": -4
    },
    "2020-09-30": {
        "Diluted EPS": -0.46,
        "Total Revenue": 32,
        "Gross Profit": 12,
        "Operating Income": -1,
        "EBIT": 3,
        "Net Income": -6
    },
    "2020-06-30": {
        "Diluted EPS": -0.65,
        "Total Revenue": 20,
        "Gross Profit": 7,
        "Operating Income": -5,
        "EBIT": -2,
        "Net Income": -8
    },
    "2020-03-31": {
        "Diluted EPS": -0.42,
        "Total Revenue": 22,
        "Gross Profit": 8,
        "Operating Income": -3,
        "EBIT": -1,
        "Net Income": -5
    },
    "2019-12-31": {
        "Diluted EPS": -0.12,
        "Total Revenue": 16,
        "Gross Profit": 6,
        "Operating Income": 1,
        "EBIT": 2,
        "Net Income": -1
    },
    "2019-09-30": {
        "Diluted EPS": -0.14,
        "Total Revenue": 17,
        "Gross Profit": 6,
        "Operating Income": 1,
        "EBIT": 2,
        "Net Income": -2
    },
    "2019-06-30": {
        "Diluted EPS": -0.19,
        "Total Revenue": 17,
        "Gross Profit": 5,
        "Operating Income": -1,
        "EBIT": 0,
        "Net Income": -2
    },
    "2019-03-31": {
        "Diluted EPS": -0.15,
        "Total Revenue": 15,
        "Gross Profit": 5,
        "Operating Income": 0,
        "EBIT": 1,
        "Net Income": -2
    },
    "2018-12-31": {
        "Diluted EPS": -0.19,
        "Total Revenue": 17,
        "Gross Profit": 6,
        "Operating Income": -1,
        "EBIT": 0,
        "Net Income": -2
    },
    "2018-09-30": {
        "Diluted EPS": -0.25,
        "Total Revenue": 17,
        "Gross Profit": 5,
        "Operating Income": -2,
        "EBIT": -1,
        "Net Income": -3
    },
    "2018-06-30": {
        "Diluted EPS": -0.09,
        "Total Revenue": 9,
        "Gross Profit": 4,
        "Operating Income": 0,
        "EBIT": 1,
        "Net Income": -1
    },
    "2018-03-31": {
        "Diluted EPS": -0.06,
        "Total Revenue": 8,
        "Gross Profit": 4,
        "Operating Income": 0,
        "EBIT": 1,
        "Net Income": -1
    },
    "2017-12-31": {
        "Diluted EPS": -0.06,
        "Total Revenue": 8,
        "Gross Profit": 4,
        "Operating Income": 0,
        "EBIT": 0,
        "Net Income": -1
    },
    "2017-09-30": {
        "Diluted EPS": -0.14,
        "Total Revenue": 8,
        "Gross Profit": 3,
        "Operating Income": 0,
        "EBIT": 0,
        "Net Income": -2
    },
    "2017-06-30": {
        "Diluted EPS": -0.2,
        "Total Revenue": 8,
        "Gross Profit": 4,
        "Operating Income": -1,
        "EBIT": 0,
        "Net Income": -2
    },
    "2017-03-31": {
        "Diluted EPS": -0.29,
        "Total Revenue": 8,
        "Gross Profit": 3,
        "Operating Income": -2,
        "EBIT": -1,
        "Net Income": -3
    },
    "2016-12-31": {
        "Diluted EPS": -0.42,
        "Total Revenue": 9,
        "Gross Profit": 3,
        "Operating Income": -4,
        "EBIT": -2,
        "Net Income": -4
    },
    "2016-09-30": {
        "Diluted EPS": -0.17,
        "Total Revenue": 5,
        "Gross Profit": 3,
        "Operating Income": -1,
        "EBIT": 0,
        "Net Income": -2
    },
    "2016-06-30": {
        "Diluted EPS": -0.15,
        "Total Revenue": 5,
        "Gross Profit": 3,
        "Operating Income": -1,
        "EBIT": 0,
        "Net Income": -1
    },
    "2016-03-31": {
        "Diluted EPS": -0.21,
        "Total Revenue": 5,
        "Gross Profit": 3,
        "Operating Income": -2,
        "EBIT": -1,
        "Net Income": -2
    },
    "2015-12-31": {
        "Diluted EPS": -0.1,
        "Total Revenue": 5,
        "Gross Profit": 3,
        "Operating Income": -1,
        "EBIT": 1,
        "Net Income": -1
    },
    "2015-09-30": {
        "Diluted EPS": -0.13,
        "Total Revenue": 6,
        "Gross Profit": 3,
        "Operating Income": -1,
        "EBIT": 0,
        "Net Income": -1
    },
    "2015-06-30": {
        "Diluted EPS": -0.15,
        "Total Revenue": 6,
        "Gross Profit": 3,
        "Operating Income": -2,
        "EBIT": 0,
        "Net Income": -1
    },
    "2015-03-31": {
        "Diluted EPS": -0.12,
        "Total Revenue": 6,
        "Gross Profit": 3,
        "Operating Income": -1,
        "EBIT": 0,
        "Net Income": -1
    },
    "2014-12-31": {
        "Diluted EPS": -0.16,
        "Total Revenue": 7,
        "Gross Profit": 2,
        "Operating Income": -1,
        "EBIT": 0,
        "Net Income": -1
    },
    "2014-09-30": {
        "Diluted EPS": -0.34,
        "Total Revenue": 6,
        "Gross Profit": 2,
        "Operating Income": -2,
        "EBIT": -1,
        "Net Income": -3
    },
    "2014-06-30": {
        "Diluted EPS": -0.06,
        "Total Revenue": 3,
        "Gross Profit": 2,
        "Operating Income": 0,
        "EBIT": 0,
        "Net Income": 0
    },
    "2014-03-31": {
        "Diluted EPS": -0.08,
        "Total Revenue": 3,
        "Gross Profit": 1,
        "Operating Income": 0,
        "EBIT": 0,
        "Net Income": 0
    },
    "2013-12-31": {
        "Diluted EPS": 0.01,
        "Total Revenue": 3,
        "Gross Profit": 2,
        "Operating Income": 0,
        "EBIT": 0,
        "Net Income": 0
    },
    "2013-09-30": {
        "Diluted EPS": -0.03,
        "Total Revenue": 3,
        "Gross Profit": 2,
        "Operating Income": 0,
        "EBIT": 0,
        "Net Income": 0
    },
    "2013-06-30": {
        "Diluted EPS": -0.02,
        "Total Revenue": 2,
        "Gross Profit": 1,
        "Operating Income": 0,
        "EBIT": 0,
        "Net Income": 0
    },
    "2013-03-31": {
        "Diluted EPS": 0.0,
        "Total Revenue": 2,
        "Gross Profit": 1,
        "Operating Income": 0,
        "EBIT": 0,
        "Net Income": 0
    },
    "2012-12-31": {
        "Diluted EPS": 0.0,
        "Total Revenue": NaN,
        "Gross Profit": NaN,
        "Operating Income": NaN,
        "EBIT": NaN,
        "Net Income": NaN
    },
    "2023-06-30": {
        "Tax Effect Of Unusual Items": NaN,
        "Tax Rate For Calcs": NaN,
        "Normalized EBITDA": NaN,
        "Total Unusual Items": NaN,
        "Total Unusual Items Excluding Goodwill": NaN,
        "Net Income From Continuing Operation Net Minority Interest": NaN,
        "Reconciled Depreciation": NaN,
        "Reconciled Cost Of Revenue": NaN,
        "EBITDA": NaN,
        "EBIT": NaN,
        "Net Interest Income": NaN,
        "Interest Expense": NaN,
        "Interest Income": NaN,
        "Normalized Income": NaN,
        "Net Income From Continuing And Discontinued Operation": NaN,
        "Total Expenses": NaN,
        "Total Operating Income As Reported": NaN,
        "Diluted Average Shares": 15615760.0,
        "Basic Average Shares": 15615760.0,
        "Diluted EPS": -0.37,
        "Basic EPS": -0.37,
        "Diluted NI Availto Com Stockholders": NaN,
        "Net Income Common Stockholders": NaN,
        "Preferred Stock Dividends": NaN,
        "Net Income": NaN,
        "Net Income Including Noncontrolling Interests": NaN,
        "Net Income Continuous Operations": NaN,
        "Tax Provision": NaN,
        "Pretax Income": NaN,
        "Other Income Expense": NaN,
        "Other Non Operating Income Expenses": NaN,
        "Special Income Charges": NaN,
        "Other Special Charges": NaN,
        "Restructuring And Mergern Acquisition": 0.0,
        "Net Non Operating Interest Income Expense": NaN,
        "Interest Expense Non Operating": NaN,
        "Interest Income Non Operating": NaN,
        "Operating Income": NaN,
        "Operating Expense": NaN,
        "Depreciation Amortization Depletion Income Statement": NaN,
        "Depreciation And Amortization In Income Statement": NaN,
        "Research And Development": NaN,
        "Selling General And Administration": NaN,
        "Selling And Marketing Expense": NaN,
        "General And Administrative Expense": NaN,
        "Other Gand A": NaN,
        "Gross Profit": NaN,
        "Cost Of Revenue": NaN,
        "Total Revenue": NaN,
        "Operating Revenue": NaN
    },
    "2023-09-30": {
        "Tax Effect Of Unusual Items": NaN,
        "Tax Rate For Calcs": NaN,
        "Normalized EBITDA": NaN,
        "Total Unusual Items": NaN,
        "Total Unusual Items Excluding Goodwill": NaN,
        "Net Income From Continuing Operation Net Minority Interest": NaN,
        "Reconciled Depreciation": NaN,
        "Reconciled Cost Of Revenue": NaN,
        "EBITDA": NaN,
        "EBIT": NaN,
        "Net Interest Income": NaN,
        "Interest Expense": NaN,
        "Interest Income": NaN,
        "Normalized Income": NaN,
        "Net Income From Continuing And Discontinued Operation": NaN,
        "Total Expenses": NaN,
        "Total Operating Income As Reported": NaN,
        "Diluted Average Shares": NaN,
        "Basic Average Shares": NaN,
        "Diluted EPS": NaN,
        "Basic EPS": NaN,
        "Diluted NI Availto Com Stockholders": NaN,
        "Net Income Common Stockholders": NaN,
        "Preferred Stock Dividends": NaN,
        "Net Income": NaN,
        "Net Income Including Noncontrolling Interests": NaN,
        "Net Income Continuous Operations": NaN,
        "Tax Provision": NaN,
        "Pretax Income": NaN,
        "Other Income Expense": NaN,
        "Other Non Operating Income Expenses": NaN,
        "Special Income Charges": NaN,
        "Other Special Charges": NaN,
        "Restructuring And Mergern Acquisition": 0.0,
        "Net Non Operating Interest Income Expense": NaN,
        "Interest Expense Non Operating": NaN,
        "Interest Income Non Operating": NaN,
        "Operating Income": NaN,
        "Operating Expense": NaN,
        "Depreciation Amortization Depletion Income Statement": NaN,
        "Depreciation And Amortization In Income Statement": NaN,
        "Research And Development": NaN,
        "Selling General And Administration": NaN,
        "Selling And Marketing Expense": NaN,
        "General And Administrative Expense": NaN,
        "Other Gand A": NaN,
        "Gross Profit": NaN,
        "Cost Of Revenue": NaN,
        "Total Revenue": NaN,
        "Operating Revenue": NaN
    },
    "2023-12-31": {
        "Tax Effect Of Unusual Items": NaN,
        "Tax Rate For Calcs": NaN,
        "Normalized EBITDA": NaN,
        "Total Unusual Items": NaN,
        "Total Unusual Items Excluding Goodwill": NaN,
        "Net Income From Continuing Operation Net Minority Interest": NaN,
        "Reconciled Depreciation": NaN,
        "Reconciled Cost Of Revenue": NaN,
        "EBITDA": NaN,
        "EBIT": NaN,
        "Net Interest Income": NaN,
        "Interest Expense": NaN,
        "Interest Income": NaN,
        "Normalized Income": NaN,
        "Net Income From Continuing And Discontinued Operation": NaN,
        "Total Expenses": NaN,
        "Total Operating Income As Reported": NaN,
        "Diluted Average Shares": NaN,
        "Basic Average Shares": NaN,
        "Diluted EPS": NaN,
        "Basic EPS": NaN,
        "Diluted NI Availto Com Stockholders": NaN,
        "Net Income Common Stockholders": NaN,
        "Preferred Stock Dividends": NaN,
        "Net Income": NaN,
        "Net Income Including Noncontrolling Interests": NaN,
        "Net Income Continuous Operations": NaN,
        "Tax Provision": NaN,
        "Pretax Income": NaN,
        "Other Income Expense": NaN,
        "Other Non Operating Income Expenses": NaN,
        "Special Income Charges": NaN,
        "Other Special Charges": 675000.0,
        "Restructuring And Mergern Acquisition": 0.0,
        "Net Non Operating Interest Income Expense": NaN,
        "Interest Expense Non Operating": NaN,
        "Interest Income Non Operating": NaN,
        "Operating Income": NaN,
        "Operating Expense": NaN,
        "Depreciation Amortization Depletion Income Statement": NaN,
        "Depreciation And Amortization In Income Statement": NaN,
        "Research And Development": NaN,
        "Selling General And Administration": NaN,
        "Selling And Marketing Expense": NaN,
        "General And Administrative Expense": NaN,
        "Other Gand A": NaN,
        "Gross Profit": NaN,
        "Cost Of Revenue": NaN,
        "Total Revenue": NaN,
        "Operating Revenue": NaN
    },
    "2024-03-31": {
        "Tax Effect Of Unusual Items": -67620.0,
        "Tax Rate For Calcs": 0.21,
        "Normalized EBITDA": 4505000.0,
        "Total Unusual Items": -322000.0,
        "Total Unusual Items Excluding Goodwill": -322000.0,
        "Net Income From Continuing Operation Net Minority Interest": -241000.0,
        "Reconciled Depreciation": 4020000.0,
        "Reconciled Cost Of Revenue": 15087000.0,
        "EBITDA": 4183000.0,
        "EBIT": 163000.0,
        "Net Interest Income": -338000.0,
        "Interest Expense": 365000.0,
        "Interest Income": 27000.0,
        "Normalized Income": 13380.0,
        "Net Income From Continuing And Discontinued Operation": -241000.0,
        "Total Expenses": 25511000.0,
        "Total Operating Income As Reported": 129000.0,
        "Diluted Average Shares": 16014309.0,
        "Basic Average Shares": 16014309.0,
        "Diluted EPS": -0.1,
        "Basic EPS": -0.1,
        "Diluted NI Availto Com Stockholders": -1553000.0,
        "Net Income Common Stockholders": -1553000.0,
        "Preferred Stock Dividends": 1312000.0,
        "Net Income": -241000.0,
        "Net Income Including Noncontrolling Interests": -241000.0,
        "Net Income Continuous Operations": -241000.0,
        "Tax Provision": 39000.0,
        "Pretax Income": -202000.0,
        "Other Income Expense": -315000.0,
        "Other Non Operating Income Expenses": 7000.0,
        "Special Income Charges": -322000.0,
        "Other Special Charges": 322000.0,
        "Restructuring And Mergern Acquisition": 322000.0,
        "Net Non Operating Interest Income Expense": -338000.0,
        "Interest Expense Non Operating": 365000.0,
        "Interest Income Non Operating": 27000.0,
        "Operating Income": 451000.0,
        "Operating Expense": 10334000.0,
        "Depreciation Amortization Depletion Income Statement": 3930000.0,
        "Depreciation And Amortization In Income Statement": 3930000.0,
        "Research And Development": 913000.0,
        "Selling General And Administration": 5491000.0,
        "Selling And Marketing Expense": 1770000.0,
        "General And Administrative Expense": 3721000.0,
        "Other Gand A": 3721000.0,
        "Gross Profit": 10785000.0,
        "Cost Of Revenue": 15177000.0,
        "Total Revenue": 25962000.0,
        "Operating Revenue": 25962000.0
    },
    "2024-06-30": {
        "Tax Effect Of Unusual Items": -2640.980736,
        "Tax Rate For Calcs": 0.022767,
        "Normalized EBITDA": 5915000.0,
        "Total Unusual Items": -116000.0,
        "Total Unusual Items Excluding Goodwill": -116000.0,
        "Net Income From Continuing Operation Net Minority Interest": 1674000.0,
        "Reconciled Depreciation": 3798000.0,
        "Reconciled Cost Of Revenue": 15158000.0,
        "EBITDA": 5799000.0,
        "EBIT": 2001000.0,
        "Net Interest Income": -264000.0,
        "Interest Expense": 288000.0,
        "Interest Income": 24000.0,
        "Normalized Income": 1787359.019264,
        "Net Income From Continuing And Discontinued Operation": 1674000.0,
        "Total Expenses": 25703000.0,
        "Total Operating Income As Reported": 2271000.0,
        "Diluted Average Shares": 16132420.0,
        "Basic Average Shares": 16132420.0,
        "Diluted EPS": -0.14,
        "Basic EPS": -0.14,
        "Diluted NI Availto Com Stockholders": -2249000.0,
        "Net Income Common Stockholders": -2249000.0,
        "Preferred Stock Dividends": 3923000.0,
        "Net Income": 1674000.0,
        "Net Income Including Noncontrolling Interests": 1674000.0,
        "Net Income Continuous Operations": 1674000.0,
        "Tax Provision": 39000.0,
        "Pretax Income": 1713000.0,
        "Other Income Expense": -410000.0,
        "Other Non Operating Income Expenses": -294000.0,
        "Special Income Charges": -116000.0,
        "Other Special Charges": 116000.0,
        "Restructuring And Mergern Acquisition": NaN,
        "Net Non Operating Interest Income Expense": -264000.0,
        "Interest Expense Non Operating": 288000.0,
        "Interest Income Non Operating": 24000.0,
        "Operating Income": 2387000.0,
        "Operating Expense": 10461000.0,
        "Depreciation Amortization Depletion Income Statement": 3714000.0,
        "Depreciation And Amortization In Income Statement": 3714000.0,
        "Research And Development": 1055000.0,
        "Selling General And Administration": 5692000.0,
        "Selling And Marketing Expense": 1664000.0,
        "General And Administrative Expense": 4028000.0,
        "Other Gand A": 4028000.0,
        "Gross Profit": 12848000.0,
        "Cost Of Revenue": 15242000.0,
        "Total Revenue": 28090000.0,
        "Operating Revenue": 28090000.0
    },
    "2024-09-30": {
        "Tax Effect Of Unusual Items": -868.479292,
        "Tax Rate For Calcs": 0.012962,
        "Normalized EBITDA": 6729000.0,
        "Total Unusual Items": -67000.0,
        "Total Unusual Items Excluding Goodwill": -67000.0,
        "Net Income From Continuing Operation Net Minority Interest": 3122000.0,
        "Reconciled Depreciation": 3320000.0,
        "Reconciled Cost Of Revenue": 15341000.0,
        "EBITDA": 6662000.0,
        "EBIT": 3342000.0,
        "Net Interest Income": -162000.0,
        "Interest Expense": 179000.0,
        "Interest Income": 17000.0,
        "Normalized Income": 3188131.520708,
        "Net Income From Continuing And Discontinued Operation": 3122000.0,
        "Total Expenses": 25214000.0,
        "Total Operating Income As Reported": 3265000.0,
        "Diluted Average Shares": 16195363.0,
        "Basic Average Shares": 16195363.0,
        "Diluted EPS": -0.04,
        "Basic EPS": -0.04,
        "Diluted NI Availto Com Stockholders": -667000.0,
        "Net Income Common Stockholders": -667000.0,
        "Preferred Stock Dividends": 3789000.0,
        "Net Income": 3122000.0,
        "Net Income Including Noncontrolling Interests": 3122000.0,
        "Net Income Continuous Operations": 3122000.0,
        "Tax Provision": 41000.0,
        "Pretax Income": 3163000.0,
        "Other Income Expense": -7000.0,
        "Other Non Operating Income Expenses": 60000.0,
        "Special Income Charges": -67000.0,
        "Other Special Charges": 67000.0,
        "Restructuring And Mergern Acquisition": NaN,
        "Net Non Operating Interest Income Expense": -162000.0,
        "Interest Expense Non Operating": 179000.0,
        "Interest Income Non Operating": 17000.0,
        "Operating Income": 3332000.0,
        "Operating Expense": 9794000.0,
        "Depreciation Amortization Depletion Income Statement": 3241000.0,
        "Depreciation And Amortization In Income Statement": 3241000.0,
        "Research And Development": 800000.0,
        "Selling General And Administration": 5753000.0,
        "Selling And Marketing Expense": 1375000.0,
        "General And Administrative Expense": 4378000.0,
        "Other Gand A": 4378000.0,
        "Gross Profit": 13126000.0,
        "Cost Of Revenue": 15420000.0,
        "Total Revenue": 28546000.0,
        "Operating Revenue": 28546000.0
    },
    "2024-12-31": {
        "Tax Effect Of Unusual Items": 479.17291,
        "Tax Rate For Calcs": 0.012286,
        "Normalized EBITDA": 8691000.0,
        "Total Unusual Items": 39000.0,
        "Total Unusual Items Excluding Goodwill": 39000.0,
        "Net Income From Continuing Operation Net Minority Interest": 3296000.0,
        "Reconciled Depreciation": 5325000.0,
        "Reconciled Cost Of Revenue": 12935000.0,
        "EBITDA": 8730000.0,
        "EBIT": 3405000.0,
        "Net Interest Income": -48000.0,
        "Interest Expense": 68000.0,
        "Interest Income": 20000.0,
        "Normalized Income": 3257479.17291,
        "Net Income From Continuing And Discontinued Operation": 3296000.0,
        "Total Expenses": 24692000.0,
        "Total Operating Income As Reported": 3456000.0,
        "Diluted Average Shares": 16244211.0,
        "Basic Average Shares": 16244211.0,
        "Diluted EPS": 0.0,
        "Basic EPS": 0.0,
        "Diluted NI Availto Com Stockholders": 10000.0,
        "Net Income Common Stockholders": 10000.0,
        "Preferred Stock Dividends": 3286000.0,
        "Net Income": 3296000.0,
        "Net Income Including Noncontrolling Interests": 3296000.0,
        "Net Income Continuous Operations": 3296000.0,
        "Tax Provision": 41000.0,
        "Pretax Income": 3337000.0,
        "Other Income Expense": -162000.0,
        "Other Non Operating Income Expenses": -201000.0,
        "Special Income Charges": -91000.0,
        "Other Special Charges": 91000.0,
        "Restructuring And Mergern Acquisition": NaN,
        "Net Non Operating Interest Income Expense": -48000.0,
        "Interest Expense Non Operating": 68000.0,
        "Interest Income Non Operating": 20000.0,
        "Operating Income": 3547000.0,
        "Operating Expense": 9689000.0,
        "Depreciation Amortization Depletion Income Statement": 3257000.0,
        "Depreciation And Amortization In Income Statement": 3257000.0,
        "Research And Development": 1013000.0,
        "Selling General And Administration": 5419000.0,
        "Selling And Marketing Expense": 1423000.0,
        "General And Administrative Expense": 3996000.0,
        "Other Gand A": 3996000.0,
        "Gross Profit": 13236000.0,
        "Cost Of Revenue": 15003000.0,
        "Total Revenue": 28239000.0,
        "Operating Revenue": 28239000.0
    },
    "2025-03-31": {
        "Tax Effect Of Unusual Items": -2349.924585,
        "Tax Rate For Calcs": 0.020613,
        "Normalized EBITDA": 5568000.0,
        "Total Unusual Items": -114000.0,
        "Total Unusual Items Excluding Goodwill": -114000.0,
        "Net Income From Continuing Operation Net Minority Interest": 1948000.0,
        "Reconciled Depreciation": 3407000.0,
        "Reconciled Cost Of Revenue": 15394000.0,
        "EBITDA": 5454000.0,
        "EBIT": 2047000.0,
        "Net Interest Income": -16000.0,
        "Interest Expense": 58000.0,
        "Interest Income": 42000.0,
        "Normalized Income": 2059650.075415,
        "Net Income From Continuing And Discontinued Operation": 1948000.0,
        "Total Expenses": 25499000.0,
        "Total Operating Income As Reported": 2019000.0,
        "Diluted Average Shares": 23813943.0,
        "Basic Average Shares": 23813943.0,
        "Diluted EPS": -0.04,
        "Basic EPS": -0.04,
        "Diluted NI Availto Com Stockholders": -863000.0,
        "Net Income Common Stockholders": -863000.0,
        "Preferred Stock Dividends": 2811000.0,
        "Net Income": 1948000.0,
        "Net Income Including Noncontrolling Interests": 1948000.0,
        "Net Income Continuous Operations": 1948000.0,
        "Tax Provision": 41000.0,
        "Pretax Income": 1989000.0,
        "Other Income Expense": -128000.0,
        "Other Non Operating Income Expenses": -14000.0,
        "Special Income Charges": -114000.0,
        "Other Special Charges": NaN,
        "Restructuring And Mergern Acquisition": 114000.0,
        "Net Non Operating Interest Income Expense": -16000.0,
        "Interest Expense Non Operating": 58000.0,
        "Interest Income Non Operating": 42000.0,
        "Operating Income": 2133000.0,
        "Operating Expense": 10035000.0,
        "Depreciation Amortization Depletion Income Statement": 3337000.0,
        "Depreciation And Amortization In Income Statement": 3337000.0,
        "Research And Development": 1235000.0,
        "Selling General And Administration": 5463000.0,
        "Selling And Marketing Expense": 1131000.0,
        "General And Administrative Expense": 4332000.0,
        "Other Gand A": 4332000.0,
        "Gross Profit": 12168000.0,
        "Cost Of Revenue": 15464000.0,
        "Total Revenue": 27632000.0,
        "Operating Revenue": 27632000.0
    }
}