{
    "2023-06-30": {
        "Tax Effect Of Unusual Items": 0.0,
        "Tax Rate For Calcs": 0.1942,
        "Net Income From Continuing Operation Net Minority Interest": 13827000.0,
        "Reconciled Depreciation": 1919000.0,
        "Net Interest Income": 47092000.0,
        "Interest Expense": 25072000.0,
        "Interest Income": 72164000.0,
        "Normalized Income": 13827000.0,
        "Net Income From Continuing And Discontinued Operation": 13827000.0,
        "Diluted Average Shares": 20956575.0,
        "Basic Average Shares": 20916861.0,
        "Diluted EPS": 0.61,
        "Basic EPS": 0.61,
        "Diluted NI Availto Com Stockholders": 12678000.0,
        "Net Income Common Stockholders": 12678000.0,
        "Otherunder Preferred Stock Dividend": 74000.0,
        "Preferred Stock Dividends": 1075000.0,
        "Net Income": 13827000.0,
        "Net Income Including Noncontrolling Interests": 13827000.0,
        "Net Income Continuous Operations": 13827000.0,
        "Tax Provision": 3333000.0,
        "Pretax Income": 17160000.0,
        "Gain On Sale Of Security": -214000.0,
        "Selling General And Administration": 18761000.0,
        "Selling And Marketing Expense": 701000.0,
        "General And Administrative Expense": 18060000.0,
        "Insurance And Claims": 1001000.0,
        "Salaries And Wages": 17059000.0,
        "Total Revenue": 53981000.0,
        "Operating Revenue": 53981000.0,
        "Occupancy And Equipment": 3628000.0,
        "Professional Expense And Contract Services Expense": 1002000.0,
        "Other Non Interest Expense": 11025000.0
    },
    "2023-03-31": {
        "Tax Effect Of Unusual Items": 0.0,
        "Tax Rate For Calcs": 0.1918,
        "Net Income From Continuing Operation Net Minority Interest": 16489000.0,
        "Reconciled Depreciation": 1923000.0,
        "Net Interest Income": 47553000.0,
        "Interest Expense": 19001000.0,
        "Interest Income": 66554000.0,
        "Normalized Income": 16489000.0,
        "Net Income From Continuing And Discontinued Operation": 16489000.0,
        "Diluted Average Shares": 21077531.0,
        "Basic Average Shares": 21042579.0,
        "Diluted EPS": 0.73,
        "Basic EPS": 0.73,
        "Diluted NI Availto Com Stockholders": 15336000.0,
        "Net Income Common Stockholders": 15336000.0,
        "Otherunder Preferred Stock Dividend": 78000.0,
        "Preferred Stock Dividends": 1075000.0,
        "Net Income": 16489000.0,
        "Net Income Including Noncontrolling Interests": 16489000.0,
        "Net Income Continuous Operations": 16489000.0,
        "Tax Provision": 3912000.0,
        "Pretax Income": 20401000.0,
        "Gain On Sale Of Security": -264000.0,
        "Selling General And Administration": 18462000.0,
        "Selling And Marketing Expense": 544000.0,
        "General And Administrative Expense": 17918000.0,
        "Insurance And Claims": 873000.0,
        "Salaries And Wages": 17045000.0,
        "Total Revenue": 54191000.0,
        "Operating Revenue": 54191000.0,
        "Occupancy And Equipment": 3566000.0,
        "Professional Expense And Contract Services Expense": 845000.0,
        "Other Non Interest Expense": 9627000.0
    },
    "2022-12-31": {
        "Tax Effect Of Unusual Items": 0.0,
        "Tax Rate For Calcs": 0.200765,
        "Net Income From Continuing Operation Net Minority Interest": 15880000.0,
        "Reconciled Depreciation": 1317000.0,
        "Net Interest Income": 48896000.0,
        "Interest Expense": 11612000.0,
        "Interest Income": 60508000.0,
        "Normalized Income": 15880000.0,
        "Net Income From Continuing And Discontinued Operation": 15880000.0,
        "Diluted Average Shares": 21092770.0,
        "Basic Average Shares": 21007189.0,
        "Diluted EPS": 0.7,
        "Basic EPS": 0.704711,
        "Diluted NI Availto Com Stockholders": 14773000.0,
        "Net Income Common Stockholders": 14773000.0,
        "Otherunder Preferred Stock Dividend": 31000.0,
        "Preferred Stock Dividends": 1076000.0,
        "Net Income": 15880000.0,
        "Net Income Including Noncontrolling Interests": 15880000.0,
        "Net Income Continuous Operations": 15880000.0,
        "Tax Provision": 3989000.0,
        "Pretax Income": 19869000.0,
        "Gain On Sale Of Security": 284000.0,
        "Selling General And Administration": 20475000.0,
        "Selling And Marketing Expense": 1021000.0,
        "General And Administrative Expense": 19454000.0,
        "Insurance And Claims": 654000.0,
        "Salaries And Wages": 18800000.0,
        "Total Revenue": 58525000.0,
        "Operating Revenue": 58525000.0
    },
    "2022-09-30": {
        "Tax Effect Of Unusual Items": 0.0,
        "Tax Rate For Calcs": 0.195928,
        "Net Income From Continuing Operation Net Minority Interest": 16625000.0,
        "Reconciled Depreciation": 23000.0,
        "Net Interest Income": 49908000.0,
        "Interest Expense": 5390000.0,
        "Interest Income": 55298000.0,
        "Normalized Income": 16625000.0,
        "Net Income From Continuing And Discontinued Operation": 16625000.0,
        "Diluted Average Shares": 17287770.0,
        "Basic Average Shares": 17254389.0,
        "Diluted EPS": 0.9,
        "Basic EPS": 0.9,
        "Diluted NI Availto Com Stockholders": 15549000.0,
        "Net Income Common Stockholders": 15549000.0,
        "Otherunder Preferred Stock Dividend": 66000.0,
        "Preferred Stock Dividends": 1076000.0,
        "Net Income": 16625000.0,
        "Net Income Including Noncontrolling Interests": 16625000.0,
        "Net Income Continuous Operations": 16625000.0,
        "Tax Provision": 4051000.0,
        "Pretax Income": 20676000.0,
        "Gain On Sale Of Security": -398000.0,
        "Depreciation Amortization Depletion Income Statement": 23000.0,
        "Depreciation And Amortization In Income Statement": 23000.0,
        "Amortization": 23000.0,
        "Amortization Of Intangibles Income Statement": 23000.0,
        "Selling General And Administration": 19610000.0,
        "Selling And Marketing Expense": 709000.0,
        "General And Administrative Expense": 19610000.0,
        "Other Gand A": 4552000.0,
        "Insurance And Claims": 709000.0,
        "Salaries And Wages": 18901000.0,
        "Total Revenue": 56666000.0,
        "Operating Revenue": 56666000.0
    },
    "2022-06-30": {
        "Tax Effect Of Unusual Items": 0.0,
        "Tax Rate For Calcs": 0.184598,
        "Net Income From Continuing Operation Net Minority Interest": 15438000.0,
        "Reconciled Depreciation": 25000.0,
        "Net Interest Income": 46301000.0,
        "Interest Expense": 3440000.0,
        "Interest Income": 49741000.0,
        "Normalized Income": 15438000.0,
        "Net Income From Continuing And Discontinued Operation": 15438000.0,
        "Diluted Average Shares": 16815000.0,
        "Basic Average Shares": 16782000.0,
        "Diluted EPS": 0.85,
        "Basic EPS": 0.85,
        "Diluted NI Availto Com Stockholders": 14363000.0,
        "Net Income Common Stockholders": 14363000.0,
        "Otherunder Preferred Stock Dividend": 68000.0,
        "Preferred Stock Dividends": 1075000.0,
        "Net Income": 15438000.0,
        "Net Income Including Noncontrolling Interests": 15438000.0,
        "Net Income Continuous Operations": 15438000.0,
        "Tax Provision": 3495000.0,
        "Pretax Income": 18933000.0,
        "Gain On Sale Of Security": -641000.0,
        "Depreciation Amortization Depletion Income Statement": 25000.0,
        "Depreciation And Amortization In Income Statement": 25000.0,
        "Amortization": 25000.0,
        "Amortization Of Intangibles Income Statement": 25000.0,
        "Selling General And Administration": 17481000.0,
        "Selling And Marketing Expense": 537000.0,
        "General And Administrative Expense": 17481000.0,
        "Other Gand A": 4024000.0,
        "Insurance And Claims": 710000.0,
        "Salaries And Wages": 16771000.0,
        "Total Revenue": 53191000.0,
        "Operating Revenue": 53191000.0
    },
    "2022-03-31": {
        "Diluted EPS": 0.84,
        "Total Revenue": 56,
        "Gross Profit": 52,
        "Operating Income": 19,
        "EBIT": NaN,
        "Net Income": 14
    },
    "2021-12-31": {
        "Diluted EPS": 0.8,
        "Total Revenue": 55,
        "Gross Profit": 51,
        "Operating Income": 18,
        "EBIT": NaN,
        "Net Income": 14
    },
    "2021-09-30": {
        "Diluted EPS": 0.82,
        "Total Revenue": 54,
        "Gross Profit": 49,
        "Operating Income": 18,
        "EBIT": NaN,
        "Net Income": 14
    },
    "2021-06-30": {
        "Diluted EPS": 0.76,
        "Total Revenue": 51,
        "Gross Profit": 46,
        "Operating Income": 17,
        "EBIT": NaN,
        "Net Income": 13
    },
    "2021-03-31": {
        "Diluted EPS": 0.78,
        "Total Revenue": 53,
        "Gross Profit": 47,
        "Operating Income": 17,
        "EBIT": NaN,
        "Net Income": 13
    },
    "2020-12-31": {
        "Diluted EPS": 0.39,
        "Total Revenue": 55,
        "Gross Profit": 48,
        "Operating Income": 17,
        "EBIT": NaN,
        "Net Income": 7
    },
    "2020-09-30": {
        "Diluted EPS": 0.47,
        "Total Revenue": 49,
        "Gross Profit": 41,
        "Operating Income": 14,
        "EBIT": NaN,
        "Net Income": 8
    },
    "2020-06-30": {
        "Diluted EPS": 0.54,
        "Total Revenue": 46,
        "Gross Profit": 38,
        "Operating Income": 10,
        "EBIT": NaN,
        "Net Income": 8
    },
    "2020-03-31": {
        "Diluted EPS": 0.57,
        "Total Revenue": 45,
        "Gross Profit": 35,
        "Operating Income": 11,
        "EBIT": NaN,
        "Net Income": 9
    },
    "2019-12-31": {
        "Diluted EPS": 0.69,
        "Total Revenue": 47,
        "Gross Profit": 36,
        "Operating Income": 13,
        "EBIT": NaN,
        "Net Income": 10
    },
    "2019-09-30": {
        "Diluted EPS": 0.68,
        "Total Revenue": 46,
        "Gross Profit": 36,
        "Operating Income": 13,
        "EBIT": NaN,
        "Net Income": 10
    },
    "2019-06-30": {
        "Diluted EPS": 0.64,
        "Total Revenue": 45,
        "Gross Profit": 36,
        "Operating Income": 12,
        "EBIT": NaN,
        "Net Income": 10
    },
    "2019-03-31": {
        "Diluted EPS": 0.62,
        "Total Revenue": 43,
        "Gross Profit": 34,
        "Operating Income": 11,
        "EBIT": NaN,
        "Net Income": 9
    },
    "2018-12-31": {
        "Diluted EPS": 0.6,
        "Total Revenue": 41,
        "Gross Profit": 33,
        "Operating Income": 10,
        "EBIT": NaN,
        "Net Income": 9
    },
    "2018-09-30": {
        "Diluted EPS": 0.6,
        "Total Revenue": 40,
        "Gross Profit": 33,
        "Operating Income": 11,
        "EBIT": NaN,
        "Net Income": 9
    },
    "2018-06-30": {
        "Diluted EPS": 0.55,
        "Total Revenue": 38,
        "Gross Profit": 31,
        "Operating Income": 10,
        "EBIT": NaN,
        "Net Income": 8
    },
    "2018-03-31": {
        "Diluted EPS": 0.46,
        "Total Revenue": 34,
        "Gross Profit": 29,
        "Operating Income": 8,
        "EBIT": NaN,
        "Net Income": 7
    },
    "2017-12-31": {
        "Diluted EPS": 0.23,
        "Total Revenue": 34,
        "Gross Profit": 29,
        "Operating Income": 9,
        "EBIT": NaN,
        "Net Income": 3
    },
    "2017-09-30": {
        "Diluted EPS": 0.47,
        "Total Revenue": 33,
        "Gross Profit": 29,
        "Operating Income": 10,
        "EBIT": NaN,
        "Net Income": 7
    },
    "2017-06-30": {
        "Diluted EPS": 0.44,
        "Total Revenue": 32,
        "Gross Profit": 28,
        "Operating Income": 9,
        "EBIT": NaN,
        "Net Income": 7
    },
    "2017-03-31": {
        "Diluted EPS": 0.43,
        "Total Revenue": 31,
        "Gross Profit": 27,
        "Operating Income": 9,
        "EBIT": NaN,
        "Net Income": 6
    },
    "2016-12-31": {
        "Diluted EPS": 0.35,
        "Total Revenue": 29,
        "Gross Profit": 26,
        "Operating Income": 7,
        "EBIT": NaN,
        "Net Income": 5
    },
    "2016-09-30": {
        "Diluted EPS": 0.44,
        "Total Revenue": 29,
        "Gross Profit": 26,
        "Operating Income": 9,
        "EBIT": NaN,
        "Net Income": 6
    },
    "2016-06-30": {
        "Diluted EPS": 0.28,
        "Total Revenue": 27,
        "Gross Profit": 24,
        "Operating Income": 5,
        "EBIT": NaN,
        "Net Income": 4
    },
    "2016-03-31": {
        "Diluted EPS": 0.35,
        "Total Revenue": 26,
        "Gross Profit": 23,
        "Operating Income": 7,
        "EBIT": NaN,
        "Net Income": 5
    },
    "2015-12-31": {
        "Diluted EPS": 0.38,
        "Total Revenue": 28,
        "Gross Profit": 25,
        "Operating Income": 8,
        "EBIT": NaN,
        "Net Income": 6
    },
    "2015-09-30": {
        "Diluted EPS": 0.38,
        "Total Revenue": 26,
        "Gross Profit": 23,
        "Operating Income": 8,
        "EBIT": NaN,
        "Net Income": 6
    },
    "2015-06-30": {
        "Diluted EPS": 0.39,
        "Total Revenue": 25,
        "Gross Profit": 22,
        "Operating Income": 8,
        "EBIT": NaN,
        "Net Income": 6
    },
    "2015-03-31": {
        "Diluted EPS": 0.39,
        "Total Revenue": 25,
        "Gross Profit": 22,
        "Operating Income": 8,
        "EBIT": NaN,
        "Net Income": 6
    },
    "2014-12-31": {
        "Diluted EPS": 0.46,
        "Total Revenue": 29,
        "Gross Profit": 26,
        "Operating Income": 10,
        "EBIT": NaN,
        "Net Income": 7
    },
    "2014-09-30": {
        "Diluted EPS": 0.39,
        "Total Revenue": 25,
        "Gross Profit": 22,
        "Operating Income": 8,
        "EBIT": NaN,
        "Net Income": 6
    },
    "2014-06-30": {
        "Diluted EPS": 0.39,
        "Total Revenue": 25,
        "Gross Profit": 22,
        "Operating Income": 8,
        "EBIT": NaN,
        "Net Income": 6
    },
    "2014-03-31": {
        "Diluted EPS": 0.36,
        "Total Revenue": 25,
        "Gross Profit": 21,
        "Operating Income": 7,
        "EBIT": NaN,
        "Net Income": 5
    },
    "2013-12-31": {
        "Diluted EPS": 0.33,
        "Total Revenue": 24,
        "Gross Profit": 21,
        "Operating Income": 8,
        "EBIT": NaN,
        "Net Income": 5
    },
    "2013-09-30": {
        "Diluted EPS": 0.38,
        "Total Revenue": 21,
        "Gross Profit": 18,
        "Operating Income": 7,
        "EBIT": NaN,
        "Net Income": 5
    },
    "2013-06-30": {
        "Diluted EPS": 0.24,
        "Total Revenue": 21,
        "Gross Profit": 18,
        "Operating Income": 4,
        "EBIT": NaN,
        "Net Income": 3
    },
    "2013-03-31": {
        "Diluted EPS": 0.34,
        "Total Revenue": 20,
        "Gross Profit": 17,
        "Operating Income": 6,
        "EBIT": NaN,
        "Net Income": 4
    },
    "2012-12-31": {
        "Diluted EPS": 0.31,
        "Total Revenue": 20,
        "Gross Profit": 16,
        "Operating Income": 5,
        "EBIT": NaN,
        "Net Income": 4
    },
    "2012-09-30": {
        "Diluted EPS": 0.37,
        "Total Revenue": 20,
        "Gross Profit": 17,
        "Operating Income": 6,
        "EBIT": NaN,
        "Net Income": 5
    },
    "2012-06-30": {
        "Diluted EPS": 0.35,
        "Total Revenue": 20,
        "Gross Profit": 17,
        "Operating Income": 6,
        "EBIT": NaN,
        "Net Income": 4
    },
    "2012-03-31": {
        "Diluted EPS": 0.35,
        "Total Revenue": 20,
        "Gross Profit": 16,
        "Operating Income": 6,
        "EBIT": NaN,
        "Net Income": 4
    },
    "2011-12-31": {
        "Diluted EPS": 0.31,
        "Total Revenue": 20,
        "Gross Profit": 16,
        "Operating Income": 5,
        "EBIT": NaN,
        "Net Income": 4
    },
    "2011-09-30": {
        "Diluted EPS": 0.33,
        "Total Revenue": 19,
        "Gross Profit": 15,
        "Operating Income": 6,
        "EBIT": NaN,
        "Net Income": 4
    },
    "2011-06-30": {
        "Diluted EPS": 0.32,
        "Total Revenue": 19,
        "Gross Profit": 15,
        "Operating Income": 5,
        "EBIT": NaN,
        "Net Income": 4
    },
    "2011-03-31": {
        "Diluted EPS": 0.27,
        "Total Revenue": 18,
        "Gross Profit": 13,
        "Operating Income": 4,
        "EBIT": NaN,
        "Net Income": 3
    },
    "2010-12-31": {
        "Diluted EPS": 0.22,
        "Total Revenue": 20,
        "Gross Profit": 14,
        "Operating Income": 4,
        "EBIT": NaN,
        "Net Income": 3
    },
    "2010-09-30": {
        "Diluted EPS": 0.25,
        "Total Revenue": 18,
        "Gross Profit": 13,
        "Operating Income": 4,
        "EBIT": NaN,
        "Net Income": 3
    },
    "2010-06-30": {
        "Diluted EPS": 0.34,
        "Total Revenue": 17,
        "Gross Profit": 13,
        "Operating Income": 4,
        "EBIT": NaN,
        "Net Income": 3
    },
    "2010-03-31": {
        "Diluted EPS": 0.25,
        "Total Revenue": 16,
        "Gross Profit": 12,
        "Operating Income": 3,
        "EBIT": NaN,
        "Net Income": 2
    },
    "2009-12-31": {
        "Diluted EPS": 0.17,
        "Total Revenue": 15,
        "Gross Profit": 10,
        "Operating Income": 2,
        "EBIT": NaN,
        "Net Income": 2
    },
    "2009-09-30": {
        "Diluted EPS": 0.26,
        "Total Revenue": 16,
        "Gross Profit": 12,
        "Operating Income": 3,
        "EBIT": NaN,
        "Net Income": 2
    },
    "2009-06-30": {
        "Diluted EPS": 0.29,
        "Total Revenue": 17,
        "Gross Profit": 12,
        "Operating Income": 3,
        "EBIT": NaN,
        "Net Income": 2
    },
    "2009-03-31": {
        "Diluted EPS": 0.26,
        "Total Revenue": 16,
        "Gross Profit": 11,
        "Operating Income": 3,
        "EBIT": NaN,
        "Net Income": 2
    },
    "2023-09-30": {
        "Tax Effect Of Unusual Items": NaN,
        "Tax Rate For Calcs": NaN,
        "Net Income From Continuing Operation Net Minority Interest": NaN,
        "Reconciled Depreciation": NaN,
        "Net Interest Income": NaN,
        "Interest Expense": NaN,
        "Interest Income": NaN,
        "Normalized Income": NaN,
        "Net Income From Continuing And Discontinued Operation": NaN,
        "Diluted Average Shares": 20899744.0,
        "Basic Average Shares": 20895634.0,
        "Diluted EPS": 0.6,
        "Basic EPS": 0.605437,
        "Diluted NI Availto Com Stockholders": NaN,
        "Net Income Common Stockholders": NaN,
        "Otherunder Preferred Stock Dividend": NaN,
        "Preferred Stock Dividends": NaN,
        "Net Income": NaN,
        "Net Income Including Noncontrolling Interests": NaN,
        "Net Income Continuous Operations": NaN,
        "Tax Provision": NaN,
        "Pretax Income": NaN,
        "Gain On Sale Of Security": NaN,
        "Selling General And Administration": NaN,
        "Selling And Marketing Expense": NaN,
        "General And Administrative Expense": NaN,
        "Insurance And Claims": NaN,
        "Salaries And Wages": NaN,
        "Total Revenue": NaN,
        "Operating Revenue": NaN,
        "Occupancy And Equipment": NaN,
        "Professional Expense And Contract Services Expense": NaN,
        "Other Non Interest Expense": NaN
    },
    "2023-12-31": {
        "Tax Effect Of Unusual Items": 0.0,
        "Tax Rate For Calcs": 0.184492,
        "Net Income From Continuing Operation Net Minority Interest": 13977000.0,
        "Reconciled Depreciation": 1936000.0,
        "Net Interest Income": 47593000.0,
        "Interest Expense": 31514000.0,
        "Interest Income": 79107000.0,
        "Normalized Income": 13977000.0,
        "Net Income From Continuing And Discontinued Operation": 13977000.0,
        "Diluted Average Shares": 20896439.0,
        "Basic Average Shares": 20896439.0,
        "Diluted EPS": 0.617378,
        "Basic EPS": 0.617378,
        "Diluted NI Availto Com Stockholders": 12840000.0,
        "Net Income Common Stockholders": 12840000.0,
        "Otherunder Preferred Stock Dividend": 61000.0,
        "Preferred Stock Dividends": 1076000.0,
        "Net Income": 13977000.0,
        "Net Income Including Noncontrolling Interests": 13977000.0,
        "Net Income Continuous Operations": 13977000.0,
        "Tax Provision": 3162000.0,
        "Pretax Income": 17139000.0,
        "Gain On Sale Of Security": 543000.0,
        "Selling General And Administration": 21226000.0,
        "Selling And Marketing Expense": 1048000.0,
        "General And Administrative Expense": 20178000.0,
        "Insurance And Claims": 978000.0,
        "Salaries And Wages": 19200000.0,
        "Total Revenue": 56075000.0,
        "Operating Revenue": 56075000.0,
        "Occupancy And Equipment": 3719000.0,
        "Professional Expense And Contract Services Expense": 1247000.0,
        "Other Non Interest Expense": 11502000.0
    },
    "2024-03-31": {
        "Tax Effect Of Unusual Items": 0.0,
        "Tax Rate For Calcs": 0.1836,
        "Net Income From Continuing Operation Net Minority Interest": 12600000.0,
        "Reconciled Depreciation": 1898000.0,
        "Net Interest Income": 45133000.0,
        "Interest Expense": 32683000.0,
        "Interest Income": 77816000.0,
        "Normalized Income": 12600000.0,
        "Net Income From Continuing And Discontinued Operation": 12600000.0,
        "Diluted Average Shares": 20887088.0,
        "Basic Average Shares": 20823766.0,
        "Diluted EPS": 0.55,
        "Basic EPS": 0.55,
        "Diluted NI Availto Com Stockholders": 11433000.0,
        "Net Income Common Stockholders": 11433000.0,
        "Otherunder Preferred Stock Dividend": 92000.0,
        "Preferred Stock Dividends": 1075000.0,
        "Net Income": 12600000.0,
        "Net Income Including Noncontrolling Interests": 12600000.0,
        "Net Income Continuous Operations": 12600000.0,
        "Tax Provision": 2833000.0,
        "Pretax Income": 15433000.0,
        "Gain On Sale Of Security": 191000.0,
        "Selling General And Administration": 20462000.0,
        "Selling And Marketing Expense": 685000.0,
        "General And Administrative Expense": 19777000.0,
        "Insurance And Claims": 990000.0,
        "Salaries And Wages": 18787000.0,
        "Total Revenue": 52998000.0,
        "Operating Revenue": 52998000.0,
        "Occupancy And Equipment": 3640000.0,
        "Professional Expense And Contract Services Expense": 1172000.0,
        "Other Non Interest Expense": 10971000.0
    },
    "2024-06-30": {
        "Tax Effect Of Unusual Items": 0.0,
        "Tax Rate For Calcs": 0.1903,
        "Net Income From Continuing Operation Net Minority Interest": 12957000.0,
        "Reconciled Depreciation": 2023000.0,
        "Net Interest Income": 45625000.0,
        "Interest Expense": 34935000.0,
        "Interest Income": 80560000.0,
        "Normalized Income": 12957000.0,
        "Net Income From Continuing And Discontinued Operation": 12957000.0,
        "Diluted Average Shares": 20893396.0,
        "Basic Average Shares": 20830511.0,
        "Diluted EPS": 0.56,
        "Basic EPS": 0.57,
        "Diluted NI Availto Com Stockholders": 11781000.0,
        "Net Income Common Stockholders": 11781000.0,
        "Otherunder Preferred Stock Dividend": 101000.0,
        "Preferred Stock Dividends": 1075000.0,
        "Net Income": 12957000.0,
        "Net Income Including Noncontrolling Interests": 12957000.0,
        "Net Income Continuous Operations": 12957000.0,
        "Tax Provision": 3045000.0,
        "Pretax Income": 16002000.0,
        "Gain On Sale Of Security": -80000.0,
        "Selling General And Administration": 19247000.0,
        "Selling And Marketing Expense": 553000.0,
        "General And Administrative Expense": 18694000.0,
        "Insurance And Claims": 1018000.0,
        "Salaries And Wages": 17676000.0,
        "Total Revenue": 53704000.0,
        "Operating Revenue": 53704000.0,
        "Occupancy And Equipment": 3580000.0,
        "Professional Expense And Contract Services Expense": 1119000.0,
        "Other Non Interest Expense": 11165000.0
    },
    "2024-09-30": {
        "Tax Effect Of Unusual Items": 0.0,
        "Tax Rate For Calcs": 0.1931,
        "Net Income From Continuing Operation Net Minority Interest": 13954000.0,
        "Reconciled Depreciation": 1940000.0,
        "Net Interest Income": 47391000.0,
        "Interest Expense": 35749000.0,
        "Interest Income": 83140000.0,
        "Normalized Income": 13954000.0,
        "Net Income From Continuing And Discontinued Operation": 13954000.0,
        "Diluted Average Shares": 20911862.0,
        "Basic Average Shares": 20841808.0,
        "Diluted EPS": 0.61,
        "Basic EPS": 0.61,
        "Diluted NI Availto Com Stockholders": 12777000.0,
        "Net Income Common Stockholders": 12777000.0,
        "Otherunder Preferred Stock Dividend": 101000.0,
        "Preferred Stock Dividends": 1076000.0,
        "Net Income": 13954000.0,
        "Net Income Including Noncontrolling Interests": 13954000.0,
        "Net Income Continuous Operations": 13954000.0,
        "Tax Provision": 3340000.0,
        "Pretax Income": 17294000.0,
        "Gain On Sale Of Security": 647000.0,
        "Selling General And Administration": 21041000.0,
        "Selling And Marketing Expense": 623000.0,
        "General And Administrative Expense": 20418000.0,
        "Insurance And Claims": 846000.0,
        "Salaries And Wages": 19572000.0,
        "Total Revenue": 57266000.0,
        "Operating Revenue": 57266000.0,
        "Occupancy And Equipment": 3701000.0,
        "Professional Expense And Contract Services Expense": 940000.0,
        "Other Non Interest Expense": 11909000.0
    },
    "2024-12-31": {
        "Tax Effect Of Unusual Items": 0.0,
        "Tax Rate For Calcs": 0.191412,
        "Net Income From Continuing Operation Net Minority Interest": 15064000.0,
        "Reconciled Depreciation": 2408000.0,
        "Net Interest Income": 48945000.0,
        "Interest Expense": 34634000.0,
        "Interest Income": 83579000.0,
        "Normalized Income": 15064000.0,
        "Net Income From Continuing And Discontinued Operation": 15064000.0,
        "Diluted Average Shares": NaN,
        "Basic Average Shares": NaN,
        "Diluted EPS": NaN,
        "Basic EPS": NaN,
        "Diluted NI Availto Com Stockholders": 13891000.0,
        "Net Income Common Stockholders": 13891000.0,
        "Otherunder Preferred Stock Dividend": 97000.0,
        "Preferred Stock Dividends": 1076000.0,
        "Net Income": 15064000.0,
        "Net Income Including Noncontrolling Interests": 15064000.0,
        "Net Income Continuous Operations": 15064000.0,
        "Tax Provision": 3566000.0,
        "Pretax Income": 18630000.0,
        "Gain On Sale Of Security": 70000.0,
        "Selling General And Administration": 20049000.0,
        "Selling And Marketing Expense": 684000.0,
        "General And Administrative Expense": 19365000.0,
        "Insurance And Claims": 864000.0,
        "Salaries And Wages": 18501000.0,
        "Total Revenue": 58040000.0,
        "Operating Revenue": 58040000.0,
        "Occupancy And Equipment": 3816000.0,
        "Professional Expense And Contract Services Expense": 986000.0,
        "Other Non Interest Expense": 11629000.0
    }
}