{
    "2023-03-31": {
        "Tax Effect Of Unusual Items": NaN,
        "Tax Rate For Calcs": NaN,
        "Normalized EBITDA": NaN,
        "Total Unusual Items": NaN,
        "Total Unusual Items Excluding Goodwill": NaN,
        "Net Income From Continuing Operation Net Minority Interest": NaN,
        "Reconciled Depreciation": NaN,
        "Reconciled Cost Of Revenue": NaN,
        "EBITDA": NaN,
        "EBIT": NaN,
        "Net Interest Income": NaN,
        "Interest Expense": NaN,
        "Normalized Income": NaN,
        "Net Income From Continuing And Discontinued Operation": NaN,
        "Total Expenses": NaN,
        "Total Operating Income As Reported": NaN,
        "Diluted Average Shares": 478501000.0,
        "Basic Average Shares": 478501000.0,
        "Diluted EPS": -0.07,
        "Basic EPS": -0.07,
        "Diluted NI Availto Com Stockholders": NaN,
        "Net Income Common Stockholders": NaN,
        "Net Income": NaN,
        "Minority Interests": NaN,
        "Net Income Including Noncontrolling Interests": NaN,
        "Net Income Discontinuous Operations": NaN,
        "Net Income Continuous Operations": NaN,
        "Tax Provision": NaN,
        "Pretax Income": NaN,
        "Other Income Expense": NaN,
        "Other Non Operating Income Expenses": NaN,
        "Special Income Charges": NaN,
        "Other Special Charges": NaN,
        "Write Off": NaN,
        "Net Non Operating Interest Income Expense": NaN,
        "Interest Expense Non Operating": NaN,
        "Operating Income": NaN,
        "Operating Expense": NaN,
        "Other Operating Expenses": NaN,
        "Depreciation Amortization Depletion Income Statement": NaN,
        "Depreciation And Amortization In Income Statement": NaN,
        "Selling General And Administration": NaN,
        "General And Administrative Expense": NaN,
        "Other Gand A": NaN,
        "Gross Profit": NaN,
        "Cost Of Revenue": NaN,
        "Total Revenue": NaN,
        "Operating Revenue": NaN
    },
    "2022-12-31": {
        "Tax Effect Of Unusual Items": NaN,
        "Tax Rate For Calcs": NaN,
        "Normalized EBITDA": NaN,
        "Total Unusual Items": NaN,
        "Total Unusual Items Excluding Goodwill": NaN,
        "Net Income From Continuing Operation Net Minority Interest": NaN,
        "Reconciled Depreciation": NaN,
        "Reconciled Cost Of Revenue": NaN,
        "EBITDA": NaN,
        "EBIT": NaN,
        "Net Interest Income": NaN,
        "Interest Expense": NaN,
        "Normalized Income": NaN,
        "Net Income From Continuing And Discontinued Operation": NaN,
        "Total Expenses": NaN,
        "Total Operating Income As Reported": NaN,
        "Diluted Average Shares": NaN,
        "Basic Average Shares": NaN,
        "Diluted EPS": NaN,
        "Basic EPS": NaN,
        "Diluted NI Availto Com Stockholders": NaN,
        "Net Income Common Stockholders": NaN,
        "Net Income": NaN,
        "Minority Interests": NaN,
        "Net Income Including Noncontrolling Interests": NaN,
        "Net Income Discontinuous Operations": NaN,
        "Net Income Continuous Operations": NaN,
        "Tax Provision": NaN,
        "Pretax Income": NaN,
        "Other Income Expense": NaN,
        "Other Non Operating Income Expenses": NaN,
        "Special Income Charges": NaN,
        "Other Special Charges": NaN,
        "Write Off": 16870000.0,
        "Net Non Operating Interest Income Expense": NaN,
        "Interest Expense Non Operating": NaN,
        "Operating Income": NaN,
        "Operating Expense": NaN,
        "Other Operating Expenses": NaN,
        "Depreciation Amortization Depletion Income Statement": NaN,
        "Depreciation And Amortization In Income Statement": NaN,
        "Selling General And Administration": NaN,
        "General And Administrative Expense": NaN,
        "Other Gand A": NaN,
        "Gross Profit": NaN,
        "Cost Of Revenue": NaN,
        "Total Revenue": NaN,
        "Operating Revenue": NaN
    },
    "2022-09-30": {
        "Tax Effect Of Unusual Items": NaN,
        "Tax Rate For Calcs": NaN,
        "Normalized EBITDA": NaN,
        "Total Unusual Items": NaN,
        "Total Unusual Items Excluding Goodwill": NaN,
        "Net Income From Continuing Operation Net Minority Interest": NaN,
        "Reconciled Depreciation": NaN,
        "Reconciled Cost Of Revenue": NaN,
        "EBITDA": NaN,
        "EBIT": NaN,
        "Net Interest Income": NaN,
        "Interest Expense": NaN,
        "Normalized Income": NaN,
        "Net Income From Continuing And Discontinued Operation": NaN,
        "Total Expenses": NaN,
        "Total Operating Income As Reported": NaN,
        "Diluted Average Shares": NaN,
        "Basic Average Shares": NaN,
        "Diluted EPS": NaN,
        "Basic EPS": NaN,
        "Diluted NI Availto Com Stockholders": NaN,
        "Net Income Common Stockholders": NaN,
        "Net Income": NaN,
        "Minority Interests": NaN,
        "Net Income Including Noncontrolling Interests": NaN,
        "Net Income Discontinuous Operations": -19982000.0,
        "Net Income Continuous Operations": NaN,
        "Tax Provision": NaN,
        "Pretax Income": NaN,
        "Other Income Expense": NaN,
        "Other Non Operating Income Expenses": NaN,
        "Special Income Charges": NaN,
        "Other Special Charges": NaN,
        "Write Off": 871000.0,
        "Net Non Operating Interest Income Expense": NaN,
        "Interest Expense Non Operating": NaN,
        "Operating Income": NaN,
        "Operating Expense": NaN,
        "Other Operating Expenses": NaN,
        "Depreciation Amortization Depletion Income Statement": NaN,
        "Depreciation And Amortization In Income Statement": NaN,
        "Selling General And Administration": NaN,
        "General And Administrative Expense": NaN,
        "Other Gand A": NaN,
        "Gross Profit": NaN,
        "Cost Of Revenue": NaN,
        "Total Revenue": NaN,
        "Operating Revenue": NaN
    },
    "2022-06-30": {
        "Tax Effect Of Unusual Items": -8722000.0,
        "Tax Rate For Calcs": 0.4,
        "Normalized EBITDA": 148883000.0,
        "Total Unusual Items": -21805000.0,
        "Total Unusual Items Excluding Goodwill": -21805000.0,
        "Net Income From Continuing Operation Net Minority Interest": -65664000.0,
        "Reconciled Depreciation": 82382000.0,
        "Reconciled Cost Of Revenue": 309520000.0,
        "EBITDA": 127078000.0,
        "EBIT": 44696000.0,
        "Net Interest Income": -86594000.0,
        "Interest Expense": 86594000.0,
        "Normalized Income": -52581000.0,
        "Net Income From Continuing And Discontinued Operation": -65664000.0,
        "Total Expenses": 550644000.0,
        "Total Operating Income As Reported": 70931000.0,
        "Diluted Average Shares": 475125000.0,
        "Basic Average Shares": 475125000.0,
        "Diluted EPS": -0.14,
        "Basic EPS": -0.14,
        "Diluted NI Availto Com Stockholders": -65664000.0,
        "Net Income Common Stockholders": -65664000.0,
        "Net Income": -65664000.0,
        "Minority Interests": -347000.0,
        "Net Income Including Noncontrolling Interests": -65317000.0,
        "Net Income Continuous Operations": -65317000.0,
        "Tax Provision": 23419000.0,
        "Pretax Income": -41898000.0,
        "Other Income Expense": -48040000.0,
        "Other Non Operating Income Expenses": -26235000.0,
        "Special Income Charges": -21805000.0,
        "Gain On Sale Of Business": NaN,
        "Write Off": 21805000.0,
        "Net Non Operating Interest Income Expense": -86594000.0,
        "Interest Expense Non Operating": 86594000.0,
        "Operating Income": 92736000.0,
        "Operating Expense": 219319000.0,
        "Other Operating Expenses": 1367000.0,
        "Depreciation Amortization Depletion Income Statement": 60577000.0,
        "Depreciation And Amortization In Income Statement": 60577000.0,
        "Selling General And Administration": 157375000.0,
        "General And Administrative Expense": 157375000.0,
        "Other Gand A": 157375000.0,
        "Gross Profit": 312055000.0,
        "Cost Of Revenue": 331325000.0,
        "Total Revenue": 643380000.0,
        "Operating Revenue": 643380000.0
    },
    "2022-03-31": {
        "Diluted EPS": -0.19,
        "Total Revenue": 526,
        "Gross Profit": 204,
        "Operating Income": -4,
        "EBIT": 57,
        "Net Income": -90
    },
    "2021-12-31": {
        "Diluted EPS": 0.14,
        "Total Revenue": 743,
        "Gross Profit": 387,
        "Operating Income": 147,
        "EBIT": 221,
        "Net Income": 64
    },
    "2021-09-30": {
        "Diluted EPS": -0.09,
        "Total Revenue": 596,
        "Gross Profit": 272,
        "Operating Income": 49,
        "EBIT": 114,
        "Net Income": -41
    },
    "2021-06-30": {
        "Diluted EPS": -0.27,
        "Total Revenue": 531,
        "Gross Profit": 225,
        "Operating Income": 13,
        "EBIT": 76,
        "Net Income": -125
    },
    "2021-03-31": {
        "Diluted EPS": -0.71,
        "Total Revenue": 371,
        "Gross Profit": 88,
        "Operating Income": -225,
        "EBIT": -44,
        "Net Income": -332
    },
    "2020-12-31": {
        "Diluted EPS": -0.06,
        "Total Revenue": 541,
        "Gross Profit": 236,
        "Operating Income": 17,
        "EBIT": 93,
        "Net Income": -32
    },
    "2020-09-30": {
        "Diluted EPS": -0.29,
        "Total Revenue": 448,
        "Gross Profit": 157,
        "Operating Income": -76,
        "EBIT": 14,
        "Net Income": -136
    },
    "2020-06-30": {
        "Diluted EPS": -0.3,
        "Total Revenue": 315,
        "Gross Profit": 60,
        "Operating Income": -69,
        "EBIT": -2,
        "Net Income": -137
    },
    "2020-03-31": {
        "Diluted EPS": -0.6,
        "Total Revenue": 551,
        "Gross Profit": 201,
        "Operating Income": -164,
        "EBIT": 34,
        "Net Income": -277
    },
    "2019-12-31": {
        "Diluted EPS": 0.06,
        "Total Revenue": 745,
        "Gross Profit": 362,
        "Operating Income": 114,
        "EBIT": 199,
        "Net Income": 27
    },
    "2019-09-30": {
        "Diluted EPS": -0.46,
        "Total Revenue": 653,
        "Gross Profit": 295,
        "Operating Income": 48,
        "EBIT": 127,
        "Net Income": -215
    },
    "2019-06-30": {
        "Diluted EPS": -0.03,
        "Total Revenue": 698,
        "Gross Profit": 335,
        "Operating Income": 82,
        "EBIT": 165,
        "Net Income": -11
    },
    "2019-03-31": {
        "Diluted EPS": -0.45,
        "Total Revenue": 587,
        "Gross Profit": 239,
        "Operating Income": 9,
        "EBIT": 87,
        "Net Income": -164
    },
    "2018-12-31": {
        "Diluted EPS": 0.08,
        "Total Revenue": 748,
        "Gross Profit": 373,
        "Operating Income": 116,
        "EBIT": 194,
        "Net Income": 26
    },
    "2018-09-30": {
        "Diluted EPS": -0.18,
        "Total Revenue": 664,
        "Gross Profit": 302,
        "Operating Income": 51,
        "EBIT": 131,
        "Net Income": -65
    },
    "2018-06-30": {
        "Diluted EPS": -0.14,
        "Total Revenue": 712,
        "Gross Profit": 339,
        "Operating Income": 94,
        "EBIT": 179,
        "Net Income": -50
    },
    "2018-03-31": {
        "Diluted EPS": -0.36,
        "Total Revenue": 598,
        "Gross Profit": 237,
        "Operating Income": -10,
        "EBIT": 77,
        "Net Income": -128
    },
    "2017-12-31": {
        "Diluted EPS": -1.5,
        "Total Revenue": 727,
        "Gross Profit": 356,
        "Operating Income": 95,
        "EBIT": 186,
        "Net Income": -544
    },
    "2017-09-30": {
        "Diluted EPS": -0.18,
        "Total Revenue": 644,
        "Gross Profit": 286,
        "Operating Income": 28,
        "EBIT": 112,
        "Net Income": -64
    },
    "2017-06-30": {
        "Diluted EPS": -0.02,
        "Total Revenue": 672,
        "Gross Profit": 320,
        "Operating Income": 88,
        "EBIT": 169,
        "Net Income": -7
    },
    "2017-03-31": {
        "Diluted EPS": -0.08,
        "Total Revenue": 545,
        "Gross Profit": 217,
        "Operating Income": 22,
        "EBIT": 102,
        "Net Income": -29
    },
    "2016-12-31": {
        "Diluted EPS": 0.26,
        "Total Revenue": 714,
        "Gross Profit": 361,
        "Operating Income": 245,
        "EBIT": 334,
        "Net Income": 95
    },
    "2016-09-30": {
        "Diluted EPS": -0.09,
        "Total Revenue": 669,
        "Gross Profit": 307,
        "Operating Income": 61,
        "EBIT": 149,
        "Net Income": -31
    },
    "2016-06-30": {
        "Diluted EPS": -0.19,
        "Total Revenue": 708,
        "Gross Profit": 346,
        "Operating Income": 34,
        "EBIT": 124,
        "Net Income": -69
    },
    "2016-03-31": {
        "Diluted EPS": 0.39,
        "Total Revenue": 589,
        "Gross Profit": 247,
        "Operating Income": 291,
        "EBIT": 379,
        "Net Income": 140
    },
    "2015-12-31": {
        "Diluted EPS": -0.12,
        "Total Revenue": 772,
        "Gross Profit": 385,
        "Operating Income": 116,
        "EBIT": 214,
        "Net Income": -41
    },
    "2015-09-30": {
        "Diluted EPS": -0.06,
        "Total Revenue": 696,
        "Gross Profit": 324,
        "Operating Income": 53,
        "EBIT": 148,
        "Net Income": -23
    },
    "2015-06-30": {
        "Diluted EPS": 0.0,
        "Total Revenue": 723,
        "Gross Profit": 350,
        "Operating Income": 95,
        "EBIT": 191,
        "Net Income": 1
    },
    "2015-03-31": {
        "Diluted EPS": -0.09,
        "Total Revenue": 615,
        "Gross Profit": 252,
        "Operating Income": -3,
        "EBIT": 93,
        "Net Income": -34
    },
    "2014-12-31": {
        "Diluted EPS": 0.12,
        "Total Revenue": 802,
        "Gross Profit": 401,
        "Operating Income": 119,
        "EBIT": 230,
        "Net Income": 43
    },
    "2014-09-30": {
        "Diluted EPS": -0.02,
        "Total Revenue": 743,
        "Gross Profit": 342,
        "Operating Income": 73,
        "EBIT": 176,
        "Net Income": -7
    },
    "2014-06-30": {
        "Diluted EPS": 0.14,
        "Total Revenue": 781,
        "Gross Profit": 368,
        "Operating Income": 96,
        "EBIT": 197,
        "Net Income": 51
    },
    "2014-03-31": {
        "Diluted EPS": -0.27,
        "Total Revenue": 635,
        "Gross Profit": 254,
        "Operating Income": -6,
        "EBIT": 95,
        "Net Income": -97
    },
    "2013-12-31": {
        "Diluted EPS": 0.05,
        "Total Revenue": 806,
        "Gross Profit": 393,
        "Operating Income": 111,
        "EBIT": 220,
        "Net Income": 10
    },
    "2013-09-30": {
        "Diluted EPS": 0.01,
        "Total Revenue": 723,
        "Gross Profit": 327,
        "Operating Income": 74,
        "EBIT": 175,
        "Net Income": 4
    },
    "2013-06-30": {
        "Diluted EPS": 0.02,
        "Total Revenue": 767,
        "Gross Profit": 367,
        "Operating Income": 107,
        "EBIT": 206,
        "Net Income": 9
    },
    "2013-03-31": {
        "Diluted EPS": -0.22,
        "Total Revenue": 650,
        "Gross Profit": 264,
        "Operating Income": -2,
        "EBIT": 101,
        "Net Income": -74
    },
    "2012-12-31": {
        "Diluted EPS": -0.43,
        "Total Revenue": 803,
        "Gross Profit": 390,
        "Operating Income": 61,
        "EBIT": 170,
        "Net Income": -157
    },
    "2012-09-30": {
        "Diluted EPS": 0.05,
        "Total Revenue": 731,
        "Gross Profit": 341,
        "Operating Income": 117,
        "EBIT": 221,
        "Net Income": 17
    },
    "2012-06-30": {
        "Diluted EPS": -0.02,
        "Total Revenue": 761,
        "Gross Profit": 356,
        "Operating Income": 97,
        "EBIT": 200,
        "Net Income": -8
    },
    "2012-03-31": {
        "Diluted EPS": -0.14,
        "Total Revenue": 651,
        "Gross Profit": 257,
        "Operating Income": -9,
        "EBIT": 86,
        "Net Income": -44
    },
    "2011-12-31": {
        "Diluted EPS": 0.06,
        "Total Revenue": 816,
        "Gross Profit": 400,
        "Operating Income": 109,
        "EBIT": 220,
        "Net Income": 20
    },
    "2011-09-30": {
        "Diluted EPS": 0.01,
        "Total Revenue": 748,
        "Gross Profit": 340,
        "Operating Income": 71,
        "EBIT": 192,
        "Net Income": 3
    },
    "2011-06-30": {
        "Diluted EPS": 0.07,
        "Total Revenue": 789,
        "Gross Profit": 374,
        "Operating Income": 106,
        "EBIT": 212,
        "Net Income": 27
    },
    "2011-03-31": {
        "Diluted EPS": -0.03,
        "Total Revenue": 650,
        "Gross Profit": 259,
        "Operating Income": 16,
        "EBIT": 118,
        "Net Income": -10
    },
    "2010-12-31": {
        "Diluted EPS": 0.01,
        "Total Revenue": 793,
        "Gross Profit": 378,
        "Operating Income": 91,
        "EBIT": 201,
        "Net Income": -2
    },
    "2010-09-30": {
        "Diluted EPS": -0.1,
        "Total Revenue": 695,
        "Gross Profit": 314,
        "Operating Income": 42,
        "EBIT": 145,
        "Net Income": -35
    },
    "2010-06-30": {
        "Diluted EPS": -0.03,
        "Total Revenue": 701,
        "Gross Profit": 316,
        "Operating Income": 57,
        "EBIT": 163,
        "Net Income": -9
    },
    "2010-03-31": {
        "Diluted EPS": -0.14,
        "Total Revenue": 609,
        "Gross Profit": 230,
        "Operating Income": -3,
        "EBIT": 99,
        "Net Income": -48
    },
    "2009-12-31": {
        "Diluted EPS": -0.17,
        "Total Revenue": 763,
        "Gross Profit": 309,
        "Operating Income": -56,
        "EBIT": 56,
        "Net Income": -57
    },
    "2009-09-30": {
        "Diluted EPS": -0.1,
        "Total Revenue": 661,
        "Gross Profit": 262,
        "Operating Income": 28,
        "EBIT": 139,
        "Net Income": -34
    },
    "2009-06-30": {
        "Diluted EPS": -1.94,
        "Total Revenue": 692,
        "Gross Profit": 300,
        "Operating Income": -760,
        "EBIT": -645,
        "Net Income": -689
    },
    "2009-03-31": {
        "Diluted EPS": -0.25,
        "Total Revenue": 582,
        "Gross Profit": 203,
        "Operating Income": -27,
        "EBIT": 75,
        "Net Income": -88
    },
    "2023-06-30": {
        "Tax Effect Of Unusual Items": NaN,
        "Tax Rate For Calcs": NaN,
        "Normalized EBITDA": NaN,
        "Total Unusual Items": NaN,
        "Total Unusual Items Excluding Goodwill": NaN,
        "Net Income From Continuing Operation Net Minority Interest": NaN,
        "Reconciled Depreciation": NaN,
        "Reconciled Cost Of Revenue": NaN,
        "EBITDA": NaN,
        "EBIT": NaN,
        "Net Interest Income": NaN,
        "Interest Expense": NaN,
        "Normalized Income": NaN,
        "Net Income From Continuing And Discontinued Operation": NaN,
        "Total Expenses": NaN,
        "Total Operating Income As Reported": NaN,
        "Diluted Average Shares": NaN,
        "Basic Average Shares": NaN,
        "Diluted EPS": NaN,
        "Basic EPS": NaN,
        "Diluted NI Availto Com Stockholders": NaN,
        "Net Income Common Stockholders": NaN,
        "Net Income": NaN,
        "Minority Interests": NaN,
        "Net Income Including Noncontrolling Interests": NaN,
        "Net Income Discontinuous Operations": NaN,
        "Net Income Continuous Operations": NaN,
        "Tax Provision": NaN,
        "Pretax Income": NaN,
        "Other Income Expense": NaN,
        "Other Non Operating Income Expenses": NaN,
        "Special Income Charges": NaN,
        "Other Special Charges": NaN,
        "Write Off": NaN,
        "Net Non Operating Interest Income Expense": NaN,
        "Interest Expense Non Operating": NaN,
        "Operating Income": NaN,
        "Operating Expense": NaN,
        "Other Operating Expenses": NaN,
        "Depreciation Amortization Depletion Income Statement": NaN,
        "Depreciation And Amortization In Income Statement": NaN,
        "Selling General And Administration": NaN,
        "General And Administrative Expense": 89314000.0,
        "Other Gand A": 89314000.0,
        "Gross Profit": NaN,
        "Cost Of Revenue": NaN,
        "Total Revenue": NaN,
        "Operating Revenue": NaN
    },
    "2023-09-30": {
        "Tax Effect Of Unusual Items": NaN,
        "Tax Rate For Calcs": NaN,
        "Normalized EBITDA": NaN,
        "Total Unusual Items": NaN,
        "Total Unusual Items Excluding Goodwill": NaN,
        "Net Income From Continuing Operation Net Minority Interest": NaN,
        "Reconciled Depreciation": NaN,
        "Reconciled Cost Of Revenue": NaN,
        "EBITDA": NaN,
        "EBIT": NaN,
        "Net Interest Income": NaN,
        "Interest Expense": NaN,
        "Normalized Income": NaN,
        "Net Income From Continuing And Discontinued Operation": NaN,
        "Total Expenses": NaN,
        "Total Operating Income As Reported": NaN,
        "Diluted Average Shares": NaN,
        "Basic Average Shares": NaN,
        "Diluted EPS": NaN,
        "Basic EPS": NaN,
        "Diluted NI Availto Com Stockholders": NaN,
        "Net Income Common Stockholders": NaN,
        "Net Income": NaN,
        "Minority Interests": NaN,
        "Net Income Including Noncontrolling Interests": NaN,
        "Net Income Discontinuous Operations": NaN,
        "Net Income Continuous Operations": NaN,
        "Tax Provision": NaN,
        "Pretax Income": NaN,
        "Other Income Expense": NaN,
        "Other Non Operating Income Expenses": NaN,
        "Special Income Charges": NaN,
        "Other Special Charges": -3817000.0,
        "Write Off": 0.0,
        "Net Non Operating Interest Income Expense": NaN,
        "Interest Expense Non Operating": NaN,
        "Operating Income": NaN,
        "Operating Expense": NaN,
        "Other Operating Expenses": NaN,
        "Depreciation Amortization Depletion Income Statement": NaN,
        "Depreciation And Amortization In Income Statement": NaN,
        "Selling General And Administration": NaN,
        "General And Administrative Expense": 87083000.0,
        "Other Gand A": 87083000.0,
        "Gross Profit": NaN,
        "Cost Of Revenue": NaN,
        "Total Revenue": NaN,
        "Operating Revenue": NaN
    },
    "2023-12-31": {
        "Tax Effect Of Unusual Items": NaN,
        "Tax Rate For Calcs": NaN,
        "Normalized EBITDA": NaN,
        "Total Unusual Items": NaN,
        "Total Unusual Items Excluding Goodwill": NaN,
        "Net Income From Continuing Operation Net Minority Interest": NaN,
        "Reconciled Depreciation": NaN,
        "Reconciled Cost Of Revenue": NaN,
        "EBITDA": NaN,
        "EBIT": NaN,
        "Net Interest Income": NaN,
        "Interest Expense": NaN,
        "Normalized Income": NaN,
        "Net Income From Continuing And Discontinued Operation": NaN,
        "Total Expenses": NaN,
        "Total Operating Income As Reported": NaN,
        "Diluted Average Shares": NaN,
        "Basic Average Shares": NaN,
        "Diluted EPS": NaN,
        "Basic EPS": NaN,
        "Diluted NI Availto Com Stockholders": NaN,
        "Net Income Common Stockholders": NaN,
        "Net Income": NaN,
        "Minority Interests": NaN,
        "Net Income Including Noncontrolling Interests": NaN,
        "Net Income Discontinuous Operations": NaN,
        "Net Income Continuous Operations": NaN,
        "Tax Provision": NaN,
        "Pretax Income": NaN,
        "Other Income Expense": NaN,
        "Other Non Operating Income Expenses": NaN,
        "Special Income Charges": NaN,
        "Other Special Charges": 0.0,
        "Write Off": 0.0,
        "Net Non Operating Interest Income Expense": NaN,
        "Interest Expense Non Operating": NaN,
        "Operating Income": NaN,
        "Operating Expense": NaN,
        "Other Operating Expenses": NaN,
        "Depreciation Amortization Depletion Income Statement": NaN,
        "Depreciation And Amortization In Income Statement": NaN,
        "Selling General And Administration": NaN,
        "General And Administrative Expense": 277675000.0,
        "Other Gand A": 277675000.0,
        "Gross Profit": NaN,
        "Cost Of Revenue": NaN,
        "Total Revenue": NaN,
        "Operating Revenue": NaN
    },
    "2024-03-31": {
        "Tax Effect Of Unusual Items": NaN,
        "Tax Rate For Calcs": NaN,
        "Normalized EBITDA": NaN,
        "Total Unusual Items": NaN,
        "Total Unusual Items Excluding Goodwill": NaN,
        "Net Income From Continuing Operation Net Minority Interest": NaN,
        "Reconciled Depreciation": NaN,
        "Reconciled Cost Of Revenue": NaN,
        "EBITDA": NaN,
        "EBIT": NaN,
        "Net Interest Income": NaN,
        "Interest Expense": NaN,
        "Normalized Income": NaN,
        "Net Income From Continuing And Discontinued Operation": NaN,
        "Total Expenses": NaN,
        "Total Operating Income As Reported": NaN,
        "Diluted Average Shares": NaN,
        "Basic Average Shares": NaN,
        "Diluted EPS": NaN,
        "Basic EPS": NaN,
        "Diluted NI Availto Com Stockholders": NaN,
        "Net Income Common Stockholders": NaN,
        "Net Income": NaN,
        "Minority Interests": NaN,
        "Net Income Including Noncontrolling Interests": NaN,
        "Net Income Discontinuous Operations": NaN,
        "Net Income Continuous Operations": NaN,
        "Tax Provision": NaN,
        "Pretax Income": NaN,
        "Other Income Expense": NaN,
        "Other Non Operating Income Expenses": NaN,
        "Special Income Charges": NaN,
        "Other Special Charges": 2393000.0,
        "Write Off": NaN,
        "Net Non Operating Interest Income Expense": NaN,
        "Interest Expense Non Operating": NaN,
        "Operating Income": NaN,
        "Operating Expense": NaN,
        "Other Operating Expenses": NaN,
        "Depreciation Amortization Depletion Income Statement": NaN,
        "Depreciation And Amortization In Income Statement": NaN,
        "Selling General And Administration": NaN,
        "General And Administrative Expense": 59272000.0,
        "Other Gand A": 59272000.0,
        "Gross Profit": NaN,
        "Cost Of Revenue": NaN,
        "Total Revenue": NaN,
        "Operating Revenue": NaN
    },
    "2024-06-30": {
        "Tax Effect Of Unusual Items": NaN,
        "Tax Rate For Calcs": NaN,
        "Normalized EBITDA": NaN,
        "Total Unusual Items": NaN,
        "Total Unusual Items Excluding Goodwill": NaN,
        "Net Income From Continuing Operation Net Minority Interest": NaN,
        "Reconciled Depreciation": NaN,
        "Reconciled Cost Of Revenue": NaN,
        "EBITDA": NaN,
        "EBIT": NaN,
        "Net Interest Income": NaN,
        "Interest Expense": NaN,
        "Normalized Income": NaN,
        "Net Income From Continuing And Discontinued Operation": NaN,
        "Total Expenses": NaN,
        "Total Operating Income As Reported": NaN,
        "Diluted Average Shares": NaN,
        "Basic Average Shares": NaN,
        "Diluted EPS": NaN,
        "Basic EPS": NaN,
        "Diluted NI Availto Com Stockholders": NaN,
        "Net Income Common Stockholders": NaN,
        "Net Income": NaN,
        "Minority Interests": NaN,
        "Net Income Including Noncontrolling Interests": NaN,
        "Net Income Discontinuous Operations": NaN,
        "Net Income Continuous Operations": NaN,
        "Tax Provision": NaN,
        "Pretax Income": NaN,
        "Other Income Expense": NaN,
        "Other Non Operating Income Expenses": NaN,
        "Special Income Charges": NaN,
        "Other Special Charges": NaN,
        "Write Off": 18073000.0,
        "Net Non Operating Interest Income Expense": NaN,
        "Interest Expense Non Operating": NaN,
        "Operating Income": NaN,
        "Operating Expense": NaN,
        "Other Operating Expenses": NaN,
        "Depreciation Amortization Depletion Income Statement": NaN,
        "Depreciation And Amortization In Income Statement": NaN,
        "Selling General And Administration": NaN,
        "General And Administrative Expense": 98897000.0,
        "Other Gand A": 98897000.0,
        "Gross Profit": NaN,
        "Cost Of Revenue": NaN,
        "Total Revenue": NaN,
        "Operating Revenue": NaN
    },
    "2024-09-30": {
        "Tax Effect Of Unusual Items": 0.0,
        "Tax Rate For Calcs": 0.168,
        "Normalized EBITDA": 123498000.0,
        "Total Unusual Items": 0.0,
        "Total Unusual Items Excluding Goodwill": 0.0,
        "Net Income From Continuing Operation Net Minority Interest": -29058000.0,
        "Reconciled Depreciation": 57582000.0,
        "Reconciled Cost Of Revenue": 155746000.0,
        "EBITDA": 123498000.0,
        "EBIT": 65916000.0,
        "Net Interest Income": -99662000.0,
        "Interest Expense": 99662000.0,
        "Normalized Income": -29058000.0,
        "Net Income From Continuing And Discontinued Operation": -32540000.0,
        "Total Expenses": 308452000.0,
        "Total Operating Income As Reported": 66736000.0,
        "Diluted Average Shares": 488947000.0,
        "Basic Average Shares": 488947000.0,
        "Diluted EPS": -0.07,
        "Basic EPS": -0.07,
        "Diluted NI Availto Com Stockholders": -32540000.0,
        "Net Income Common Stockholders": -32540000.0,
        "Net Income": -32540000.0,
        "Minority Interests": -984000.0,
        "Net Income Including Noncontrolling Interests": -31556000.0,
        "Net Income Discontinuous Operations": -3482000.0,
        "Net Income Continuous Operations": -28074000.0,
        "Tax Provision": -5672000.0,
        "Pretax Income": -33746000.0,
        "Other Income Expense": -820000.0,
        "Other Non Operating Income Expenses": -820000.0,
        "Special Income Charges": 0.0,
        "Other Special Charges": NaN,
        "Write Off": 0.0,
        "Net Non Operating Interest Income Expense": -99662000.0,
        "Interest Expense Non Operating": 99662000.0,
        "Operating Income": 66736000.0,
        "Operating Expense": 141346000.0,
        "Other Operating Expenses": 31643000.0,
        "Depreciation Amortization Depletion Income Statement": 46222000.0,
        "Depreciation And Amortization In Income Statement": 46222000.0,
        "Selling General And Administration": 63481000.0,
        "General And Administrative Expense": NaN,
        "Other Gand A": NaN,
        "Gross Profit": 208082000.0,
        "Cost Of Revenue": 167106000.0,
        "Total Revenue": 375188000.0,
        "Operating Revenue": 375188000.0
    },
    "2024-12-31": {
        "Tax Effect Of Unusual Items": 4518780.0,
        "Tax Rate For Calcs": 0.21,
        "Normalized EBITDA": 155088000.0,
        "Total Unusual Items": 21518000.0,
        "Total Unusual Items Excluding Goodwill": 21518000.0,
        "Net Income From Continuing Operation Net Minority Interest": 43483000.0,
        "Reconciled Depreciation": 55744000.0,
        "Reconciled Cost Of Revenue": -146485000.0,
        "EBITDA": 176606000.0,
        "EBIT": 120862000.0,
        "Net Interest Income": -79481000.0,
        "Interest Expense": 79481000.0,
        "Normalized Income": 26483780.0,
        "Net Income From Continuing And Discontinued Operation": -17877000.0,
        "Total Expenses": -193704000.0,
        "Total Operating Income As Reported": 117726000.0,
        "Diluted Average Shares": 489122000.0,
        "Basic Average Shares": 489122000.0,
        "Diluted EPS": -0.036549,
        "Basic EPS": -0.036549,
        "Diluted NI Availto Com Stockholders": -17877000.0,
        "Net Income Common Stockholders": -17877000.0,
        "Net Income": -17877000.0,
        "Minority Interests": -1272000.0,
        "Net Income Including Noncontrolling Interests": -16605000.0,
        "Net Income Discontinuous Operations": -61360000.0,
        "Net Income Continuous Operations": 44755000.0,
        "Tax Provision": -3374000.0,
        "Pretax Income": 41381000.0,
        "Other Income Expense": 21209000.0,
        "Other Non Operating Income Expenses": -2491000.0,
        "Special Income Charges": 20467000.0,
        "Other Special Charges": -2394000.0,
        "Write Off": -18073000.0,
        "Net Non Operating Interest Income Expense": -79481000.0,
        "Interest Expense Non Operating": 79481000.0,
        "Operating Income": 99653000.0,
        "Operating Expense": -47219000.0,
        "Other Operating Expenses": -16959000.0,
        "Depreciation Amortization Depletion Income Statement": 8243000.0,
        "Depreciation And Amortization In Income Statement": 8243000.0,
        "Selling General And Administration": -38503000.0,
        "General And Administrative Expense": NaN,
        "Other Gand A": NaN,
        "Gross Profit": 52434000.0,
        "Cost Of Revenue": -146485000.0,
        "Total Revenue": -94051000.0,
        "Operating Revenue": -94051000.0
    },
    "2025-03-31": {
        "Tax Effect Of Unusual Items": 0.0,
        "Tax Rate For Calcs": 0.21,
        "Normalized EBITDA": 88243000.0,
        "Total Unusual Items": 0.0,
        "Total Unusual Items Excluding Goodwill": 0.0,
        "Net Income From Continuing Operation Net Minority Interest": -56006000.0,
        "Reconciled Depreciation": 43004000.0,
        "Reconciled Cost Of Revenue": 168529000.0,
        "EBITDA": 88243000.0,
        "EBIT": 45239000.0,
        "Net Interest Income": -99361000.0,
        "Interest Expense": 99361000.0,
        "Normalized Income": -56006000.0,
        "Net Income From Continuing And Discontinued Operation": 62509000.0,
        "Total Expenses": 289190000.0,
        "Total Operating Income As Reported": 44990000.0,
        "Diluted Average Shares": 490332000.0,
        "Basic Average Shares": 490332000.0,
        "Diluted EPS": 0.13,
        "Basic EPS": 0.13,
        "Diluted NI Availto Com Stockholders": 62509000.0,
        "Net Income Common Stockholders": 62509000.0,
        "Net Income": 62509000.0,
        "Minority Interests": -704000.0,
        "Net Income Including Noncontrolling Interests": 63213000.0,
        "Net Income Discontinuous Operations": 118515000.0,
        "Net Income Continuous Operations": -55302000.0,
        "Tax Provision": 1180000.0,
        "Pretax Income": -54122000.0,
        "Other Income Expense": 249000.0,
        "Other Non Operating Income Expenses": 249000.0,
        "Special Income Charges": 0.0,
        "Other Special Charges": NaN,
        "Write Off": NaN,
        "Net Non Operating Interest Income Expense": -99361000.0,
        "Interest Expense Non Operating": 99361000.0,
        "Operating Income": 44990000.0,
        "Operating Expense": 120661000.0,
        "Other Operating Expenses": 13995000.0,
        "Depreciation Amortization Depletion Income Statement": 43004000.0,
        "Depreciation And Amortization In Income Statement": 43004000.0,
        "Selling General And Administration": 63662000.0,
        "General And Administrative Expense": 63662000.0,
        "Other Gand A": 63662000.0,
        "Gross Profit": 165651000.0,
        "Cost Of Revenue": 168529000.0,
        "Total Revenue": 334180000.0,
        "Operating Revenue": 334180000.0
    },
    "2025-06-30": {
        "Tax Effect Of Unusual Items": 6047160.0,
        "Tax Rate For Calcs": 0.21,
        "Normalized EBITDA": 121422000.0,
        "Total Unusual Items": 28796000.0,
        "Total Unusual Items Excluding Goodwill": 28796000.0,
        "Net Income From Continuing Operation Net Minority Interest": 5202000.0,
        "Reconciled Depreciation": 43335000.0,
        "Reconciled Cost Of Revenue": 185530000.0,
        "EBITDA": 150218000.0,
        "EBIT": 106883000.0,
        "Net Interest Income": -96026000.0,
        "Interest Expense": 96026000.0,
        "Normalized Income": -17546840.0,
        "Net Income From Continuing And Discontinued Operation": 9520000.0,
        "Total Expenses": 325384000.0,
        "Total Operating Income As Reported": 77424000.0,
        "Diluted Average Shares": 498401000.0,
        "Basic Average Shares": 496792000.0,
        "Diluted EPS": 0.02,
        "Basic EPS": 0.02,
        "Diluted NI Availto Com Stockholders": 9520000.0,
        "Net Income Common Stockholders": 9520000.0,
        "Net Income": 9520000.0,
        "Minority Interests": -1129000.0,
        "Net Income Including Noncontrolling Interests": 10649000.0,
        "Net Income Discontinuous Operations": 4318000.0,
        "Net Income Continuous Operations": 6331000.0,
        "Tax Provision": 4526000.0,
        "Pretax Income": 10857000.0,
        "Other Income Expense": 29459000.0,
        "Other Non Operating Income Expenses": 663000.0,
        "Special Income Charges": 28796000.0,
        "Other Special Charges": -28796000.0,
        "Write Off": NaN,
        "Net Non Operating Interest Income Expense": -96026000.0,
        "Interest Expense Non Operating": 96026000.0,
        "Operating Income": 77424000.0,
        "Operating Expense": 139854000.0,
        "Other Operating Expenses": 30808000.0,
        "Depreciation Amortization Depletion Income Statement": 43335000.0,
        "Depreciation And Amortization In Income Statement": 43335000.0,
        "Selling General And Administration": 65711000.0,
        "General And Administrative Expense": NaN,
        "Other Gand A": NaN,
        "Gross Profit": 217278000.0,
        "Cost Of Revenue": 185530000.0,
        "Total Revenue": 402808000.0,
        "Operating Revenue": 402808000.0
    },
    "2025-09-30": {
        "Tax Effect Of Unusual Items": -9844200.0,
        "Tax Rate For Calcs": 0.225,
        "Normalized EBITDA": 124659000.0,
        "Total Unusual Items": -43752000.0,
        "Total Unusual Items Excluding Goodwill": -43752000.0,
        "Net Income From Continuing Operation Net Minority Interest": -50832000.0,
        "Reconciled Depreciation": 43873000.0,
        "Reconciled Cost Of Revenue": 184430000.0,
        "EBITDA": 80907000.0,
        "EBIT": 37034000.0,
        "Net Interest Income": -101053000.0,
        "Interest Expense": 101053000.0,
        "Normalized Income": -16924200.0,
        "Net Income From Continuing And Discontinued Operation": -60094000.0,
        "Total Expenses": 324920000.0,
        "Total Operating Income As Reported": 80717000.0,
        "Diluted Average Shares": 497030000.0,
        "Basic Average Shares": 497030000.0,
        "Diluted EPS": -0.12,
        "Basic EPS": -0.12,
        "Diluted NI Availto Com Stockholders": -60094000.0,
        "Net Income Common Stockholders": -60094000.0,
        "Net Income": -60094000.0,
        "Minority Interests": -1245000.0,
        "Net Income Including Noncontrolling Interests": -58849000.0,
        "Net Income Discontinuous Operations": -9262000.0,
        "Net Income Continuous Operations": -49587000.0,
        "Tax Provision": -14432000.0,
        "Pretax Income": -64019000.0,
        "Other Income Expense": -43683000.0,
        "Other Non Operating Income Expenses": 69000.0,
        "Special Income Charges": -43752000.0,
        "Other Special Charges": 43752000.0,
        "Write Off": NaN,
        "Net Non Operating Interest Income Expense": -101053000.0,
        "Interest Expense Non Operating": 101053000.0,
        "Operating Income": 80717000.0,
        "Operating Expense": 140490000.0,
        "Other Operating Expenses": 30389000.0,
        "Depreciation Amortization Depletion Income Statement": 43873000.0,
        "Depreciation And Amortization In Income Statement": 43873000.0,
        "Selling General And Administration": 66228000.0,
        "General And Administrative Expense": NaN,
        "Other Gand A": NaN,
        "Gross Profit": 221207000.0,
        "Cost Of Revenue": 184430000.0,
        "Total Revenue": 405637000.0,
        "Operating Revenue": 405637000.0
    }
}