{
    "2023-03-31": {
        "Tax Effect Of Unusual Items": NaN,
        "Tax Rate For Calcs": NaN,
        "Normalized EBITDA": NaN,
        "Total Unusual Items": NaN,
        "Total Unusual Items Excluding Goodwill": NaN,
        "Net Income From Continuing Operation Net Minority Interest": NaN,
        "Reconciled Depreciation": NaN,
        "Reconciled Cost Of Revenue": NaN,
        "EBITDA": NaN,
        "EBIT": NaN,
        "Net Interest Income": NaN,
        "Interest Expense": NaN,
        "Interest Income": NaN,
        "Normalized Income": NaN,
        "Net Income From Continuing And Discontinued Operation": NaN,
        "Total Expenses": NaN,
        "Total Operating Income As Reported": NaN,
        "Diluted Average Shares": NaN,
        "Basic Average Shares": NaN,
        "Diluted EPS": NaN,
        "Basic EPS": NaN,
        "Diluted NI Availto Com Stockholders": NaN,
        "Net Income Common Stockholders": NaN,
        "Net Income": NaN,
        "Net Income Including Noncontrolling Interests": NaN,
        "Net Income Continuous Operations": NaN,
        "Tax Provision": NaN,
        "Pretax Income": NaN,
        "Other Income Expense": NaN,
        "Special Income Charges": NaN,
        "Other Special Charges": NaN,
        "Restructuring And Mergern Acquisition": NaN,
        "Gain On Sale Of Security": 1847000.0,
        "Net Non Operating Interest Income Expense": NaN,
        "Interest Expense Non Operating": NaN,
        "Interest Income Non Operating": NaN,
        "Operating Income": NaN,
        "Operating Expense": NaN,
        "Depreciation Amortization Depletion Income Statement": NaN,
        "Depreciation And Amortization In Income Statement": NaN,
        "Selling General And Administration": NaN,
        "Selling And Marketing Expense": NaN,
        "General And Administrative Expense": 45078000.0,
        "Other Gand A": 38646000.0,
        "Salaries And Wages": 6432000.0,
        "Gross Profit": NaN,
        "Cost Of Revenue": NaN,
        "Total Revenue": NaN,
        "Operating Revenue": NaN
    },
    "2022-12-31": {
        "Tax Effect Of Unusual Items": NaN,
        "Tax Rate For Calcs": NaN,
        "Normalized EBITDA": NaN,
        "Total Unusual Items": NaN,
        "Total Unusual Items Excluding Goodwill": NaN,
        "Net Income From Continuing Operation Net Minority Interest": NaN,
        "Reconciled Depreciation": NaN,
        "Reconciled Cost Of Revenue": NaN,
        "EBITDA": NaN,
        "EBIT": NaN,
        "Net Interest Income": NaN,
        "Interest Expense": NaN,
        "Interest Income": NaN,
        "Normalized Income": NaN,
        "Net Income From Continuing And Discontinued Operation": NaN,
        "Total Expenses": NaN,
        "Total Operating Income As Reported": NaN,
        "Diluted Average Shares": NaN,
        "Basic Average Shares": NaN,
        "Diluted EPS": NaN,
        "Basic EPS": NaN,
        "Diluted NI Availto Com Stockholders": NaN,
        "Net Income Common Stockholders": NaN,
        "Net Income": NaN,
        "Net Income Including Noncontrolling Interests": NaN,
        "Net Income Continuous Operations": NaN,
        "Tax Provision": NaN,
        "Pretax Income": NaN,
        "Other Income Expense": NaN,
        "Special Income Charges": NaN,
        "Other Special Charges": -210000.0,
        "Restructuring And Mergern Acquisition": NaN,
        "Gain On Sale Of Security": NaN,
        "Net Non Operating Interest Income Expense": NaN,
        "Interest Expense Non Operating": NaN,
        "Interest Income Non Operating": NaN,
        "Operating Income": NaN,
        "Operating Expense": NaN,
        "Depreciation Amortization Depletion Income Statement": NaN,
        "Depreciation And Amortization In Income Statement": NaN,
        "Selling General And Administration": NaN,
        "Selling And Marketing Expense": 43892000.0,
        "General And Administrative Expense": 43892000.0,
        "Other Gand A": 43892000.0,
        "Salaries And Wages": NaN,
        "Gross Profit": NaN,
        "Cost Of Revenue": NaN,
        "Total Revenue": NaN,
        "Operating Revenue": NaN
    },
    "2022-09-30": {
        "Tax Effect Of Unusual Items": NaN,
        "Tax Rate For Calcs": NaN,
        "Normalized EBITDA": NaN,
        "Total Unusual Items": NaN,
        "Total Unusual Items Excluding Goodwill": NaN,
        "Net Income From Continuing Operation Net Minority Interest": NaN,
        "Reconciled Depreciation": NaN,
        "Reconciled Cost Of Revenue": NaN,
        "EBITDA": NaN,
        "EBIT": NaN,
        "Net Interest Income": NaN,
        "Interest Expense": NaN,
        "Interest Income": NaN,
        "Normalized Income": NaN,
        "Net Income From Continuing And Discontinued Operation": NaN,
        "Total Expenses": NaN,
        "Total Operating Income As Reported": NaN,
        "Diluted Average Shares": NaN,
        "Basic Average Shares": NaN,
        "Diluted EPS": NaN,
        "Basic EPS": NaN,
        "Diluted NI Availto Com Stockholders": NaN,
        "Net Income Common Stockholders": NaN,
        "Net Income": NaN,
        "Net Income Including Noncontrolling Interests": NaN,
        "Net Income Continuous Operations": NaN,
        "Tax Provision": NaN,
        "Pretax Income": NaN,
        "Other Income Expense": NaN,
        "Special Income Charges": NaN,
        "Other Special Charges": 670000.0,
        "Restructuring And Mergern Acquisition": NaN,
        "Gain On Sale Of Security": NaN,
        "Net Non Operating Interest Income Expense": NaN,
        "Interest Expense Non Operating": NaN,
        "Interest Income Non Operating": NaN,
        "Operating Income": NaN,
        "Operating Expense": NaN,
        "Depreciation Amortization Depletion Income Statement": NaN,
        "Depreciation And Amortization In Income Statement": NaN,
        "Selling General And Administration": NaN,
        "Selling And Marketing Expense": 39114000.0,
        "General And Administrative Expense": NaN,
        "Other Gand A": NaN,
        "Salaries And Wages": NaN,
        "Gross Profit": NaN,
        "Cost Of Revenue": NaN,
        "Total Revenue": NaN,
        "Operating Revenue": NaN
    },
    "2022-06-30": {
        "Tax Effect Of Unusual Items": 1695600.0,
        "Tax Rate For Calcs": 0.4,
        "Normalized EBITDA": 52553000.0,
        "Total Unusual Items": 4239000.0,
        "Total Unusual Items Excluding Goodwill": 4239000.0,
        "Net Income From Continuing Operation Net Minority Interest": 11164000.0,
        "Reconciled Depreciation": 23074000.0,
        "Reconciled Cost Of Revenue": 56511000.0,
        "EBITDA": 56792000.0,
        "EBIT": 33718000.0,
        "Net Interest Income": -14000000.0,
        "Interest Expense": 14000000.0,
        "Interest Income": NaN,
        "Normalized Income": 8620600.0,
        "Net Income From Continuing And Discontinued Operation": 11164000.0,
        "Total Expenses": 118971000.0,
        "Total Operating Income As Reported": 29566000.0,
        "Diluted Average Shares": 47029446.0,
        "Basic Average Shares": 46691142.0,
        "Diluted EPS": 0.24,
        "Basic EPS": 0.24,
        "Diluted NI Availto Com Stockholders": 11164000.0,
        "Net Income Common Stockholders": 11164000.0,
        "Net Income": 11164000.0,
        "Net Income Including Noncontrolling Interests": 11164000.0,
        "Net Income Continuous Operations": 11164000.0,
        "Tax Provision": 8554000.0,
        "Pretax Income": 19718000.0,
        "Other Income Expense": 4239000.0,
        "Special Income Charges": -11798000.0,
        "Gain On Sale Of Ppe": 87000.0,
        "Other Special Charges": 11885000.0,
        "Restructuring And Mergern Acquisition": NaN,
        "Gain On Sale Of Security": 16037000.0,
        "Net Non Operating Interest Income Expense": -14000000.0,
        "Interest Expense Non Operating": 14000000.0,
        "Interest Income Non Operating": NaN,
        "Operating Income": 29479000.0,
        "Operating Expense": 62457000.0,
        "Depreciation Amortization Depletion Income Statement": 23071000.0,
        "Depreciation And Amortization In Income Statement": 23071000.0,
        "Selling General And Administration": 39386000.0,
        "Selling And Marketing Expense": 39386000.0,
        "General And Administrative Expense": NaN,
        "Other Gand A": NaN,
        "Salaries And Wages": NaN,
        "Gross Profit": 91936000.0,
        "Cost Of Revenue": 56514000.0,
        "Total Revenue": 148450000.0,
        "Operating Revenue": 148450000.0
    },
    "2022-03-31": {
        "Diluted EPS": 0.02,
        "Total Revenue": 149,
        "Gross Profit": 92,
        "Operating Income": 29,
        "EBIT": 52,
        "Net Income": 1
    },
    "2021-12-31": {
        "Diluted EPS": 0.39,
        "Total Revenue": 147,
        "Gross Profit": 91,
        "Operating Income": 36,
        "EBIT": 59,
        "Net Income": 19
    },
    "2021-09-30": {
        "Diluted EPS": 0.28,
        "Total Revenue": 148,
        "Gross Profit": 91,
        "Operating Income": 29,
        "EBIT": 52,
        "Net Income": 13
    },
    "2021-06-30": {
        "Diluted EPS": -0.05,
        "Total Revenue": 148,
        "Gross Profit": 92,
        "Operating Income": 28,
        "EBIT": 51,
        "Net Income": -2
    },
    "2021-03-31": {
        "Diluted EPS": 0.41,
        "Total Revenue": 147,
        "Gross Profit": 90,
        "Operating Income": 26,
        "EBIT": 49,
        "Net Income": 19
    },
    "2020-12-31": {
        "Diluted EPS": -0.14,
        "Total Revenue": 144,
        "Gross Profit": 89,
        "Operating Income": 27,
        "EBIT": 50,
        "Net Income": -7
    },
    "2020-09-30": {
        "Diluted EPS": -0.11,
        "Total Revenue": 142,
        "Gross Profit": 88,
        "Operating Income": 26,
        "EBIT": 48,
        "Net Income": -5
    },
    "2020-06-30": {
        "Diluted EPS": 0.18,
        "Total Revenue": 141,
        "Gross Profit": 87,
        "Operating Income": 28,
        "EBIT": 48,
        "Net Income": 9
    },
    "2020-03-31": {
        "Diluted EPS": 0.2,
        "Total Revenue": 141,
        "Gross Profit": 85,
        "Operating Income": 26,
        "EBIT": 46,
        "Net Income": 9
    },
    "2019-12-31": {
        "Diluted EPS": 0.15,
        "Total Revenue": 140,
        "Gross Profit": 84,
        "Operating Income": 28,
        "EBIT": 49,
        "Net Income": 7
    },
    "2019-09-30": {
        "Diluted EPS": 0.3,
        "Total Revenue": 137,
        "Gross Profit": 82,
        "Operating Income": 26,
        "EBIT": 46,
        "Net Income": 14
    },
    "2019-06-30": {
        "Diluted EPS": 0.16,
        "Total Revenue": 135,
        "Gross Profit": 80,
        "Operating Income": 22,
        "EBIT": 42,
        "Net Income": 7
    },
    "2019-03-31": {
        "Diluted EPS": 0.2,
        "Total Revenue": 134,
        "Gross Profit": 80,
        "Operating Income": 24,
        "EBIT": 45,
        "Net Income": 9
    },
    "2018-12-31": {
        "Diluted EPS": 0.16,
        "Total Revenue": 132,
        "Gross Profit": 76,
        "Operating Income": 22,
        "EBIT": 44,
        "Net Income": 7
    },
    "2018-09-30": {
        "Diluted EPS": 0.18,
        "Total Revenue": 130,
        "Gross Profit": 76,
        "Operating Income": 22,
        "EBIT": 43,
        "Net Income": 8
    },
    "2018-06-30": {
        "Diluted EPS": 0.14,
        "Total Revenue": 129,
        "Gross Profit": 75,
        "Operating Income": 21,
        "EBIT": 42,
        "Net Income": 7
    },
    "2018-03-31": {
        "Diluted EPS": 0.15,
        "Total Revenue": 129,
        "Gross Profit": 74,
        "Operating Income": 21,
        "EBIT": 41,
        "Net Income": 7
    },
    "2017-12-31": {
        "Diluted EPS": -0.14,
        "Total Revenue": 125,
        "Gross Profit": 71,
        "Operating Income": 21,
        "EBIT": 40,
        "Net Income": -6
    },
    "2017-09-30": {
        "Diluted EPS": 0.08,
        "Total Revenue": 123,
        "Gross Profit": 69,
        "Operating Income": 18,
        "EBIT": 37,
        "Net Income": 4
    },
    "2017-06-30": {
        "Diluted EPS": 0.1,
        "Total Revenue": 120,
        "Gross Profit": 69,
        "Operating Income": 19,
        "EBIT": 38,
        "Net Income": 4
    },
    "2017-03-31": {
        "Diluted EPS": 0.09,
        "Total Revenue": 117,
        "Gross Profit": 67,
        "Operating Income": 19,
        "EBIT": 37,
        "Net Income": 4
    },
    "2016-12-31": {
        "Diluted EPS": 0.08,
        "Total Revenue": 116,
        "Gross Profit": 66,
        "Operating Income": 15,
        "EBIT": 35,
        "Net Income": 4
    },
    "2016-09-30": {
        "Diluted EPS": 0.08,
        "Total Revenue": 113,
        "Gross Profit": 64,
        "Operating Income": 16,
        "EBIT": 35,
        "Net Income": 3
    },
    "2016-06-30": {
        "Diluted EPS": 0.09,
        "Total Revenue": 110,
        "Gross Profit": 62,
        "Operating Income": 18,
        "EBIT": 37,
        "Net Income": 4
    },
    "2016-03-31": {
        "Diluted EPS": 0.08,
        "Total Revenue": 108,
        "Gross Profit": 61,
        "Operating Income": 16,
        "EBIT": 34,
        "Net Income": 3
    },
    "2015-12-31": {
        "Diluted EPS": 0.06,
        "Total Revenue": 105,
        "Gross Profit": 59,
        "Operating Income": 16,
        "EBIT": 34,
        "Net Income": 2
    },
    "2015-09-30": {
        "Diluted EPS": 0.07,
        "Total Revenue": 103,
        "Gross Profit": 58,
        "Operating Income": 16,
        "EBIT": 33,
        "Net Income": 3
    },
    "2015-06-30": {
        "Diluted EPS": 0.02,
        "Total Revenue": 99,
        "Gross Profit": 56,
        "Operating Income": 11,
        "EBIT": 28,
        "Net Income": 1
    },
    "2015-03-31": {
        "Diluted EPS": -0.04,
        "Total Revenue": 97,
        "Gross Profit": 56,
        "Operating Income": 10,
        "EBIT": 28,
        "Net Income": -2
    },
    "2014-12-31": {
        "Diluted EPS": -0.01,
        "Total Revenue": 97,
        "Gross Profit": 56,
        "Operating Income": 13,
        "EBIT": 30,
        "Net Income": 0
    },
    "2014-09-30": {
        "Diluted EPS": 0.0,
        "Total Revenue": 96,
        "Gross Profit": 55,
        "Operating Income": 14,
        "EBIT": 31,
        "Net Income": 0
    },
    "2014-06-30": {
        "Diluted EPS": 0.03,
        "Total Revenue": 95,
        "Gross Profit": 55,
        "Operating Income": 14,
        "EBIT": 33,
        "Net Income": 1
    },
    "2014-03-31": {
        "Diluted EPS": 0.0,
        "Total Revenue": 93,
        "Gross Profit": 54,
        "Operating Income": 13,
        "EBIT": 32,
        "Net Income": 0
    },
    "2013-12-31": {
        "Diluted EPS": 1.12,
        "Total Revenue": 90,
        "Gross Profit": 51,
        "Operating Income": 12,
        "EBIT": 30,
        "Net Income": 53
    },
    "2013-09-30": {
        "Diluted EPS": 0.05,
        "Total Revenue": 88,
        "Gross Profit": 50,
        "Operating Income": 13,
        "EBIT": 30,
        "Net Income": 2
    },
    "2013-06-30": {
        "Diluted EPS": 0.03,
        "Total Revenue": 86,
        "Gross Profit": 49,
        "Operating Income": 12,
        "EBIT": 29,
        "Net Income": 2
    },
    "2013-03-31": {
        "Diluted EPS": 0.01,
        "Total Revenue": 85,
        "Gross Profit": 47,
        "Operating Income": 10,
        "EBIT": 27,
        "Net Income": 0
    },
    "2012-12-31": {
        "Diluted EPS": 0.0,
        "Total Revenue": 83,
        "Gross Profit": 45,
        "Operating Income": 9,
        "EBIT": 27,
        "Net Income": 0
    },
    "2012-09-30": {
        "Diluted EPS": 0.0,
        "Total Revenue": 80,
        "Gross Profit": 43,
        "Operating Income": 8,
        "EBIT": 25,
        "Net Income": 0
    },
    "2012-06-30": {
        "Diluted EPS": -0.04,
        "Total Revenue": 78,
        "Gross Profit": 43,
        "Operating Income": 8,
        "EBIT": 25,
        "Net Income": -2
    },
    "2012-03-31": {
        "Diluted EPS": -0.05,
        "Total Revenue": 77,
        "Gross Profit": 43,
        "Operating Income": 6,
        "EBIT": 23,
        "Net Income": -2
    },
    "2011-12-31": {
        "Diluted EPS": 0.12,
        "Total Revenue": 79,
        "Gross Profit": 46,
        "Operating Income": 11,
        "EBIT": 11,
        "Net Income": 5
    },
    "2011-09-30": {
        "Diluted EPS": 0.01,
        "Total Revenue": 77,
        "Gross Profit": 44,
        "Operating Income": 10,
        "EBIT": 10,
        "Net Income": 0
    },
    "2011-06-30": {
        "Diluted EPS": 0.05,
        "Total Revenue": 76,
        "Gross Profit": 42,
        "Operating Income": 9,
        "EBIT": 9,
        "Net Income": 2
    },
    "2011-03-31": {
        "Diluted EPS": -0.01,
        "Total Revenue": 73,
        "Gross Profit": 42,
        "Operating Income": 7,
        "EBIT": 7,
        "Net Income": 0
    },
    "2010-12-31": {
        "Diluted EPS": 0.05,
        "Total Revenue": 69,
        "Gross Profit": 38,
        "Operating Income": 6,
        "EBIT": 6,
        "Net Income": 3
    },
    "2010-09-30": {
        "Diluted EPS": -0.01,
        "Total Revenue": 67,
        "Gross Profit": 36,
        "Operating Income": 4,
        "EBIT": 4,
        "Net Income": 0
    },
    "2010-06-30": {
        "Diluted EPS": -0.02,
        "Total Revenue": 64,
        "Gross Profit": 35,
        "Operating Income": 3,
        "EBIT": 3,
        "Net Income": -1
    },
    "2010-03-31": {
        "Diluted EPS": -0.01,
        "Total Revenue": 63,
        "Gross Profit": 35,
        "Operating Income": 3,
        "EBIT": 3,
        "Net Income": -1
    },
    "2009-12-31": {
        "Diluted EPS": -0.03,
        "Total Revenue": 63,
        "Gross Profit": 35,
        "Operating Income": 1,
        "EBIT": 1,
        "Net Income": -1
    },
    "2009-09-30": {
        "Diluted EPS": -0.07,
        "Total Revenue": 60,
        "Gross Profit": 34,
        "Operating Income": 0,
        "EBIT": 0,
        "Net Income": -3
    },
    "2009-06-30": {
        "Diluted EPS": -0.1,
        "Total Revenue": 58,
        "Gross Profit": 33,
        "Operating Income": -1,
        "EBIT": -1,
        "Net Income": -4
    },
    "2009-03-31": {
        "Diluted EPS": -0.19,
        "Total Revenue": 55,
        "Gross Profit": 31,
        "Operating Income": -5,
        "EBIT": -5,
        "Net Income": -8
    },
    "2023-06-30": {
        "Tax Effect Of Unusual Items": NaN,
        "Tax Rate For Calcs": NaN,
        "Normalized EBITDA": NaN,
        "Total Unusual Items": NaN,
        "Total Unusual Items Excluding Goodwill": NaN,
        "Net Income From Continuing Operation Net Minority Interest": NaN,
        "Reconciled Depreciation": NaN,
        "Reconciled Cost Of Revenue": NaN,
        "EBITDA": NaN,
        "EBIT": NaN,
        "Net Interest Income": NaN,
        "Interest Expense": NaN,
        "Interest Income": NaN,
        "Normalized Income": NaN,
        "Net Income From Continuing And Discontinued Operation": NaN,
        "Total Expenses": NaN,
        "Total Operating Income As Reported": NaN,
        "Diluted Average Shares": NaN,
        "Basic Average Shares": NaN,
        "Diluted EPS": NaN,
        "Basic EPS": NaN,
        "Diluted NI Availto Com Stockholders": NaN,
        "Net Income Common Stockholders": NaN,
        "Net Income": NaN,
        "Net Income Including Noncontrolling Interests": NaN,
        "Net Income Continuous Operations": NaN,
        "Tax Provision": NaN,
        "Pretax Income": NaN,
        "Other Income Expense": NaN,
        "Special Income Charges": NaN,
        "Other Special Charges": NaN,
        "Restructuring And Mergern Acquisition": NaN,
        "Gain On Sale Of Security": -1305000.0,
        "Net Non Operating Interest Income Expense": NaN,
        "Interest Expense Non Operating": NaN,
        "Interest Income Non Operating": NaN,
        "Operating Income": NaN,
        "Operating Expense": NaN,
        "Depreciation Amortization Depletion Income Statement": NaN,
        "Depreciation And Amortization In Income Statement": NaN,
        "Selling General And Administration": NaN,
        "Selling And Marketing Expense": NaN,
        "General And Administrative Expense": 83658000.0,
        "Other Gand A": 77640000.0,
        "Salaries And Wages": 6018000.0,
        "Gross Profit": NaN,
        "Cost Of Revenue": NaN,
        "Total Revenue": NaN,
        "Operating Revenue": NaN
    },
    "2023-09-30": {
        "Tax Effect Of Unusual Items": NaN,
        "Tax Rate For Calcs": NaN,
        "Normalized EBITDA": NaN,
        "Total Unusual Items": NaN,
        "Total Unusual Items Excluding Goodwill": NaN,
        "Net Income From Continuing Operation Net Minority Interest": NaN,
        "Reconciled Depreciation": NaN,
        "Reconciled Cost Of Revenue": NaN,
        "EBITDA": NaN,
        "EBIT": NaN,
        "Net Interest Income": NaN,
        "Interest Expense": NaN,
        "Interest Income": NaN,
        "Normalized Income": NaN,
        "Net Income From Continuing And Discontinued Operation": NaN,
        "Total Expenses": NaN,
        "Total Operating Income As Reported": NaN,
        "Diluted Average Shares": NaN,
        "Basic Average Shares": NaN,
        "Diluted EPS": NaN,
        "Basic EPS": NaN,
        "Diluted NI Availto Com Stockholders": NaN,
        "Net Income Common Stockholders": NaN,
        "Net Income": NaN,
        "Net Income Including Noncontrolling Interests": NaN,
        "Net Income Continuous Operations": NaN,
        "Tax Provision": NaN,
        "Pretax Income": NaN,
        "Other Income Expense": -3683000.0,
        "Special Income Charges": NaN,
        "Other Special Charges": NaN,
        "Restructuring And Mergern Acquisition": NaN,
        "Gain On Sale Of Security": -4825000.0,
        "Net Non Operating Interest Income Expense": NaN,
        "Interest Expense Non Operating": NaN,
        "Interest Income Non Operating": NaN,
        "Operating Income": NaN,
        "Operating Expense": NaN,
        "Depreciation Amortization Depletion Income Statement": NaN,
        "Depreciation And Amortization In Income Statement": NaN,
        "Selling General And Administration": NaN,
        "Selling And Marketing Expense": 65308000.0,
        "General And Administrative Expense": 65308000.0,
        "Other Gand A": 65308000.0,
        "Salaries And Wages": NaN,
        "Gross Profit": NaN,
        "Cost Of Revenue": NaN,
        "Total Revenue": NaN,
        "Operating Revenue": NaN
    },
    "2023-12-31": {
        "Tax Effect Of Unusual Items": NaN,
        "Tax Rate For Calcs": NaN,
        "Normalized EBITDA": NaN,
        "Total Unusual Items": NaN,
        "Total Unusual Items Excluding Goodwill": NaN,
        "Net Income From Continuing Operation Net Minority Interest": NaN,
        "Reconciled Depreciation": NaN,
        "Reconciled Cost Of Revenue": NaN,
        "EBITDA": NaN,
        "EBIT": NaN,
        "Net Interest Income": NaN,
        "Interest Expense": NaN,
        "Interest Income": NaN,
        "Normalized Income": NaN,
        "Net Income From Continuing And Discontinued Operation": NaN,
        "Total Expenses": NaN,
        "Total Operating Income As Reported": NaN,
        "Diluted Average Shares": NaN,
        "Basic Average Shares": NaN,
        "Diluted EPS": NaN,
        "Basic EPS": NaN,
        "Diluted NI Availto Com Stockholders": NaN,
        "Net Income Common Stockholders": NaN,
        "Net Income": NaN,
        "Net Income Including Noncontrolling Interests": NaN,
        "Net Income Continuous Operations": NaN,
        "Tax Provision": NaN,
        "Pretax Income": NaN,
        "Other Income Expense": 254769000.0,
        "Special Income Charges": NaN,
        "Other Special Charges": NaN,
        "Restructuring And Mergern Acquisition": NaN,
        "Gain On Sale Of Security": 17722000.0,
        "Net Non Operating Interest Income Expense": NaN,
        "Interest Expense Non Operating": NaN,
        "Interest Income Non Operating": NaN,
        "Operating Income": NaN,
        "Operating Expense": NaN,
        "Depreciation Amortization Depletion Income Statement": NaN,
        "Depreciation And Amortization In Income Statement": NaN,
        "Selling General And Administration": NaN,
        "General And Administrative Expense": NaN,
        "Other Gand A": NaN,
        "Salaries And Wages": NaN,
        "Gross Profit": NaN,
        "Cost Of Revenue": NaN,
        "Total Revenue": NaN,
        "Operating Revenue": NaN
    },
    "2024-03-31": {
        "Tax Effect Of Unusual Items": NaN,
        "Tax Rate For Calcs": NaN,
        "Normalized EBITDA": NaN,
        "Total Unusual Items": NaN,
        "Total Unusual Items Excluding Goodwill": NaN,
        "Net Income From Continuing Operation Net Minority Interest": NaN,
        "Reconciled Depreciation": NaN,
        "Reconciled Cost Of Revenue": NaN,
        "EBITDA": NaN,
        "EBIT": NaN,
        "Net Interest Income": NaN,
        "Interest Expense": NaN,
        "Interest Income": NaN,
        "Normalized Income": NaN,
        "Net Income From Continuing And Discontinued Operation": NaN,
        "Total Expenses": NaN,
        "Total Operating Income As Reported": NaN,
        "Diluted Average Shares": NaN,
        "Basic Average Shares": NaN,
        "Diluted EPS": NaN,
        "Basic EPS": NaN,
        "Diluted NI Availto Com Stockholders": NaN,
        "Net Income Common Stockholders": NaN,
        "Net Income": NaN,
        "Net Income Including Noncontrolling Interests": NaN,
        "Net Income Continuous Operations": NaN,
        "Tax Provision": NaN,
        "Pretax Income": NaN,
        "Other Income Expense": -14507000.0,
        "Special Income Charges": NaN,
        "Other Special Charges": NaN,
        "Restructuring And Mergern Acquisition": NaN,
        "Gain On Sale Of Security": -6152000.0,
        "Net Non Operating Interest Income Expense": NaN,
        "Interest Expense Non Operating": NaN,
        "Interest Income Non Operating": NaN,
        "Operating Income": NaN,
        "Operating Expense": NaN,
        "Depreciation Amortization Depletion Income Statement": NaN,
        "Depreciation And Amortization In Income Statement": NaN,
        "Selling General And Administration": NaN,
        "General And Administrative Expense": 76696000.0,
        "Other Gand A": 70131000.0,
        "Salaries And Wages": 6565000.0,
        "Gross Profit": NaN,
        "Cost Of Revenue": NaN,
        "Total Revenue": NaN,
        "Operating Revenue": NaN
    },
    "2024-06-30": {
        "Tax Effect Of Unusual Items": 3641129.979349,
        "Tax Rate For Calcs": 0.195392,
        "Normalized EBITDA": 44754000.0,
        "Total Unusual Items": 18635000.0,
        "Total Unusual Items Excluding Goodwill": 18635000.0,
        "Net Income From Continuing Operation Net Minority Interest": -32338000.0,
        "Reconciled Depreciation": 74039000.0,
        "Reconciled Cost Of Revenue": 156164000.0,
        "EBITDA": 63389000.0,
        "EBIT": -10650000.0,
        "Net Interest Income": -20721000.0,
        "Interest Expense": 29541000.0,
        "Interest Income": 8820000.0,
        "Normalized Income": -47331870.020651,
        "Net Income From Continuing And Discontinued Operation": -32338000.0,
        "Total Expenses": 298548000.0,
        "Total Operating Income As Reported": -47143000.0,
        "Diluted Average Shares": 47511613.0,
        "Basic Average Shares": 47511613.0,
        "Diluted EPS": -0.68,
        "Basic EPS": -0.68,
        "Diluted NI Availto Com Stockholders": -32338000.0,
        "Net Income Common Stockholders": -32338000.0,
        "Net Income": -32338000.0,
        "Net Income Including Noncontrolling Interests": -32338000.0,
        "Net Income Continuous Operations": -32338000.0,
        "Tax Provision": -7853000.0,
        "Pretax Income": -40191000.0,
        "Other Income Expense": 18635000.0,
        "Special Income Charges": 18635000.0,
        "Other Special Charges": -3332000.0,
        "Restructuring And Mergern Acquisition": -15303000.0,
        "Gain On Sale Of Security": NaN,
        "Net Non Operating Interest Income Expense": -20721000.0,
        "Interest Expense Non Operating": 29541000.0,
        "Interest Income Non Operating": 8820000.0,
        "Operating Income": -38105000.0,
        "Operating Expense": 142381000.0,
        "Depreciation Amortization Depletion Income Statement": 74036000.0,
        "Depreciation And Amortization In Income Statement": 74036000.0,
        "Selling General And Administration": 68345000.0,
        "General And Administrative Expense": 68345000.0,
        "Other Gand A": 65130000.0,
        "Salaries And Wages": 3215000.0,
        "Gross Profit": 104276000.0,
        "Cost Of Revenue": 156167000.0,
        "Total Revenue": 260443000.0,
        "Operating Revenue": 260443000.0
    },
    "2024-09-30": {
        "Tax Effect Of Unusual Items": 0.0,
        "Tax Rate For Calcs": 0.211218,
        "Normalized EBITDA": 33835000.0,
        "Total Unusual Items": 0.0,
        "Total Unusual Items Excluding Goodwill": 0.0,
        "Net Income From Continuing Operation Net Minority Interest": -63112000.0,
        "Reconciled Depreciation": 85817000.0,
        "Reconciled Cost Of Revenue": 161550000.0,
        "EBITDA": 33835000.0,
        "EBIT": -51982000.0,
        "Net Interest Income": -22183000.0,
        "Interest Expense": 28030000.0,
        "Interest Income": 5847000.0,
        "Normalized Income": -63112000.0,
        "Net Income From Continuing And Discontinued Operation": -63112000.0,
        "Total Expenses": 315031000.0,
        "Total Operating Income As Reported": -57829000.0,
        "Diluted Average Shares": 47426131.0,
        "Basic Average Shares": 47426131.0,
        "Diluted EPS": -1.33,
        "Basic EPS": -1.33,
        "Diluted NI Availto Com Stockholders": -63112000.0,
        "Net Income Common Stockholders": -63112000.0,
        "Net Income": -63112000.0,
        "Net Income Including Noncontrolling Interests": -63112000.0,
        "Net Income Continuous Operations": -63112000.0,
        "Tax Provision": -16900000.0,
        "Pretax Income": -80012000.0,
        "Other Income Expense": NaN,
        "Special Income Charges": 0.0,
        "Other Special Charges": NaN,
        "Restructuring And Mergern Acquisition": 0.0,
        "Gain On Sale Of Security": NaN,
        "Net Non Operating Interest Income Expense": -22183000.0,
        "Interest Expense Non Operating": 28030000.0,
        "Interest Income Non Operating": 5847000.0,
        "Operating Income": -57829000.0,
        "Operating Expense": 153479000.0,
        "Depreciation Amortization Depletion Income Statement": 85815000.0,
        "Depreciation And Amortization In Income Statement": 85815000.0,
        "Selling General And Administration": 67664000.0,
        "General And Administrative Expense": NaN,
        "Other Gand A": NaN,
        "Salaries And Wages": NaN,
        "Gross Profit": 95650000.0,
        "Cost Of Revenue": 161552000.0,
        "Total Revenue": 257202000.0,
        "Operating Revenue": 257202000.0
    },
    "2024-12-31": {
        "Tax Effect Of Unusual Items": 0.0,
        "Tax Rate For Calcs": 0.212576,
        "Normalized EBITDA": 50002000.0,
        "Total Unusual Items": 0.0,
        "Total Unusual Items Excluding Goodwill": 0.0,
        "Net Income From Continuing Operation Net Minority Interest": -43317000.0,
        "Reconciled Depreciation": 67271000.0,
        "Reconciled Cost Of Revenue": 155179000.0,
        "EBITDA": 50002000.0,
        "EBIT": -17269000.0,
        "Net Interest Income": -21777000.0,
        "Interest Expense": 37742000.0,
        "Interest Income": 15965000.0,
        "Normalized Income": -43317000.0,
        "Net Income From Continuing And Discontinued Operation": -43317000.0,
        "Total Expenses": 285525000.0,
        "Total Operating Income As Reported": -33234000.0,
        "Diluted Average Shares": 47540833.0,
        "Basic Average Shares": 47540833.0,
        "Diluted EPS": -0.91,
        "Basic EPS": -0.91,
        "Diluted NI Availto Com Stockholders": -43317000.0,
        "Net Income Common Stockholders": -43317000.0,
        "Net Income": -43317000.0,
        "Net Income Including Noncontrolling Interests": -43317000.0,
        "Net Income Continuous Operations": -43317000.0,
        "Tax Provision": -11694000.0,
        "Pretax Income": -55011000.0,
        "Other Income Expense": 0.0,
        "Special Income Charges": 0.0,
        "Other Special Charges": 0.0,
        "Restructuring And Mergern Acquisition": 0.0,
        "Gain On Sale Of Security": NaN,
        "Net Non Operating Interest Income Expense": -21777000.0,
        "Interest Expense Non Operating": 37742000.0,
        "Interest Income Non Operating": 15965000.0,
        "Operating Income": -33234000.0,
        "Operating Expense": 130346000.0,
        "Depreciation Amortization Depletion Income Statement": 67271000.0,
        "Depreciation And Amortization In Income Statement": 67271000.0,
        "Selling General And Administration": 63075000.0,
        "General And Administrative Expense": NaN,
        "Other Gand A": NaN,
        "Salaries And Wages": NaN,
        "Gross Profit": 97112000.0,
        "Cost Of Revenue": 155179000.0,
        "Total Revenue": 252291000.0,
        "Operating Revenue": 252291000.0
    },
    "2025-03-31": {
        "Tax Effect Of Unusual Items": 0.0,
        "Tax Rate For Calcs": 0.259315,
        "Normalized EBITDA": 40857000.0,
        "Total Unusual Items": 0.0,
        "Total Unusual Items Excluding Goodwill": 0.0,
        "Net Income From Continuing Operation Net Minority Interest": -52042000.0,
        "Reconciled Depreciation": 76038000.0,
        "Reconciled Cost Of Revenue": 137439000.0,
        "EBITDA": 40857000.0,
        "EBIT": -35181000.0,
        "Net Interest Income": -29970000.0,
        "Interest Expense": 35081000.0,
        "Interest Income": 5111000.0,
        "Normalized Income": -52042000.0,
        "Net Income From Continuing And Discontinued Operation": -52042000.0,
        "Total Expenses": 287340000.0,
        "Total Operating Income As Reported": -40292000.0,
        "Diluted Average Shares": 47676735.0,
        "Basic Average Shares": 47676735.0,
        "Diluted EPS": -1.09,
        "Basic EPS": -1.09,
        "Diluted NI Availto Com Stockholders": -52042000.0,
        "Net Income Common Stockholders": -52042000.0,
        "Net Income": -52042000.0,
        "Net Income Including Noncontrolling Interests": -52042000.0,
        "Net Income Continuous Operations": -52042000.0,
        "Tax Provision": -18220000.0,
        "Pretax Income": -70262000.0,
        "Other Income Expense": NaN,
        "Special Income Charges": 0.0,
        "Other Special Charges": NaN,
        "Restructuring And Mergern Acquisition": 0.0,
        "Gain On Sale Of Security": NaN,
        "Net Non Operating Interest Income Expense": -29970000.0,
        "Interest Expense Non Operating": 35081000.0,
        "Interest Income Non Operating": 5111000.0,
        "Operating Income": -40292000.0,
        "Operating Expense": 149901000.0,
        "Depreciation Amortization Depletion Income Statement": 76038000.0,
        "Depreciation And Amortization In Income Statement": 76038000.0,
        "Selling General And Administration": 73863000.0,
        "General And Administrative Expense": NaN,
        "Other Gand A": NaN,
        "Salaries And Wages": NaN,
        "Gross Profit": 109609000.0,
        "Cost Of Revenue": 137439000.0,
        "Total Revenue": 247048000.0,
        "Operating Revenue": 247048000.0
    },
    "2025-06-30": {
        "Tax Effect Of Unusual Items": -1257579.44314,
        "Tax Rate For Calcs": 0.224327,
        "Normalized EBITDA": 48563000.0,
        "Total Unusual Items": -5606000.0,
        "Total Unusual Items Excluding Goodwill": -5606000.0,
        "Net Income From Continuing Operation Net Minority Interest": -57807000.0,
        "Reconciled Depreciation": 75290000.0,
        "Reconciled Cost Of Revenue": 137492000.0,
        "EBITDA": 42957000.0,
        "EBIT": -32333000.0,
        "Net Interest Income": -37460000.0,
        "Interest Expense": 42192000.0,
        "Interest Income": 4732000.0,
        "Normalized Income": -53458579.44314,
        "Net Income From Continuing And Discontinued Operation": -57807000.0,
        "Total Expenses": 277706000.0,
        "Total Operating Income As Reported": -31459000.0,
        "Diluted Average Shares": 47592836.0,
        "Basic Average Shares": 47592836.0,
        "Diluted EPS": -1.21,
        "Basic EPS": -1.21,
        "Diluted NI Availto Com Stockholders": -57807000.0,
        "Net Income Common Stockholders": -57807000.0,
        "Net Income": -57807000.0,
        "Net Income Including Noncontrolling Interests": -57807000.0,
        "Net Income Continuous Operations": -57807000.0,
        "Tax Provision": -16718000.0,
        "Pretax Income": -74525000.0,
        "Other Income Expense": -5606000.0,
        "Special Income Charges": -5606000.0,
        "Other Special Charges": 5606000.0,
        "Restructuring And Mergern Acquisition": 0.0,
        "Gain On Sale Of Security": NaN,
        "Net Non Operating Interest Income Expense": -37460000.0,
        "Interest Expense Non Operating": 42192000.0,
        "Interest Income Non Operating": 4732000.0,
        "Operating Income": -31459000.0,
        "Operating Expense": 140214000.0,
        "Depreciation Amortization Depletion Income Statement": 75290000.0,
        "Depreciation And Amortization In Income Statement": 75290000.0,
        "Selling General And Administration": 64924000.0,
        "General And Administrative Expense": 64924000.0,
        "Other Gand A": 60766000.0,
        "Salaries And Wages": 4158000.0,
        "Gross Profit": 108755000.0,
        "Cost Of Revenue": 137492000.0,
        "Total Revenue": 246247000.0,
        "Operating Revenue": 246247000.0
    }
}