{
    "2023-03-31": {
        "Tax Effect Of Unusual Items": NaN,
        "Tax Rate For Calcs": NaN,
        "Normalized EBITDA": NaN,
        "Total Unusual Items": NaN,
        "Total Unusual Items Excluding Goodwill": NaN,
        "Net Income From Continuing Operation Net Minority Interest": NaN,
        "Reconciled Depreciation": NaN,
        "Reconciled Cost Of Revenue": NaN,
        "EBITDA": NaN,
        "EBIT": NaN,
        "Net Interest Income": NaN,
        "Interest Expense": NaN,
        "Interest Income": NaN,
        "Normalized Income": NaN,
        "Net Income From Continuing And Discontinued Operation": NaN,
        "Total Expenses": NaN,
        "Total Operating Income As Reported": NaN,
        "Diluted Average Shares": NaN,
        "Basic Average Shares": NaN,
        "Diluted EPS": NaN,
        "Basic EPS": NaN,
        "Diluted NI Availto Com Stockholders": NaN,
        "Net Income Common Stockholders": NaN,
        "Net Income": NaN,
        "Net Income Including Noncontrolling Interests": NaN,
        "Net Income Continuous Operations": NaN,
        "Tax Provision": NaN,
        "Pretax Income": NaN,
        "Other Income Expense": NaN,
        "Other Non Operating Income Expenses": NaN,
        "Special Income Charges": NaN,
        "Other Special Charges": 1125000.0,
        "Write Off": NaN,
        "Impairment Of Capital Assets": 0.0,
        "Restructuring And Mergern Acquisition": NaN,
        "Net Non Operating Interest Income Expense": NaN,
        "Interest Expense Non Operating": NaN,
        "Interest Income Non Operating": NaN,
        "Operating Income": NaN,
        "Operating Expense": NaN,
        "Depreciation Amortization Depletion Income Statement": NaN,
        "Depreciation And Amortization In Income Statement": NaN,
        "Selling General And Administration": NaN,
        "Gross Profit": NaN,
        "Cost Of Revenue": NaN,
        "Total Revenue": NaN,
        "Operating Revenue": NaN
    },
    "2022-12-31": {
        "Tax Effect Of Unusual Items": NaN,
        "Tax Rate For Calcs": NaN,
        "Normalized EBITDA": NaN,
        "Total Unusual Items": NaN,
        "Total Unusual Items Excluding Goodwill": NaN,
        "Net Income From Continuing Operation Net Minority Interest": NaN,
        "Reconciled Depreciation": NaN,
        "Reconciled Cost Of Revenue": NaN,
        "EBITDA": NaN,
        "EBIT": NaN,
        "Net Interest Income": NaN,
        "Interest Expense": NaN,
        "Normalized Income": NaN,
        "Net Income From Continuing And Discontinued Operation": NaN,
        "Total Expenses": NaN,
        "Total Operating Income As Reported": NaN,
        "Diluted Average Shares": NaN,
        "Basic Average Shares": NaN,
        "Diluted EPS": NaN,
        "Basic EPS": NaN,
        "Diluted NI Availto Com Stockholders": NaN,
        "Net Income Common Stockholders": NaN,
        "Net Income": NaN,
        "Net Income Including Noncontrolling Interests": NaN,
        "Net Income Continuous Operations": NaN,
        "Tax Provision": NaN,
        "Pretax Income": NaN,
        "Other Income Expense": NaN,
        "Other Non Operating Income Expenses": NaN,
        "Special Income Charges": NaN,
        "Other Special Charges": NaN,
        "Write Off": NaN,
        "Impairment Of Capital Assets": 0.0,
        "Restructuring And Mergern Acquisition": NaN,
        "Net Non Operating Interest Income Expense": NaN,
        "Interest Expense Non Operating": NaN,
        "Operating Income": NaN,
        "Operating Expense": NaN,
        "Depreciation Amortization Depletion Income Statement": NaN,
        "Depreciation And Amortization In Income Statement": NaN,
        "Selling General And Administration": NaN,
        "Gross Profit": NaN,
        "Cost Of Revenue": NaN,
        "Total Revenue": NaN,
        "Operating Revenue": NaN
    },
    "2022-09-30": {
        "Tax Effect Of Unusual Items": NaN,
        "Tax Rate For Calcs": NaN,
        "Normalized EBITDA": NaN,
        "Total Unusual Items": NaN,
        "Total Unusual Items Excluding Goodwill": NaN,
        "Net Income From Continuing Operation Net Minority Interest": NaN,
        "Reconciled Depreciation": NaN,
        "Reconciled Cost Of Revenue": NaN,
        "EBITDA": NaN,
        "EBIT": NaN,
        "Net Interest Income": NaN,
        "Interest Expense": NaN,
        "Normalized Income": NaN,
        "Net Income From Continuing And Discontinued Operation": NaN,
        "Total Expenses": NaN,
        "Total Operating Income As Reported": NaN,
        "Diluted Average Shares": NaN,
        "Basic Average Shares": NaN,
        "Diluted EPS": NaN,
        "Basic EPS": NaN,
        "Diluted NI Availto Com Stockholders": NaN,
        "Net Income Common Stockholders": NaN,
        "Net Income": NaN,
        "Net Income Including Noncontrolling Interests": NaN,
        "Net Income Continuous Operations": NaN,
        "Tax Provision": NaN,
        "Pretax Income": NaN,
        "Other Income Expense": NaN,
        "Other Non Operating Income Expenses": NaN,
        "Special Income Charges": NaN,
        "Other Special Charges": NaN,
        "Write Off": NaN,
        "Impairment Of Capital Assets": 3856000.0,
        "Restructuring And Mergern Acquisition": NaN,
        "Net Non Operating Interest Income Expense": NaN,
        "Interest Expense Non Operating": NaN,
        "Operating Income": NaN,
        "Operating Expense": NaN,
        "Depreciation Amortization Depletion Income Statement": NaN,
        "Depreciation And Amortization In Income Statement": NaN,
        "Selling General And Administration": NaN,
        "Gross Profit": NaN,
        "Cost Of Revenue": NaN,
        "Total Revenue": NaN,
        "Operating Revenue": NaN
    },
    "2022-06-30": {
        "Tax Effect Of Unusual Items": -1143858.83051,
        "Tax Rate For Calcs": 0.286681,
        "Normalized EBITDA": 85480000.0,
        "Total Unusual Items": -3990000.0,
        "Total Unusual Items Excluding Goodwill": -3990000.0,
        "Net Income From Continuing Operation Net Minority Interest": 52894000.0,
        "Reconciled Depreciation": 3481000.0,
        "Reconciled Cost Of Revenue": 583156000.0,
        "EBITDA": 81490000.0,
        "EBIT": 78009000.0,
        "Net Interest Income": -3857000.0,
        "Interest Expense": 3857000.0,
        "Normalized Income": 55740141.16949,
        "Net Income From Continuing And Discontinued Operation": 52894000.0,
        "Total Expenses": 672646000.0,
        "Total Operating Income As Reported": 78837000.0,
        "Diluted Average Shares": 37757000.0,
        "Basic Average Shares": 37471000.0,
        "Diluted EPS": 1.4,
        "Basic EPS": 1.41,
        "Diluted NI Availto Com Stockholders": 52894000.0,
        "Net Income Common Stockholders": 52894000.0,
        "Net Income": 52894000.0,
        "Net Income Including Noncontrolling Interests": 52894000.0,
        "Net Income Continuous Operations": 52894000.0,
        "Tax Provision": 21258000.0,
        "Pretax Income": 74152000.0,
        "Other Income Expense": -2906000.0,
        "Other Non Operating Income Expenses": 1084000.0,
        "Special Income Charges": -3990000.0,
        "Other Special Charges": 1912000.0,
        "Write Off": 3192000.0,
        "Impairment Of Capital Assets": 0.0,
        "Restructuring And Mergern Acquisition": -1114000.0,
        "Net Non Operating Interest Income Expense": -3857000.0,
        "Interest Expense Non Operating": 3857000.0,
        "Operating Income": 80915000.0,
        "Operating Expense": 89490000.0,
        "Depreciation Amortization Depletion Income Statement": 3481000.0,
        "Depreciation And Amortization In Income Statement": 3481000.0,
        "Selling General And Administration": 86009000.0,
        "Gross Profit": 170405000.0,
        "Cost Of Revenue": 583156000.0,
        "Total Revenue": 753561000.0,
        "Operating Revenue": 753561000.0
    },
    "2023-06-30": {
        "Tax Effect Of Unusual Items": NaN,
        "Tax Rate For Calcs": NaN,
        "Normalized EBITDA": NaN,
        "Total Unusual Items": NaN,
        "Total Unusual Items Excluding Goodwill": NaN,
        "Net Income From Continuing Operation Net Minority Interest": NaN,
        "Reconciled Depreciation": NaN,
        "Reconciled Cost Of Revenue": NaN,
        "EBITDA": NaN,
        "EBIT": NaN,
        "Net Interest Income": NaN,
        "Interest Expense": NaN,
        "Interest Income": NaN,
        "Normalized Income": NaN,
        "Net Income From Continuing And Discontinued Operation": NaN,
        "Total Expenses": NaN,
        "Total Operating Income As Reported": NaN,
        "Diluted Average Shares": NaN,
        "Basic Average Shares": NaN,
        "Diluted EPS": NaN,
        "Basic EPS": NaN,
        "Diluted NI Availto Com Stockholders": NaN,
        "Net Income Common Stockholders": NaN,
        "Net Income": NaN,
        "Net Income Including Noncontrolling Interests": NaN,
        "Net Income Continuous Operations": NaN,
        "Tax Provision": NaN,
        "Pretax Income": NaN,
        "Other Income Expense": NaN,
        "Other Non Operating Income Expenses": NaN,
        "Special Income Charges": NaN,
        "Other Special Charges": 1723000.0,
        "Write Off": NaN,
        "Impairment Of Capital Assets": NaN,
        "Restructuring And Mergern Acquisition": NaN,
        "Net Non Operating Interest Income Expense": NaN,
        "Interest Expense Non Operating": NaN,
        "Interest Income Non Operating": NaN,
        "Operating Income": NaN,
        "Operating Expense": NaN,
        "Depreciation Amortization Depletion Income Statement": NaN,
        "Depreciation And Amortization In Income Statement": NaN,
        "Selling General And Administration": NaN,
        "Gross Profit": NaN,
        "Cost Of Revenue": NaN,
        "Total Revenue": NaN,
        "Operating Revenue": NaN
    },
    "2022-03-31": {
        "Diluted EPS": 1.63,
        "Total Revenue": 789,
        "Gross Profit": 175,
        "Operating Income": 91,
        "EBIT": 93,
        "Net Income": 62
    },
    "2021-12-31": {
        "Diluted EPS": 2.07,
        "Total Revenue": 641,
        "Gross Profit": 147,
        "Operating Income": 76,
        "EBIT": 79,
        "Net Income": 78
    },
    "2021-09-30": {
        "Diluted EPS": 0.62,
        "Total Revenue": 375,
        "Gross Profit": 84,
        "Operating Income": 26,
        "EBIT": 29,
        "Net Income": 23
    },
    "2021-06-30": {
        "Diluted EPS": 0.31,
        "Total Revenue": 332,
        "Gross Profit": 73,
        "Operating Income": 16,
        "EBIT": 18,
        "Net Income": 12
    },
    "2021-03-31": {
        "Diluted EPS": 0.53,
        "Total Revenue": 329,
        "Gross Profit": 71,
        "Operating Income": 21,
        "EBIT": 23,
        "Net Income": 19
    },
    "2020-12-31": {
        "Diluted EPS": 0.13,
        "Total Revenue": 216,
        "Gross Profit": 54,
        "Operating Income": 6,
        "EBIT": 8,
        "Net Income": 5
    },
    "2020-09-30": {
        "Diluted EPS": -0.04,
        "Total Revenue": 194,
        "Gross Profit": 48,
        "Operating Income": 0,
        "EBIT": 3,
        "Net Income": -1
    },
    "2020-06-30": {
        "Diluted EPS": -0.39,
        "Total Revenue": 217,
        "Gross Profit": 51,
        "Operating Income": -14,
        "EBIT": -10,
        "Net Income": -14
    },
    "2020-03-31": {
        "Diluted EPS": -0.06,
        "Total Revenue": 210,
        "Gross Profit": 50,
        "Operating Income": -1,
        "EBIT": 3,
        "Net Income": -2
    },
    "2019-12-31": {
        "Diluted EPS": -0.03,
        "Total Revenue": 215,
        "Gross Profit": 53,
        "Operating Income": 2,
        "EBIT": 7,
        "Net Income": -1
    },
    "2019-09-30": {
        "Diluted EPS": -0.09,
        "Total Revenue": 209,
        "Gross Profit": 51,
        "Operating Income": 0,
        "EBIT": 3,
        "Net Income": -3
    },
    "2019-06-30": {
        "Diluted EPS": -1.44,
        "Total Revenue": 203,
        "Gross Profit": 52,
        "Operating Income": -15,
        "EBIT": -12,
        "Net Income": -52
    },
    "2019-03-31": {
        "Diluted EPS": -0.05,
        "Total Revenue": 195,
        "Gross Profit": 48,
        "Operating Income": -3,
        "EBIT": 0,
        "Net Income": -2
    },
    "2018-12-31": {
        "Diluted EPS": -0.56,
        "Total Revenue": 201,
        "Gross Profit": 51,
        "Operating Income": -24,
        "EBIT": -21,
        "Net Income": -20
    },
    "2018-09-30": {
        "Diluted EPS": -0.01,
        "Total Revenue": 201,
        "Gross Profit": 52,
        "Operating Income": 3,
        "EBIT": 6,
        "Net Income": 0
    },
    "2018-06-30": {
        "Diluted EPS": 0.04,
        "Total Revenue": 205,
        "Gross Profit": 54,
        "Operating Income": 4,
        "EBIT": 7,
        "Net Income": 2
    },
    "2018-03-31": {
        "Diluted EPS": 0.05,
        "Total Revenue": 210,
        "Gross Profit": 54,
        "Operating Income": 4,
        "EBIT": 7,
        "Net Income": 2
    },
    "2017-12-31": {
        "Diluted EPS": 0.77,
        "Total Revenue": 220,
        "Gross Profit": 58,
        "Operating Income": -6,
        "EBIT": -3,
        "Net Income": 28
    },
    "2017-09-30": {
        "Diluted EPS": 0.19,
        "Total Revenue": 228,
        "Gross Profit": 60,
        "Operating Income": 8,
        "EBIT": 11,
        "Net Income": 7
    },
    "2017-06-30": {
        "Diluted EPS": 0.13,
        "Total Revenue": 209,
        "Gross Profit": 57,
        "Operating Income": 6,
        "EBIT": 9,
        "Net Income": 5
    },
    "2017-03-31": {
        "Diluted EPS": -0.08,
        "Total Revenue": 208,
        "Gross Profit": 53,
        "Operating Income": 3,
        "EBIT": 5,
        "Net Income": -2
    },
    "2016-12-31": {
        "Diluted EPS": 0.38,
        "Total Revenue": 223,
        "Gross Profit": 58,
        "Operating Income": 9,
        "EBIT": 13,
        "Net Income": -8
    },
    "2016-09-30": {
        "Diluted EPS": 0.22,
        "Total Revenue": 215,
        "Gross Profit": 58,
        "Operating Income": 9,
        "EBIT": 11,
        "Net Income": 14
    },
    "2016-06-30": {
        "Diluted EPS": -0.54,
        "Total Revenue": 199,
        "Gross Profit": 55,
        "Operating Income": -17,
        "EBIT": -14,
        "Net Income": -17
    },
    "2016-03-31": {
        "Diluted EPS": 0.09,
        "Total Revenue": 197,
        "Gross Profit": 51,
        "Operating Income": 5,
        "EBIT": 8,
        "Net Income": 19
    },
    "2015-12-31": {
        "Diluted EPS": -0.15,
        "Total Revenue": 193,
        "Gross Profit": 50,
        "Operating Income": 6,
        "EBIT": 8,
        "Net Income": -6
    },
    "2015-09-30": {
        "Diluted EPS": 0.16,
        "Total Revenue": 196,
        "Gross Profit": 51,
        "Operating Income": 7,
        "EBIT": 9,
        "Net Income": 5
    },
    "2015-06-30": {
        "Diluted EPS": 0.08,
        "Total Revenue": 193,
        "Gross Profit": 48,
        "Operating Income": 4,
        "EBIT": 7,
        "Net Income": 3
    },
    "2015-03-31": {
        "Diluted EPS": 0.05,
        "Total Revenue": 186,
        "Gross Profit": 47,
        "Operating Income": 4,
        "EBIT": 6,
        "Net Income": 3
    },
    "2014-12-31": {
        "Diluted EPS": -0.65,
        "Total Revenue": 188,
        "Gross Profit": 48,
        "Operating Income": -9,
        "EBIT": -6,
        "Net Income": -20
    },
    "2014-09-30": {
        "Diluted EPS": -0.24,
        "Total Revenue": 189,
        "Gross Profit": 47,
        "Operating Income": 2,
        "EBIT": 4,
        "Net Income": -8
    },
    "2014-06-30": {
        "Diluted EPS": -0.1,
        "Total Revenue": 123,
        "Gross Profit": 32,
        "Operating Income": -2,
        "EBIT": 0,
        "Net Income": -3
    },
    "2014-03-31": {
        "Diluted EPS": -0.03,
        "Total Revenue": 118,
        "Gross Profit": 30,
        "Operating Income": -1,
        "EBIT": 0,
        "Net Income": -1
    },
    "2013-12-31": {
        "Diluted EPS": -1.7,
        "Total Revenue": 109,
        "Gross Profit": 29,
        "Operating Income": -7,
        "EBIT": -6,
        "Net Income": -53
    },
    "2013-09-30": {
        "Diluted EPS": 0.03,
        "Total Revenue": 108,
        "Gross Profit": 28,
        "Operating Income": 1,
        "EBIT": 2,
        "Net Income": 1
    },
    "2013-06-30": {
        "Diluted EPS": -0.05,
        "Total Revenue": 111,
        "Gross Profit": 28,
        "Operating Income": -2,
        "EBIT": 0,
        "Net Income": -1
    },
    "2013-03-31": {
        "Diluted EPS": 0.04,
        "Total Revenue": 110,
        "Gross Profit": 29,
        "Operating Income": 0,
        "EBIT": 1,
        "Net Income": 1
    },
    "2012-12-31": {
        "Diluted EPS": -0.31,
        "Total Revenue": 112,
        "Gross Profit": 28,
        "Operating Income": -1,
        "EBIT": 2,
        "Net Income": -10
    },
    "2012-09-30": {
        "Diluted EPS": -0.57,
        "Total Revenue": 112,
        "Gross Profit": 27,
        "Operating Income": -1,
        "EBIT": 1,
        "Net Income": -18
    },
    "2012-06-30": {
        "Diluted EPS": -0.47,
        "Total Revenue": 109,
        "Gross Profit": 27,
        "Operating Income": -21,
        "EBIT": -19,
        "Net Income": -15
    },
    "2012-03-31": {
        "Diluted EPS": -0.02,
        "Total Revenue": 110,
        "Gross Profit": 29,
        "Operating Income": -1,
        "EBIT": 1,
        "Net Income": -1
    },
    "2011-12-31": {
        "Diluted EPS": 0.02,
        "Total Revenue": 125,
        "Gross Profit": 35,
        "Operating Income": 3,
        "EBIT": 6,
        "Net Income": 1
    },
    "2011-09-30": {
        "Diluted EPS": 0.06,
        "Total Revenue": 131,
        "Gross Profit": 36,
        "Operating Income": 4,
        "EBIT": 7,
        "Net Income": 2
    },
    "2011-06-30": {
        "Diluted EPS": 0.05,
        "Total Revenue": 126,
        "Gross Profit": 35,
        "Operating Income": 3,
        "EBIT": 5,
        "Net Income": 2
    },
    "2011-03-31": {
        "Diluted EPS": 0.01,
        "Total Revenue": 122,
        "Gross Profit": 33,
        "Operating Income": 1,
        "EBIT": 4,
        "Net Income": 0
    },
    "2010-12-31": {
        "Diluted EPS": -0.19,
        "Total Revenue": 114,
        "Gross Profit": 33,
        "Operating Income": -8,
        "EBIT": -5,
        "Net Income": -6
    },
    "2010-09-30": {
        "Diluted EPS": 0.03,
        "Total Revenue": 116,
        "Gross Profit": 32,
        "Operating Income": 3,
        "EBIT": 6,
        "Net Income": 1
    },
    "2010-06-30": {
        "Diluted EPS": 0.04,
        "Total Revenue": 118,
        "Gross Profit": 34,
        "Operating Income": 3,
        "EBIT": 7,
        "Net Income": 1
    },
    "2010-03-31": {
        "Diluted EPS": 0.04,
        "Total Revenue": 121,
        "Gross Profit": 34,
        "Operating Income": 2,
        "EBIT": 6,
        "Net Income": 1
    },
    "2009-12-31": {
        "Diluted EPS": 0.02,
        "Total Revenue": 124,
        "Gross Profit": 35,
        "Operating Income": 2,
        "EBIT": 7,
        "Net Income": 0
    },
    "2009-09-30": {
        "Diluted EPS": 0.03,
        "Total Revenue": 130,
        "Gross Profit": 35,
        "Operating Income": 4,
        "EBIT": 7,
        "Net Income": 1
    },
    "2009-06-30": {
        "Diluted EPS": 0.07,
        "Total Revenue": 149,
        "Gross Profit": 40,
        "Operating Income": 4,
        "EBIT": 8,
        "Net Income": 2
    },
    "2009-03-31": {
        "Diluted EPS": 0.1,
        "Total Revenue": 175,
        "Gross Profit": 44,
        "Operating Income": 7,
        "EBIT": 10,
        "Net Income": 3
    },
    "2023-09-30": {
        "Tax Effect Of Unusual Items": NaN,
        "Tax Rate For Calcs": NaN,
        "Normalized EBITDA": NaN,
        "Total Unusual Items": NaN,
        "Total Unusual Items Excluding Goodwill": NaN,
        "Net Income From Continuing Operation Net Minority Interest": NaN,
        "Reconciled Depreciation": NaN,
        "Reconciled Cost Of Revenue": NaN,
        "EBITDA": NaN,
        "EBIT": NaN,
        "Net Interest Income": NaN,
        "Interest Expense": NaN,
        "Interest Income": 5000.0,
        "Normalized Income": NaN,
        "Net Income From Continuing And Discontinued Operation": NaN,
        "Total Expenses": NaN,
        "Total Operating Income As Reported": NaN,
        "Diluted Average Shares": NaN,
        "Basic Average Shares": NaN,
        "Diluted EPS": NaN,
        "Basic EPS": NaN,
        "Diluted NI Availto Com Stockholders": NaN,
        "Net Income Common Stockholders": NaN,
        "Net Income": NaN,
        "Net Income Including Noncontrolling Interests": NaN,
        "Net Income Continuous Operations": NaN,
        "Tax Provision": NaN,
        "Pretax Income": NaN,
        "Other Income Expense": NaN,
        "Other Non Operating Income Expenses": NaN,
        "Special Income Charges": NaN,
        "Other Special Charges": NaN,
        "Write Off": NaN,
        "Impairment Of Capital Assets": NaN,
        "Restructuring And Mergern Acquisition": NaN,
        "Net Non Operating Interest Income Expense": NaN,
        "Interest Expense Non Operating": NaN,
        "Interest Income Non Operating": 5000.0,
        "Operating Income": NaN,
        "Operating Expense": NaN,
        "Depreciation Amortization Depletion Income Statement": NaN,
        "Depreciation And Amortization In Income Statement": NaN,
        "Selling General And Administration": NaN,
        "Gross Profit": NaN,
        "Cost Of Revenue": NaN,
        "Total Revenue": NaN,
        "Operating Revenue": NaN
    },
    "2023-12-31": {
        "Tax Effect Of Unusual Items": NaN,
        "Tax Rate For Calcs": NaN,
        "Normalized EBITDA": NaN,
        "Total Unusual Items": NaN,
        "Total Unusual Items Excluding Goodwill": NaN,
        "Net Income From Continuing Operation Net Minority Interest": NaN,
        "Reconciled Depreciation": NaN,
        "Reconciled Cost Of Revenue": NaN,
        "EBITDA": NaN,
        "EBIT": NaN,
        "Net Interest Income": NaN,
        "Interest Expense": NaN,
        "Interest Income": NaN,
        "Normalized Income": NaN,
        "Net Income From Continuing And Discontinued Operation": NaN,
        "Total Expenses": NaN,
        "Total Operating Income As Reported": NaN,
        "Diluted Average Shares": NaN,
        "Basic Average Shares": NaN,
        "Diluted EPS": NaN,
        "Basic EPS": NaN,
        "Diluted NI Availto Com Stockholders": NaN,
        "Net Income Common Stockholders": NaN,
        "Net Income": NaN,
        "Net Income Including Noncontrolling Interests": NaN,
        "Net Income Continuous Operations": NaN,
        "Tax Provision": NaN,
        "Pretax Income": NaN,
        "Other Income Expense": NaN,
        "Other Non Operating Income Expenses": NaN,
        "Special Income Charges": NaN,
        "Other Special Charges": 0.0,
        "Write Off": NaN,
        "Impairment Of Capital Assets": NaN,
        "Restructuring And Mergern Acquisition": NaN,
        "Net Non Operating Interest Income Expense": NaN,
        "Interest Expense Non Operating": NaN,
        "Interest Income Non Operating": NaN,
        "Operating Income": NaN,
        "Operating Expense": NaN,
        "Depreciation Amortization Depletion Income Statement": NaN,
        "Depreciation And Amortization In Income Statement": NaN,
        "Selling General And Administration": NaN,
        "Gross Profit": NaN,
        "Cost Of Revenue": NaN,
        "Total Revenue": NaN,
        "Operating Revenue": NaN
    },
    "2024-03-31": {
        "Tax Effect Of Unusual Items": NaN,
        "Tax Rate For Calcs": NaN,
        "Normalized EBITDA": NaN,
        "Total Unusual Items": NaN,
        "Total Unusual Items Excluding Goodwill": NaN,
        "Net Income From Continuing Operation Net Minority Interest": NaN,
        "Reconciled Depreciation": NaN,
        "Reconciled Cost Of Revenue": NaN,
        "EBITDA": NaN,
        "EBIT": NaN,
        "Net Interest Income": NaN,
        "Interest Expense": NaN,
        "Interest Income": NaN,
        "Normalized Income": NaN,
        "Net Income From Continuing And Discontinued Operation": NaN,
        "Total Expenses": NaN,
        "Total Operating Income As Reported": NaN,
        "Diluted Average Shares": NaN,
        "Basic Average Shares": NaN,
        "Diluted EPS": NaN,
        "Basic EPS": NaN,
        "Diluted NI Availto Com Stockholders": NaN,
        "Net Income Common Stockholders": NaN,
        "Net Income": NaN,
        "Net Income Including Noncontrolling Interests": NaN,
        "Net Income Continuous Operations": NaN,
        "Tax Provision": NaN,
        "Pretax Income": NaN,
        "Other Income Expense": NaN,
        "Other Non Operating Income Expenses": NaN,
        "Special Income Charges": NaN,
        "Other Special Charges": 3650000.0,
        "Write Off": NaN,
        "Impairment Of Capital Assets": NaN,
        "Restructuring And Mergern Acquisition": NaN,
        "Net Non Operating Interest Income Expense": NaN,
        "Interest Expense Non Operating": NaN,
        "Interest Income Non Operating": NaN,
        "Operating Income": NaN,
        "Operating Expense": NaN,
        "Depreciation Amortization Depletion Income Statement": NaN,
        "Depreciation And Amortization In Income Statement": NaN,
        "Selling General And Administration": NaN,
        "Gross Profit": NaN,
        "Cost Of Revenue": NaN,
        "Total Revenue": NaN,
        "Operating Revenue": NaN
    },
    "2024-06-30": {
        "Tax Effect Of Unusual Items": NaN,
        "Tax Rate For Calcs": NaN,
        "Normalized EBITDA": NaN,
        "Total Unusual Items": NaN,
        "Total Unusual Items Excluding Goodwill": NaN,
        "Net Income From Continuing Operation Net Minority Interest": NaN,
        "Reconciled Depreciation": NaN,
        "Reconciled Cost Of Revenue": NaN,
        "EBITDA": NaN,
        "EBIT": NaN,
        "Net Interest Income": NaN,
        "Interest Expense": NaN,
        "Interest Income": NaN,
        "Normalized Income": NaN,
        "Net Income From Continuing And Discontinued Operation": NaN,
        "Total Expenses": NaN,
        "Total Operating Income As Reported": NaN,
        "Diluted Average Shares": NaN,
        "Basic Average Shares": NaN,
        "Diluted EPS": NaN,
        "Basic EPS": NaN,
        "Diluted NI Availto Com Stockholders": NaN,
        "Net Income Common Stockholders": NaN,
        "Net Income": NaN,
        "Net Income Including Noncontrolling Interests": NaN,
        "Net Income Continuous Operations": NaN,
        "Tax Provision": NaN,
        "Pretax Income": NaN,
        "Other Income Expense": NaN,
        "Other Non Operating Income Expenses": NaN,
        "Special Income Charges": NaN,
        "Other Special Charges": 3946000.0,
        "Write Off": NaN,
        "Impairment Of Capital Assets": NaN,
        "Restructuring And Mergern Acquisition": NaN,
        "Net Non Operating Interest Income Expense": NaN,
        "Interest Expense Non Operating": NaN,
        "Interest Income Non Operating": NaN,
        "Operating Income": NaN,
        "Operating Expense": NaN,
        "Depreciation Amortization Depletion Income Statement": NaN,
        "Depreciation And Amortization In Income Statement": NaN,
        "Selling General And Administration": NaN,
        "Gross Profit": NaN,
        "Cost Of Revenue": NaN,
        "Total Revenue": NaN,
        "Operating Revenue": NaN
    },
    "2024-09-30": {
        "Tax Effect Of Unusual Items": -617686.633225,
        "Tax Rate For Calcs": 0.24609,
        "Normalized EBITDA": 10947000.0,
        "Total Unusual Items": -2510000.0,
        "Total Unusual Items Excluding Goodwill": -2510000.0,
        "Net Income From Continuing Operation Net Minority Interest": 2555000.0,
        "Reconciled Depreciation": 4498000.0,
        "Reconciled Cost Of Revenue": 250961000.0,
        "EBITDA": 8437000.0,
        "EBIT": 3939000.0,
        "Net Interest Income": 557000.0,
        "Interest Expense": 550000.0,
        "Interest Income": 1107000.0,
        "Normalized Income": 4447313.366775,
        "Net Income From Continuing And Discontinued Operation": 2555000.0,
        "Total Expenses": 309756000.0,
        "Total Operating Income As Reported": 2853000.0,
        "Diluted Average Shares": 33058000.0,
        "Basic Average Shares": 33016000.0,
        "Diluted EPS": 0.08,
        "Basic EPS": 0.08,
        "Diluted NI Availto Com Stockholders": 2555000.0,
        "Net Income Common Stockholders": 2555000.0,
        "Net Income": 2555000.0,
        "Net Income Including Noncontrolling Interests": 2555000.0,
        "Net Income Continuous Operations": 2555000.0,
        "Tax Provision": 834000.0,
        "Pretax Income": 3389000.0,
        "Other Income Expense": -2531000.0,
        "Other Non Operating Income Expenses": -21000.0,
        "Special Income Charges": -2510000.0,
        "Other Special Charges": NaN,
        "Write Off": 1512000.0,
        "Impairment Of Capital Assets": 0.0,
        "Restructuring And Mergern Acquisition": 998000.0,
        "Net Non Operating Interest Income Expense": 557000.0,
        "Interest Expense Non Operating": 550000.0,
        "Interest Income Non Operating": 1107000.0,
        "Operating Income": 5363000.0,
        "Operating Expense": 58795000.0,
        "Depreciation Amortization Depletion Income Statement": 4498000.0,
        "Depreciation And Amortization In Income Statement": 4498000.0,
        "Selling General And Administration": 54297000.0,
        "Gross Profit": 64158000.0,
        "Cost Of Revenue": 250961000.0,
        "Total Revenue": 315119000.0,
        "Operating Revenue": 315119000.0
    },
    "2024-12-31": {
        "Tax Effect Of Unusual Items": -226815.022994,
        "Tax Rate For Calcs": 0.041134,
        "Normalized EBITDA": 6549000.0,
        "Total Unusual Items": -5514000.0,
        "Total Unusual Items Excluding Goodwill": -5514000.0,
        "Net Income From Continuing Operation Net Minority Interest": -3753000.0,
        "Reconciled Depreciation": 4341000.0,
        "Reconciled Cost Of Revenue": 247948000.0,
        "EBITDA": 1035000.0,
        "EBIT": -3306000.0,
        "Net Interest Income": -73000.0,
        "Interest Expense": 608000.0,
        "Interest Income": 535000.0,
        "Normalized Income": 1534184.977006,
        "Net Income From Continuing And Discontinued Operation": -3753000.0,
        "Total Expenses": 307859000.0,
        "Total Operating Income As Reported": -3433000.0,
        "Diluted Average Shares": 32338000.0,
        "Basic Average Shares": 32338000.0,
        "Diluted EPS": -0.12,
        "Basic EPS": -0.12,
        "Diluted NI Availto Com Stockholders": -3753000.0,
        "Net Income Common Stockholders": -3753000.0,
        "Net Income": -3753000.0,
        "Net Income Including Noncontrolling Interests": -3753000.0,
        "Net Income Continuous Operations": -3753000.0,
        "Tax Provision": -161000.0,
        "Pretax Income": -3914000.0,
        "Other Income Expense": -5922000.0,
        "Other Non Operating Income Expenses": -408000.0,
        "Special Income Charges": -5514000.0,
        "Other Special Charges": -928000.0,
        "Write Off": -228000.0,
        "Impairment Of Capital Assets": 2170000.0,
        "Restructuring And Mergern Acquisition": 4500000.0,
        "Net Non Operating Interest Income Expense": -73000.0,
        "Interest Expense Non Operating": 608000.0,
        "Interest Income Non Operating": 535000.0,
        "Operating Income": 2081000.0,
        "Operating Expense": 59911000.0,
        "Depreciation Amortization Depletion Income Statement": 4341000.0,
        "Depreciation And Amortization In Income Statement": 4341000.0,
        "Selling General And Administration": 55570000.0,
        "Gross Profit": 61992000.0,
        "Cost Of Revenue": 247948000.0,
        "Total Revenue": 309940000.0,
        "Operating Revenue": 309940000.0
    },
    "2025-03-31": {
        "Tax Effect Of Unusual Items": -499170.0,
        "Tax Rate For Calcs": 0.21,
        "Normalized EBITDA": 6793000.0,
        "Total Unusual Items": -2377000.0,
        "Total Unusual Items Excluding Goodwill": -2377000.0,
        "Net Income From Continuing Operation Net Minority Interest": -490000.0,
        "Reconciled Depreciation": 4772000.0,
        "Reconciled Cost Of Revenue": 234750000.0,
        "EBITDA": 4416000.0,
        "EBIT": -356000.0,
        "Net Interest Income": 138000.0,
        "Interest Expense": 543000.0,
        "Interest Income": 681000.0,
        "Normalized Income": 1387830.0,
        "Net Income From Continuing And Discontinued Operation": -490000.0,
        "Total Expenses": 292008000.0,
        "Total Operating Income As Reported": -977000.0,
        "Diluted Average Shares": 32282000.0,
        "Basic Average Shares": 32282000.0,
        "Diluted EPS": -0.02,
        "Basic EPS": -0.02,
        "Diluted NI Availto Com Stockholders": -490000.0,
        "Net Income Common Stockholders": -490000.0,
        "Net Income": -490000.0,
        "Net Income Including Noncontrolling Interests": -490000.0,
        "Net Income Continuous Operations": -490000.0,
        "Tax Provision": -409000.0,
        "Pretax Income": -899000.0,
        "Other Income Expense": -2437000.0,
        "Other Non Operating Income Expenses": -60000.0,
        "Special Income Charges": -2377000.0,
        "Other Special Charges": NaN,
        "Write Off": 35000.0,
        "Impairment Of Capital Assets": 0.0,
        "Restructuring And Mergern Acquisition": 2342000.0,
        "Net Non Operating Interest Income Expense": 138000.0,
        "Interest Expense Non Operating": 543000.0,
        "Interest Income Non Operating": 681000.0,
        "Operating Income": 1400000.0,
        "Operating Expense": 57258000.0,
        "Depreciation Amortization Depletion Income Statement": 4772000.0,
        "Depreciation And Amortization In Income Statement": 4772000.0,
        "Selling General And Administration": 52486000.0,
        "Gross Profit": 58658000.0,
        "Cost Of Revenue": 234750000.0,
        "Total Revenue": 293408000.0,
        "Operating Revenue": 293408000.0
    },
    "2025-06-30": {
        "Tax Effect Of Unusual Items": -1619520.0,
        "Tax Rate For Calcs": 0.21,
        "Normalized EBITDA": 6633000.0,
        "Total Unusual Items": -7712000.0,
        "Total Unusual Items Excluding Goodwill": -7712000.0,
        "Net Income From Continuing Operation Net Minority Interest": -6659000.0,
        "Reconciled Depreciation": 4101000.0,
        "Reconciled Cost Of Revenue": 218068000.0,
        "EBITDA": -1079000.0,
        "EBIT": -5180000.0,
        "Net Interest Income": 153000.0,
        "Interest Expense": 549000.0,
        "Interest Income": 702000.0,
        "Normalized Income": -566520.0,
        "Net Income From Continuing And Discontinued Operation": -6659000.0,
        "Total Expenses": 272219000.0,
        "Total Operating Income As Reported": -5859000.0,
        "Diluted Average Shares": 32492000.0,
        "Basic Average Shares": 32492000.0,
        "Diluted EPS": -0.2,
        "Basic EPS": -0.2,
        "Diluted NI Availto Com Stockholders": -6659000.0,
        "Net Income Common Stockholders": -6659000.0,
        "Net Income": -6659000.0,
        "Net Income Including Noncontrolling Interests": -6659000.0,
        "Net Income Continuous Operations": -6659000.0,
        "Tax Provision": 930000.0,
        "Pretax Income": -5729000.0,
        "Other Income Expense": -7735000.0,
        "Other Non Operating Income Expenses": -23000.0,
        "Special Income Charges": -7712000.0,
        "Other Special Charges": 1099000.0,
        "Write Off": 30000.0,
        "Impairment Of Capital Assets": 0.0,
        "Restructuring And Mergern Acquisition": 6583000.0,
        "Net Non Operating Interest Income Expense": 153000.0,
        "Interest Expense Non Operating": 549000.0,
        "Interest Income Non Operating": 702000.0,
        "Operating Income": 1853000.0,
        "Operating Expense": 54151000.0,
        "Depreciation Amortization Depletion Income Statement": 4101000.0,
        "Depreciation And Amortization In Income Statement": 4101000.0,
        "Selling General And Administration": 50050000.0,
        "Gross Profit": 56004000.0,
        "Cost Of Revenue": 218068000.0,
        "Total Revenue": 274072000.0,
        "Operating Revenue": 274072000.0
    },
    "2025-09-30": {
        "Tax Effect Of Unusual Items": -906019.868724,
        "Tax Rate For Calcs": 0.153096,
        "Normalized EBITDA": 4925000.0,
        "Total Unusual Items": -5918000.0,
        "Total Unusual Items Excluding Goodwill": -5918000.0,
        "Net Income From Continuing Operation Net Minority Interest": -4774000.0,
        "Reconciled Depreciation": 4088000.0,
        "Reconciled Cost Of Revenue": 199125000.0,
        "EBITDA": -993000.0,
        "EBIT": -5081000.0,
        "Net Interest Income": 308000.0,
        "Interest Expense": 556000.0,
        "Interest Income": 864000.0,
        "Normalized Income": 237980.131276,
        "Net Income From Continuing And Discontinued Operation": -4774000.0,
        "Total Expenses": 250107000.0,
        "Total Operating Income As Reported": -5973000.0,
        "Diluted Average Shares": 32524000.0,
        "Basic Average Shares": 32524000.0,
        "Diluted EPS": -0.15,
        "Basic EPS": -0.15,
        "Diluted NI Availto Com Stockholders": -4774000.0,
        "Net Income Common Stockholders": -4774000.0,
        "Net Income": -4774000.0,
        "Net Income Including Noncontrolling Interests": -4774000.0,
        "Net Income Continuous Operations": -4774000.0,
        "Tax Provision": -863000.0,
        "Pretax Income": -5637000.0,
        "Other Income Expense": -5890000.0,
        "Other Non Operating Income Expenses": 28000.0,
        "Special Income Charges": -5918000.0,
        "Other Special Charges": 1102000.0,
        "Write Off": -861000.0,
        "Impairment Of Capital Assets": 0.0,
        "Restructuring And Mergern Acquisition": 5677000.0,
        "Net Non Operating Interest Income Expense": 308000.0,
        "Interest Expense Non Operating": 556000.0,
        "Interest Income Non Operating": 864000.0,
        "Operating Income": -55000.0,
        "Operating Expense": 50982000.0,
        "Depreciation Amortization Depletion Income Statement": 4088000.0,
        "Depreciation And Amortization In Income Statement": 4088000.0,
        "Selling General And Administration": 46894000.0,
        "Gross Profit": 50927000.0,
        "Cost Of Revenue": 199125000.0,
        "Total Revenue": 250052000.0,
        "Operating Revenue": 250052000.0
    }
}