{
    "2023-03-31": {
        "Tax Effect Of Unusual Items": 0.0,
        "Tax Rate For Calcs": 0.249,
        "Normalized EBITDA": 37500000.0,
        "Net Income From Continuing Operation Net Minority Interest": 15458000.0,
        "Reconciled Depreciation": 4347000.0,
        "Reconciled Cost Of Revenue": 17508000.0,
        "EBITDA": 37500000.0,
        "EBIT": 33153000.0,
        "Net Interest Income": -12566000.0,
        "Interest Expense": 12566000.0,
        "Interest Income": 0.0,
        "Normalized Income": 15458000.0,
        "Net Income From Continuing And Discontinued Operation": 15458000.0,
        "Total Expenses": 57457000.0,
        "Total Operating Income As Reported": 33997000.0,
        "Diluted Average Shares": 19884657.0,
        "Basic Average Shares": 19847280.0,
        "Diluted EPS": 0.78,
        "Basic EPS": 0.78,
        "Diluted NI Availto Com Stockholders": 15437000.0,
        "Net Income Common Stockholders": 15437000.0,
        "Otherunder Preferred Stock Dividend": 21000.0,
        "Net Income": 15458000.0,
        "Net Income Including Noncontrolling Interests": 15458000.0,
        "Net Income Discontinuous Operations": NaN,
        "Net Income Continuous Operations": 15458000.0,
        "Tax Provision": 5129000.0,
        "Pretax Income": 20587000.0,
        "Other Income Expense": -844000.0,
        "Other Non Operating Income Expenses": -844000.0,
        "Net Non Operating Interest Income Expense": -12566000.0,
        "Interest Expense Non Operating": 12566000.0,
        "Interest Income Non Operating": 0.0,
        "Operating Income": 33997000.0,
        "Operating Expense": 39949000.0,
        "Research And Development": 1904000.0,
        "Selling General And Administration": 38045000.0,
        "Selling And Marketing Expense": 16893000.0,
        "General And Administrative Expense": 21152000.0,
        "Other Gand A": 21152000.0,
        "Salaries And Wages": NaN,
        "Gross Profit": 73946000.0,
        "Cost Of Revenue": 17508000.0,
        "Total Revenue": 91454000.0,
        "Operating Revenue": 91454000.0
    },
    "2022-12-31": {
        "Tax Effect Of Unusual Items": NaN,
        "Tax Rate For Calcs": NaN,
        "Normalized EBITDA": NaN,
        "Net Income From Continuing Operation Net Minority Interest": NaN,
        "Reconciled Depreciation": NaN,
        "Reconciled Cost Of Revenue": NaN,
        "EBITDA": NaN,
        "EBIT": NaN,
        "Net Interest Income": NaN,
        "Interest Expense": NaN,
        "Interest Income": NaN,
        "Normalized Income": NaN,
        "Net Income From Continuing And Discontinued Operation": NaN,
        "Total Expenses": NaN,
        "Total Operating Income As Reported": NaN,
        "Diluted Average Shares": NaN,
        "Basic Average Shares": NaN,
        "Diluted EPS": NaN,
        "Basic EPS": NaN,
        "Diluted NI Availto Com Stockholders": NaN,
        "Net Income Common Stockholders": NaN,
        "Otherunder Preferred Stock Dividend": NaN,
        "Net Income": NaN,
        "Net Income Including Noncontrolling Interests": NaN,
        "Net Income Discontinuous Operations": 0.0,
        "Net Income Continuous Operations": NaN,
        "Tax Provision": NaN,
        "Pretax Income": NaN,
        "Other Income Expense": NaN,
        "Other Non Operating Income Expenses": NaN,
        "Net Non Operating Interest Income Expense": NaN,
        "Interest Expense Non Operating": NaN,
        "Interest Income Non Operating": NaN,
        "Operating Income": NaN,
        "Operating Expense": NaN,
        "Research And Development": NaN,
        "Selling General And Administration": NaN,
        "Selling And Marketing Expense": NaN,
        "General And Administrative Expense": NaN,
        "Other Gand A": NaN,
        "Salaries And Wages": NaN,
        "Gross Profit": NaN,
        "Cost Of Revenue": NaN,
        "Total Revenue": NaN,
        "Operating Revenue": NaN
    },
    "2022-09-30": {
        "Tax Effect Of Unusual Items": NaN,
        "Tax Rate For Calcs": NaN,
        "Normalized EBITDA": NaN,
        "Net Income From Continuing Operation Net Minority Interest": NaN,
        "Reconciled Depreciation": NaN,
        "Reconciled Cost Of Revenue": NaN,
        "EBITDA": NaN,
        "EBIT": NaN,
        "Net Interest Income": NaN,
        "Interest Expense": NaN,
        "Interest Income": NaN,
        "Normalized Income": NaN,
        "Net Income From Continuing And Discontinued Operation": NaN,
        "Total Expenses": NaN,
        "Total Operating Income As Reported": NaN,
        "Diluted Average Shares": NaN,
        "Basic Average Shares": NaN,
        "Diluted EPS": NaN,
        "Basic EPS": NaN,
        "Diluted NI Availto Com Stockholders": NaN,
        "Net Income Common Stockholders": NaN,
        "Otherunder Preferred Stock Dividend": NaN,
        "Net Income": NaN,
        "Net Income Including Noncontrolling Interests": NaN,
        "Net Income Discontinuous Operations": 0.0,
        "Net Income Continuous Operations": NaN,
        "Tax Provision": NaN,
        "Pretax Income": NaN,
        "Other Income Expense": NaN,
        "Other Non Operating Income Expenses": NaN,
        "Net Non Operating Interest Income Expense": NaN,
        "Interest Expense Non Operating": NaN,
        "Interest Income Non Operating": NaN,
        "Operating Income": NaN,
        "Operating Expense": NaN,
        "Research And Development": NaN,
        "Selling General And Administration": NaN,
        "Selling And Marketing Expense": NaN,
        "General And Administrative Expense": NaN,
        "Other Gand A": NaN,
        "Salaries And Wages": NaN,
        "Gross Profit": NaN,
        "Cost Of Revenue": NaN,
        "Total Revenue": NaN,
        "Operating Revenue": NaN
    },
    "2022-06-30": {
        "Tax Effect Of Unusual Items": 0.0,
        "Tax Rate For Calcs": 0.263,
        "Normalized EBITDA": 46426000.0,
        "Net Income From Continuing Operation Net Minority Interest": 22274000.0,
        "Reconciled Depreciation": 3858000.0,
        "Reconciled Cost Of Revenue": 15587000.0,
        "EBITDA": 46426000.0,
        "EBIT": 42568000.0,
        "Net Interest Income": -12359000.0,
        "Interest Expense": 12359000.0,
        "Interest Income": NaN,
        "Normalized Income": 22274000.0,
        "Net Income From Continuing And Discontinued Operation": 22274000.0,
        "Total Expenses": 52172000.0,
        "Total Operating Income As Reported": 40991000.0,
        "Diluted Average Shares": 19968340.0,
        "Basic Average Shares": 19928316.0,
        "Diluted EPS": 1.1,
        "Basic EPS": 1.1,
        "Diluted NI Availto Com Stockholders": 22274000.0,
        "Net Income Common Stockholders": 22274000.0,
        "Otherunder Preferred Stock Dividend": NaN,
        "Net Income": 22274000.0,
        "Net Income Including Noncontrolling Interests": 22274000.0,
        "Net Income Discontinuous Operations": 0.0,
        "Net Income Continuous Operations": 22274000.0,
        "Tax Provision": 7935000.0,
        "Pretax Income": 30209000.0,
        "Other Income Expense": 1577000.0,
        "Other Non Operating Income Expenses": 1577000.0,
        "Net Non Operating Interest Income Expense": -12359000.0,
        "Interest Expense Non Operating": 12359000.0,
        "Interest Income Non Operating": NaN,
        "Operating Income": 40991000.0,
        "Operating Expense": 36585000.0,
        "Research And Development": 2741000.0,
        "Selling General And Administration": 33844000.0,
        "Selling And Marketing Expense": 16394000.0,
        "General And Administrative Expense": 17450000.0,
        "Other Gand A": 17450000.0,
        "Salaries And Wages": NaN,
        "Gross Profit": 77576000.0,
        "Cost Of Revenue": 15587000.0,
        "Total Revenue": 93163000.0,
        "Operating Revenue": 93163000.0
    },
    "2022-03-31": {
        "Diluted EPS": 0.92,
        "Total Revenue": 89,
        "Gross Profit": 74,
        "Operating Income": 39,
        "EBIT": 43,
        "Net Income": 18
    },
    "2021-12-31": {
        "Diluted EPS": 0.31,
        "Total Revenue": 89,
        "Gross Profit": 74,
        "Operating Income": 21,
        "EBIT": 24,
        "Net Income": 7
    },
    "2021-09-30": {
        "Diluted EPS": 1.37,
        "Total Revenue": 89,
        "Gross Profit": 75,
        "Operating Income": 51,
        "EBIT": 67,
        "Net Income": 27
    },
    "2021-06-30": {
        "Diluted EPS": 1.38,
        "Total Revenue": 88,
        "Gross Profit": 73,
        "Operating Income": 52,
        "EBIT": 100,
        "Net Income": 28
    },
    "2021-03-31": {
        "Diluted EPS": 2.38,
        "Total Revenue": 87,
        "Gross Profit": 73,
        "Operating Income": 52,
        "EBIT": 69,
        "Net Income": 47
    },
    "2020-12-31": {
        "Diluted EPS": 0.0,
        "Total Revenue": NaN,
        "Gross Profit": NaN,
        "Operating Income": NaN,
        "EBIT": NaN,
        "Net Income": NaN
    },
    "2020-09-30": {
        "Diluted EPS": 0.0,
        "Total Revenue": 170,
        "Gross Profit": 132,
        "Operating Income": 63,
        "EBIT": 83,
        "Net Income": 59
    },
    "2020-06-30": {
        "Diluted EPS": 0.0,
        "Total Revenue": NaN,
        "Gross Profit": NaN,
        "Operating Income": NaN,
        "EBIT": NaN,
        "Net Income": NaN
    },
    "2019-12-31": {
        "Diluted EPS": 0.0,
        "Total Revenue": NaN,
        "Gross Profit": NaN,
        "Operating Income": NaN,
        "EBIT": NaN,
        "Net Income": NaN
    },
    "2018-12-31": {
        "Diluted EPS": 0.0,
        "Total Revenue": NaN,
        "Gross Profit": NaN,
        "Operating Income": NaN,
        "EBIT": NaN,
        "Net Income": NaN
    },
    "2023-06-30": {
        "Tax Effect Of Unusual Items": NaN,
        "Tax Rate For Calcs": NaN,
        "Normalized EBITDA": NaN,
        "Net Income From Continuing Operation Net Minority Interest": NaN,
        "Reconciled Depreciation": NaN,
        "Reconciled Cost Of Revenue": NaN,
        "EBITDA": NaN,
        "EBIT": NaN,
        "Net Interest Income": NaN,
        "Interest Expense": NaN,
        "Interest Income": NaN,
        "Normalized Income": NaN,
        "Net Income From Continuing And Discontinued Operation": NaN,
        "Total Expenses": NaN,
        "Total Operating Income As Reported": NaN,
        "Diluted Average Shares": NaN,
        "Basic Average Shares": NaN,
        "Diluted EPS": NaN,
        "Basic EPS": NaN,
        "Diluted NI Availto Com Stockholders": NaN,
        "Net Income Common Stockholders": NaN,
        "Otherunder Preferred Stock Dividend": NaN,
        "Net Income": NaN,
        "Net Income Including Noncontrolling Interests": NaN,
        "Net Income Continuous Operations": NaN,
        "Tax Provision": NaN,
        "Pretax Income": NaN,
        "Other Income Expense": NaN,
        "Other Non Operating Income Expenses": NaN,
        "Net Non Operating Interest Income Expense": NaN,
        "Interest Expense Non Operating": NaN,
        "Interest Income Non Operating": NaN,
        "Operating Income": NaN,
        "Operating Expense": NaN,
        "Research And Development": NaN,
        "Selling General And Administration": NaN,
        "Selling And Marketing Expense": NaN,
        "General And Administrative Expense": NaN,
        "Other Gand A": NaN,
        "Salaries And Wages": 4277000.0,
        "Gross Profit": NaN,
        "Cost Of Revenue": NaN,
        "Total Revenue": NaN,
        "Operating Revenue": NaN
    },
    "2023-09-30": {
        "Tax Effect Of Unusual Items": NaN,
        "Tax Rate For Calcs": NaN,
        "Normalized EBITDA": NaN,
        "Net Income From Continuing Operation Net Minority Interest": NaN,
        "Reconciled Depreciation": NaN,
        "Reconciled Cost Of Revenue": NaN,
        "EBITDA": NaN,
        "EBIT": NaN,
        "Net Interest Income": NaN,
        "Interest Expense": NaN,
        "Interest Income": NaN,
        "Normalized Income": NaN,
        "Net Income From Continuing And Discontinued Operation": NaN,
        "Total Expenses": NaN,
        "Total Operating Income As Reported": NaN,
        "Diluted Average Shares": 19647855.0,
        "Basic Average Shares": 19627188.0,
        "Diluted EPS": 1.22,
        "Basic EPS": 1.22,
        "Diluted NI Availto Com Stockholders": NaN,
        "Net Income Common Stockholders": NaN,
        "Otherunder Preferred Stock Dividend": 12000.0,
        "Net Income": NaN,
        "Net Income Including Noncontrolling Interests": NaN,
        "Net Income Continuous Operations": NaN,
        "Tax Provision": NaN,
        "Pretax Income": NaN,
        "Other Income Expense": NaN,
        "Other Non Operating Income Expenses": NaN,
        "Net Non Operating Interest Income Expense": NaN,
        "Interest Expense Non Operating": NaN,
        "Interest Income Non Operating": NaN,
        "Operating Income": NaN,
        "Operating Expense": NaN,
        "Research And Development": NaN,
        "Selling General And Administration": NaN,
        "Selling And Marketing Expense": NaN,
        "General And Administrative Expense": NaN,
        "Other Gand A": NaN,
        "Gross Profit": NaN,
        "Cost Of Revenue": NaN,
        "Total Revenue": NaN,
        "Operating Revenue": NaN
    },
    "2023-12-31": {
        "Tax Effect Of Unusual Items": NaN,
        "Tax Rate For Calcs": NaN,
        "Normalized EBITDA": NaN,
        "Net Income From Continuing Operation Net Minority Interest": NaN,
        "Reconciled Depreciation": NaN,
        "Reconciled Cost Of Revenue": NaN,
        "EBITDA": NaN,
        "EBIT": NaN,
        "Net Interest Income": NaN,
        "Interest Expense": NaN,
        "Interest Income": NaN,
        "Normalized Income": NaN,
        "Net Income From Continuing And Discontinued Operation": NaN,
        "Total Expenses": NaN,
        "Total Operating Income As Reported": NaN,
        "Diluted Average Shares": NaN,
        "Basic Average Shares": NaN,
        "Diluted EPS": NaN,
        "Basic EPS": NaN,
        "Diluted NI Availto Com Stockholders": NaN,
        "Net Income Common Stockholders": NaN,
        "Otherunder Preferred Stock Dividend": 7000.0,
        "Net Income": NaN,
        "Net Income Including Noncontrolling Interests": NaN,
        "Net Income Continuous Operations": NaN,
        "Tax Provision": NaN,
        "Pretax Income": NaN,
        "Other Income Expense": NaN,
        "Other Non Operating Income Expenses": NaN,
        "Net Non Operating Interest Income Expense": NaN,
        "Interest Expense Non Operating": NaN,
        "Interest Income Non Operating": NaN,
        "Operating Income": NaN,
        "Operating Expense": NaN,
        "Research And Development": NaN,
        "Selling General And Administration": NaN,
        "Selling And Marketing Expense": NaN,
        "General And Administrative Expense": NaN,
        "Other Gand A": NaN,
        "Gross Profit": NaN,
        "Cost Of Revenue": NaN,
        "Total Revenue": NaN,
        "Operating Revenue": NaN
    },
    "2024-03-31": {
        "Tax Effect Of Unusual Items": NaN,
        "Tax Rate For Calcs": NaN,
        "Normalized EBITDA": NaN,
        "Net Income From Continuing Operation Net Minority Interest": NaN,
        "Reconciled Depreciation": NaN,
        "Reconciled Cost Of Revenue": NaN,
        "EBITDA": NaN,
        "EBIT": NaN,
        "Net Interest Income": NaN,
        "Interest Expense": NaN,
        "Interest Income": NaN,
        "Normalized Income": NaN,
        "Net Income From Continuing And Discontinued Operation": NaN,
        "Total Expenses": NaN,
        "Total Operating Income As Reported": NaN,
        "Diluted Average Shares": NaN,
        "Basic Average Shares": NaN,
        "Diluted EPS": NaN,
        "Basic EPS": NaN,
        "Diluted NI Availto Com Stockholders": NaN,
        "Net Income Common Stockholders": NaN,
        "Otherunder Preferred Stock Dividend": 10000.0,
        "Net Income": NaN,
        "Net Income Including Noncontrolling Interests": NaN,
        "Net Income Continuous Operations": NaN,
        "Tax Provision": NaN,
        "Pretax Income": NaN,
        "Other Income Expense": NaN,
        "Other Non Operating Income Expenses": NaN,
        "Net Non Operating Interest Income Expense": NaN,
        "Interest Expense Non Operating": NaN,
        "Interest Income Non Operating": NaN,
        "Operating Income": NaN,
        "Operating Expense": NaN,
        "Research And Development": NaN,
        "Selling General And Administration": NaN,
        "Selling And Marketing Expense": NaN,
        "General And Administrative Expense": NaN,
        "Other Gand A": NaN,
        "Gross Profit": NaN,
        "Cost Of Revenue": NaN,
        "Total Revenue": NaN,
        "Operating Revenue": NaN
    },
    "2024-06-30": {
        "Tax Effect Of Unusual Items": 0.0,
        "Tax Rate For Calcs": 0.264963,
        "Normalized EBITDA": 46300000.0,
        "Net Income From Continuing Operation Net Minority Interest": 23874000.0,
        "Reconciled Depreciation": 5163000.0,
        "Reconciled Cost Of Revenue": 17122000.0,
        "EBITDA": 46300000.0,
        "EBIT": 41137000.0,
        "Net Interest Income": -8064000.0,
        "Interest Expense": 8657000.0,
        "Interest Income": 593000.0,
        "Normalized Income": 23874000.0,
        "Net Income From Continuing And Discontinued Operation": 23874000.0,
        "Total Expenses": 47619000.0,
        "Total Operating Income As Reported": 39881000.0,
        "Diluted Average Shares": 19287479.0,
        "Basic Average Shares": 19249116.0,
        "Diluted EPS": 1.24,
        "Basic EPS": 1.24,
        "Diluted NI Availto Com Stockholders": 23874000.0,
        "Net Income Common Stockholders": 23874000.0,
        "Otherunder Preferred Stock Dividend": 0.0,
        "Net Income": 23874000.0,
        "Net Income Including Noncontrolling Interests": 23874000.0,
        "Net Income Continuous Operations": 23874000.0,
        "Tax Provision": 8606000.0,
        "Pretax Income": 32480000.0,
        "Other Income Expense": 663000.0,
        "Other Non Operating Income Expenses": 663000.0,
        "Net Non Operating Interest Income Expense": -8064000.0,
        "Interest Expense Non Operating": 8657000.0,
        "Interest Income Non Operating": 593000.0,
        "Operating Income": 39881000.0,
        "Operating Expense": 30497000.0,
        "Research And Development": 1643000.0,
        "Selling General And Administration": 28854000.0,
        "Selling And Marketing Expense": 11718000.0,
        "General And Administrative Expense": 17136000.0,
        "Other Gand A": 17136000.0,
        "Gross Profit": 70378000.0,
        "Cost Of Revenue": 17122000.0,
        "Total Revenue": 87500000.0,
        "Operating Revenue": 87499000.0
    },
    "2024-09-30": {
        "Tax Effect Of Unusual Items": 0.0,
        "Tax Rate For Calcs": 0.225,
        "Normalized EBITDA": 42053000.0,
        "Net Income From Continuing Operation Net Minority Interest": 21120000.0,
        "Reconciled Depreciation": 5038000.0,
        "Reconciled Cost Of Revenue": 17658000.0,
        "EBITDA": 42053000.0,
        "EBIT": 37015000.0,
        "Net Interest Income": -9101000.0,
        "Interest Expense": 9760000.0,
        "Interest Income": 659000.0,
        "Normalized Income": 21120000.0,
        "Net Income From Continuing And Discontinued Operation": 21120000.0,
        "Total Expenses": 49328000.0,
        "Total Operating Income As Reported": 38425000.0,
        "Diluted Average Shares": 19442130.0,
        "Basic Average Shares": 19300283.0,
        "Diluted EPS": 1.09,
        "Basic EPS": 1.09,
        "Diluted NI Availto Com Stockholders": 21120000.0,
        "Net Income Common Stockholders": 21120000.0,
        "Otherunder Preferred Stock Dividend": 0.0,
        "Net Income": 21120000.0,
        "Net Income Including Noncontrolling Interests": 21120000.0,
        "Net Income Continuous Operations": 21120000.0,
        "Tax Provision": 6135000.0,
        "Pretax Income": 27255000.0,
        "Other Income Expense": -2069000.0,
        "Other Non Operating Income Expenses": -2069000.0,
        "Net Non Operating Interest Income Expense": -9101000.0,
        "Interest Expense Non Operating": 9760000.0,
        "Interest Income Non Operating": 659000.0,
        "Operating Income": 38425000.0,
        "Operating Expense": 31670000.0,
        "Research And Development": 2034000.0,
        "Selling General And Administration": 29636000.0,
        "Selling And Marketing Expense": 12500000.0,
        "General And Administrative Expense": 17136000.0,
        "Other Gand A": 17136000.0,
        "Gross Profit": 70095000.0,
        "Cost Of Revenue": 17658000.0,
        "Total Revenue": 87753000.0,
        "Operating Revenue": 87749000.0
    },
    "2024-12-31": {
        "Tax Effect Of Unusual Items": 0.0,
        "Tax Rate For Calcs": 0.310714,
        "Normalized EBITDA": 41128000.0,
        "Net Income From Continuing Operation Net Minority Interest": 18071000.0,
        "Reconciled Depreciation": 5548000.0,
        "Reconciled Cost Of Revenue": 17860000.0,
        "EBITDA": 41128000.0,
        "EBIT": 35580000.0,
        "Net Interest Income": -8992000.0,
        "Interest Expense": 9363000.0,
        "Interest Income": 371000.0,
        "Normalized Income": 18071000.0,
        "Net Income From Continuing And Discontinued Operation": 18071000.0,
        "Total Expenses": 53556000.0,
        "Total Operating Income As Reported": 33427000.0,
        "Diluted Average Shares": 19570921.0,
        "Basic Average Shares": 19375450.0,
        "Diluted EPS": 0.92,
        "Basic EPS": 0.93,
        "Diluted NI Availto Com Stockholders": 18080000.0,
        "Net Income Common Stockholders": 18080000.0,
        "Otherunder Preferred Stock Dividend": NaN,
        "Net Income": 18071000.0,
        "Net Income Including Noncontrolling Interests": 18071000.0,
        "Net Income Continuous Operations": 18071000.0,
        "Tax Provision": 8146000.0,
        "Pretax Income": 26217000.0,
        "Other Income Expense": 1782000.0,
        "Other Non Operating Income Expenses": 1782000.0,
        "Net Non Operating Interest Income Expense": -8992000.0,
        "Interest Expense Non Operating": 9363000.0,
        "Interest Income Non Operating": 371000.0,
        "Operating Income": 33427000.0,
        "Operating Expense": 35696000.0,
        "Research And Development": 2101000.0,
        "Selling General And Administration": 33595000.0,
        "Selling And Marketing Expense": 14289000.0,
        "General And Administrative Expense": 19306000.0,
        "Other Gand A": 19306000.0,
        "Gross Profit": 69123000.0,
        "Cost Of Revenue": 17860000.0,
        "Total Revenue": 86983000.0,
        "Operating Revenue": 86978000.0
    },
    "2025-03-31": {
        "Tax Effect Of Unusual Items": 0.0,
        "Tax Rate For Calcs": 0.241,
        "Normalized EBITDA": 42029000.0,
        "Net Income From Continuing Operation Net Minority Interest": 21152000.0,
        "Reconciled Depreciation": 5178000.0,
        "Reconciled Cost Of Revenue": 18070000.0,
        "EBITDA": 42029000.0,
        "EBIT": 36851000.0,
        "Net Interest Income": -8525000.0,
        "Interest Expense": 8976000.0,
        "Interest Income": 451000.0,
        "Normalized Income": 21152000.0,
        "Net Income From Continuing And Discontinued Operation": 21152000.0,
        "Total Expenses": 49641000.0,
        "Total Operating Income As Reported": 37497000.0,
        "Diluted Average Shares": 19690822.0,
        "Basic Average Shares": 19530579.0,
        "Diluted EPS": 1.07,
        "Basic EPS": 1.08,
        "Diluted NI Availto Com Stockholders": 21152000.0,
        "Net Income Common Stockholders": 21152000.0,
        "Otherunder Preferred Stock Dividend": 0.0,
        "Net Income": 21152000.0,
        "Net Income Including Noncontrolling Interests": 21152000.0,
        "Net Income Continuous Operations": 21152000.0,
        "Tax Provision": 6723000.0,
        "Pretax Income": 27875000.0,
        "Other Income Expense": -1097000.0,
        "Other Non Operating Income Expenses": -1097000.0,
        "Net Non Operating Interest Income Expense": -8525000.0,
        "Interest Expense Non Operating": 8976000.0,
        "Interest Income Non Operating": 451000.0,
        "Operating Income": 37497000.0,
        "Operating Expense": 31571000.0,
        "Research And Development": 1712000.0,
        "Selling General And Administration": 29859000.0,
        "Selling And Marketing Expense": 12788000.0,
        "General And Administrative Expense": 17071000.0,
        "Other Gand A": 17071000.0,
        "Gross Profit": 69068000.0,
        "Cost Of Revenue": 18070000.0,
        "Total Revenue": 87138000.0,
        "Operating Revenue": 87138000.0
    },
    "2025-06-30": {
        "Tax Effect Of Unusual Items": 0.0,
        "Tax Rate For Calcs": 0.271966,
        "Normalized EBITDA": 41788000.0,
        "Net Income From Continuing Operation Net Minority Interest": 20781000.0,
        "Reconciled Depreciation": 4571000.0,
        "Reconciled Cost Of Revenue": 17624000.0,
        "EBITDA": 41788000.0,
        "EBIT": 37217000.0,
        "Net Interest Income": -8189000.0,
        "Interest Expense": 8673000.0,
        "Interest Income": 484000.0,
        "Normalized Income": 20781000.0,
        "Net Income From Continuing And Discontinued Operation": 20781000.0,
        "Total Expenses": 48672000.0,
        "Total Operating Income As Reported": 39049000.0,
        "Diluted Average Shares": 19497090.0,
        "Basic Average Shares": 19437315.0,
        "Diluted EPS": 1.07,
        "Basic EPS": 1.07,
        "Diluted NI Availto Com Stockholders": 20781000.0,
        "Net Income Common Stockholders": 20781000.0,
        "Otherunder Preferred Stock Dividend": 0.0,
        "Net Income": 20781000.0,
        "Net Income Including Noncontrolling Interests": 20781000.0,
        "Net Income Continuous Operations": 20781000.0,
        "Tax Provision": 7763000.0,
        "Pretax Income": 28544000.0,
        "Other Income Expense": -2316000.0,
        "Other Non Operating Income Expenses": -2316000.0,
        "Net Non Operating Interest Income Expense": -8189000.0,
        "Interest Expense Non Operating": 8673000.0,
        "Interest Income Non Operating": 484000.0,
        "Operating Income": 39049000.0,
        "Operating Expense": 31048000.0,
        "Research And Development": 1744000.0,
        "Selling General And Administration": 29304000.0,
        "Selling And Marketing Expense": 12452000.0,
        "General And Administrative Expense": 16852000.0,
        "Other Gand A": 16852000.0,
        "Gross Profit": 70097000.0,
        "Cost Of Revenue": 17624000.0,
        "Total Revenue": 87721000.0,
        "Operating Revenue": 87716000.0
    }
}