{
    "2023-03-31": {
        "Tax Effect Of Unusual Items": NaN,
        "Tax Rate For Calcs": NaN,
        "Normalized EBITDA": NaN,
        "Total Unusual Items": NaN,
        "Total Unusual Items Excluding Goodwill": NaN,
        "Net Income From Continuing Operation Net Minority Interest": NaN,
        "Reconciled Cost Of Revenue": NaN,
        "EBITDA": NaN,
        "EBIT": NaN,
        "Net Interest Income": NaN,
        "Interest Expense": 20451345000.0,
        "Interest Income": 10393133000.0,
        "Normalized Income": NaN,
        "Net Income From Continuing And Discontinued Operation": NaN,
        "Total Expenses": NaN,
        "Total Operating Income As Reported": 96769483000.0,
        "Diluted Average Shares": NaN,
        "Basic Average Shares": NaN,
        "Diluted EPS": NaN,
        "Basic EPS": NaN,
        "Diluted NI Availto Com Stockholders": NaN,
        "Net Income Common Stockholders": NaN,
        "Net Income": NaN,
        "Minority Interests": NaN,
        "Net Income Including Noncontrolling Interests": NaN,
        "Net Income Continuous Operations": NaN,
        "Tax Provision": NaN,
        "Pretax Income": NaN,
        "Other Income Expense": NaN,
        "Other Non Operating Income Expenses": NaN,
        "Special Income Charges": 180693000.0,
        "Gain On Sale Of Ppe": 156047000.0,
        "Other Special Charges": -24646000.0,
        "Earnings From Equity Interest": NaN,
        "Gain On Sale Of Security": NaN,
        "Net Non Operating Interest Income Expense": NaN,
        "Total Other Finance Cost": NaN,
        "Interest Expense Non Operating": 20451345000.0,
        "Interest Income Non Operating": 10393133000.0,
        "Operating Income": NaN,
        "Operating Expense": NaN,
        "Other Operating Expenses": NaN,
        "Selling General And Administration": NaN,
        "Selling And Marketing Expense": 138549179000.0,
        "General And Administrative Expense": 32358416000.0,
        "Other Gand A": 32358416000.0,
        "Gross Profit": NaN,
        "Cost Of Revenue": NaN,
        "Total Revenue": NaN,
        "Operating Revenue": NaN
    },
    "2022-12-31": {
        "Tax Effect Of Unusual Items": NaN,
        "Tax Rate For Calcs": NaN,
        "Normalized EBITDA": NaN,
        "Total Unusual Items": NaN,
        "Total Unusual Items Excluding Goodwill": NaN,
        "Net Income From Continuing Operation Net Minority Interest": NaN,
        "Reconciled Cost Of Revenue": NaN,
        "EBITDA": NaN,
        "EBIT": NaN,
        "Net Interest Income": NaN,
        "Interest Expense": NaN,
        "Interest Income": 5336811000.0,
        "Normalized Income": NaN,
        "Net Income From Continuing And Discontinued Operation": NaN,
        "Total Expenses": NaN,
        "Total Operating Income As Reported": 75152316000.0,
        "Diluted Average Shares": NaN,
        "Basic Average Shares": NaN,
        "Diluted EPS": NaN,
        "Basic EPS": NaN,
        "Diluted NI Availto Com Stockholders": NaN,
        "Net Income Common Stockholders": NaN,
        "Net Income": NaN,
        "Minority Interests": NaN,
        "Net Income Including Noncontrolling Interests": NaN,
        "Net Income Continuous Operations": NaN,
        "Tax Provision": NaN,
        "Pretax Income": NaN,
        "Other Income Expense": NaN,
        "Other Non Operating Income Expenses": NaN,
        "Special Income Charges": NaN,
        "Gain On Sale Of Ppe": -5521874000.0,
        "Other Special Charges": NaN,
        "Earnings From Equity Interest": NaN,
        "Gain On Sale Of Security": NaN,
        "Net Non Operating Interest Income Expense": NaN,
        "Interest Expense Non Operating": NaN,
        "Interest Income Non Operating": 5336811000.0,
        "Operating Income": NaN,
        "Operating Expense": NaN,
        "Other Operating Expenses": NaN,
        "Selling General And Administration": NaN,
        "Selling And Marketing Expense": 140451357000.0,
        "General And Administrative Expense": 51320223000.0,
        "Other Gand A": 51320223000.0,
        "Gross Profit": NaN,
        "Cost Of Revenue": NaN,
        "Total Revenue": NaN,
        "Operating Revenue": NaN
    },
    "2022-09-30": {
        "Tax Effect Of Unusual Items": -709907200.0,
        "Tax Rate For Calcs": 0.4,
        "Normalized EBITDA": 34365045000.0,
        "Total Unusual Items": -1774768000.0,
        "Total Unusual Items Excluding Goodwill": -1774768000.0,
        "Net Income From Continuing Operation Net Minority Interest": 17226082000.0,
        "Reconciled Cost Of Revenue": 391714494000.0,
        "EBITDA": 32590277000.0,
        "EBIT": 32590277000.0,
        "Net Interest Income": -18694897000.0,
        "Interest Expense": 23375161000.0,
        "Interest Income": 4680264000.0,
        "Normalized Income": 18290942800.0,
        "Net Income From Continuing And Discontinued Operation": 17226082000.0,
        "Total Expenses": 651692387000.0,
        "Total Operating Income As Reported": 34860198000.0,
        "Diluted Average Shares": 184751436.0,
        "Basic Average Shares": 184751436.0,
        "Diluted EPS": 93.2,
        "Basic EPS": 93.2,
        "Diluted NI Availto Com Stockholders": 17226082000.0,
        "Net Income Common Stockholders": 17226082000.0,
        "Net Income": 17226082000.0,
        "Minority Interests": -2174103000.0,
        "Net Income Including Noncontrolling Interests": 19400185000.0,
        "Net Income Continuous Operations": 19400185000.0,
        "Tax Provision": -10185069000.0,
        "Pretax Income": 9215116000.0,
        "Other Income Expense": -4503135000.0,
        "Other Non Operating Income Expenses": 767070000.0,
        "Special Income Charges": 6347841000.0,
        "Gain On Sale Of Ppe": 1693339000.0,
        "Other Special Charges": -4654502000.0,
        "Earnings From Equity Interest": -3495437000.0,
        "Gain On Sale Of Security": -8122609000.0,
        "Net Non Operating Interest Income Expense": -18694897000.0,
        "Interest Expense Non Operating": 23375161000.0,
        "Interest Income Non Operating": 4680264000.0,
        "Operating Income": 32413148000.0,
        "Operating Expense": 259977893000.0,
        "Other Operating Expenses": 72682545000.0,
        "Selling General And Administration": 187295348000.0,
        "Selling And Marketing Expense": 132334847000.0,
        "General And Administrative Expense": 54960501000.0,
        "Other Gand A": 54960501000.0,
        "Gross Profit": 292391041000.0,
        "Cost Of Revenue": 391714494000.0,
        "Total Revenue": 684105535000.0,
        "Operating Revenue": 684105535000.0
    },
    "2022-06-30": {
        "Tax Effect Of Unusual Items": 260748400.0,
        "Tax Rate For Calcs": 0.4,
        "Normalized EBITDA": 950955000.0,
        "Total Unusual Items": 651871000.0,
        "Total Unusual Items Excluding Goodwill": 651871000.0,
        "Net Income From Continuing Operation Net Minority Interest": -10455142000.0,
        "Reconciled Cost Of Revenue": 333194474000.0,
        "EBITDA": 1602826000.0,
        "EBIT": 1602826000.0,
        "Net Interest Income": -10512883000.0,
        "Interest Expense": 17018053000.0,
        "Interest Income": 6505170000.0,
        "Normalized Income": -10846264600.0,
        "Net Income From Continuing And Discontinued Operation": -10455142000.0,
        "Total Expenses": 560811987000.0,
        "Total Operating Income As Reported": 11845848000.0,
        "Diluted Average Shares": 184751436.0,
        "Basic Average Shares": 184751436.0,
        "Diluted EPS": -56.6,
        "Basic EPS": -56.6,
        "Diluted NI Availto Com Stockholders": -10455142000.0,
        "Net Income Common Stockholders": -10455142000.0,
        "Net Income": -10455142000.0,
        "Minority Interests": -3060295000.0,
        "Net Income Including Noncontrolling Interests": -7394847000.0,
        "Net Income Continuous Operations": -7394847000.0,
        "Tax Provision": -8020380000.0,
        "Pretax Income": -15415227000.0,
        "Other Income Expense": -2593241000.0,
        "Other Non Operating Income Expenses": 591954000.0,
        "Special Income Charges": -1434529000.0,
        "Gain On Sale Of Ppe": 44982000.0,
        "Other Special Charges": 1479511000.0,
        "Earnings From Equity Interest": -3837066000.0,
        "Gain On Sale Of Security": 2086400000.0,
        "Net Non Operating Interest Income Expense": -10512883000.0,
        "Interest Expense Non Operating": 17018053000.0,
        "Interest Income Non Operating": 6505170000.0,
        "Operating Income": -2309103000.0,
        "Operating Expense": 227617513000.0,
        "Other Operating Expenses": 73210154000.0,
        "Selling General And Administration": 154407359000.0,
        "Selling And Marketing Expense": 108715375000.0,
        "General And Administrative Expense": 45691984000.0,
        "Other Gand A": 45691984000.0,
        "Gross Profit": 225308410000.0,
        "Cost Of Revenue": 333194474000.0,
        "Total Revenue": 558502884000.0,
        "Operating Revenue": 558502884000.0
    },
    "2022-03-31": {
        "Diluted EPS": 0.42,
        "Total Revenue": 841,
        "Gross Profit": 388,
        "Operating Income": 116,
        "EBIT": 116,
        "Net Income": 77
    },
    "2021-12-31": {
        "Diluted EPS": 0.47,
        "Total Revenue": 965,
        "Gross Profit": 457,
        "Operating Income": 148,
        "EBIT": 148,
        "Net Income": 87
    },
    "2021-09-30": {
        "Diluted EPS": 0.3,
        "Total Revenue": 810,
        "Gross Profit": 380,
        "Operating Income": 93,
        "EBIT": 93,
        "Net Income": 55
    },
    "2021-06-30": {
        "Diluted EPS": 0.14,
        "Total Revenue": 658,
        "Gross Profit": 309,
        "Operating Income": 51,
        "EBIT": 51,
        "Net Income": 27
    },
    "2021-03-31": {
        "Diluted EPS": 0.49,
        "Total Revenue": 797,
        "Gross Profit": 405,
        "Operating Income": 138,
        "EBIT": 138,
        "Net Income": 90
    },
    "2020-12-31": {
        "Diluted EPS": 0.4,
        "Total Revenue": 862,
        "Gross Profit": 423,
        "Operating Income": 118,
        "EBIT": 118,
        "Net Income": 70
    },
    "2020-09-30": {
        "Diluted EPS": 0.09,
        "Total Revenue": 557,
        "Gross Profit": 247,
        "Operating Income": 37,
        "EBIT": 37,
        "Net Income": 16
    },
    "2020-06-30": {
        "Diluted EPS": -0.02,
        "Total Revenue": 382,
        "Gross Profit": 161,
        "Operating Income": -11,
        "EBIT": -11,
        "Net Income": -4
    },
    "2020-03-31": {
        "Diluted EPS": 0.21,
        "Total Revenue": 613,
        "Gross Profit": 305,
        "Operating Income": 84,
        "EBIT": 84,
        "Net Income": 43
    },
    "2019-12-31": {
        "Diluted EPS": 0.51,
        "Total Revenue": 724,
        "Gross Profit": 380,
        "Operating Income": 119,
        "EBIT": 119,
        "Net Income": 70
    },
    "2019-09-30": {
        "Diluted EPS": 0.07,
        "Total Revenue": 546,
        "Gross Profit": 265,
        "Operating Income": 53,
        "EBIT": 53,
        "Net Income": 12
    },
    "2019-06-30": {
        "Diluted EPS": 0.15,
        "Total Revenue": 566,
        "Gross Profit": 267,
        "Operating Income": 42,
        "EBIT": 42,
        "Net Income": 27
    },
    "2019-03-31": {
        "Diluted EPS": 0.26,
        "Total Revenue": 715,
        "Gross Profit": 368,
        "Operating Income": 113,
        "EBIT": 113,
        "Net Income": 73
    },
    "2018-12-31": {
        "Diluted EPS": 0.52,
        "Total Revenue": 873,
        "Gross Profit": 444,
        "Operating Income": 139,
        "EBIT": 139,
        "Net Income": 97
    },
    "2018-09-30": {
        "Diluted EPS": 0.18,
        "Total Revenue": 583,
        "Gross Profit": 287,
        "Operating Income": 67,
        "EBIT": 67,
        "Net Income": 32
    },
    "2018-06-30": {
        "Diluted EPS": 1.44,
        "Total Revenue": 595,
        "Gross Profit": 297,
        "Operating Income": 398,
        "EBIT": 398,
        "Net Income": 265
    },
    "2018-03-31": {
        "Diluted EPS": 0.52,
        "Total Revenue": 803,
        "Gross Profit": 449,
        "Operating Income": 153,
        "EBIT": 153,
        "Net Income": 96
    },
    "2017-12-31": {
        "Diluted EPS": 0.45,
        "Total Revenue": 726,
        "Gross Profit": 395,
        "Operating Income": 130,
        "EBIT": 130,
        "Net Income": 81
    },
    "2017-09-30": {
        "Diluted EPS": 0.17,
        "Total Revenue": 631,
        "Gross Profit": 321,
        "Operating Income": 64,
        "EBIT": 64,
        "Net Income": 31
    },
    "2017-06-30": {
        "Diluted EPS": 0.07,
        "Total Revenue": 518,
        "Gross Profit": 263,
        "Operating Income": 31,
        "EBIT": 31,
        "Net Income": 13
    },
    "2017-03-31": {
        "Diluted EPS": 0.38,
        "Total Revenue": 673,
        "Gross Profit": 369,
        "Operating Income": 116,
        "EBIT": 116,
        "Net Income": 70
    },
    "2016-12-31": {
        "Diluted EPS": 0.35,
        "Total Revenue": 450,
        "Gross Profit": 247,
        "Operating Income": 93,
        "EBIT": 93,
        "Net Income": 64
    },
    "2016-09-30": {
        "Diluted EPS": 0.1,
        "Total Revenue": 535,
        "Gross Profit": 265,
        "Operating Income": 43,
        "EBIT": 43,
        "Net Income": 18
    },
    "2016-06-30": {
        "Diluted EPS": 0.05,
        "Total Revenue": 462,
        "Gross Profit": 227,
        "Operating Income": 20,
        "EBIT": 20,
        "Net Income": 9
    },
    "2016-03-31": {
        "Diluted EPS": 0.34,
        "Total Revenue": 580,
        "Gross Profit": 323,
        "Operating Income": 94,
        "EBIT": 94,
        "Net Income": 62
    },
    "2015-12-31": {
        "Diluted EPS": 0.29,
        "Total Revenue": 633,
        "Gross Profit": 358,
        "Operating Income": 129,
        "EBIT": 129,
        "Net Income": 54
    },
    "2015-09-30": {
        "Diluted EPS": 0.17,
        "Total Revenue": 521,
        "Gross Profit": 270,
        "Operating Income": 55,
        "EBIT": 55,
        "Net Income": 31
    },
    "2015-06-30": {
        "Diluted EPS": 0.16,
        "Total Revenue": 503,
        "Gross Profit": 266,
        "Operating Income": 49,
        "EBIT": 49,
        "Net Income": 30
    },
    "2015-03-31": {
        "Diluted EPS": 0.38,
        "Total Revenue": 613,
        "Gross Profit": 348,
        "Operating Income": 109,
        "EBIT": 109,
        "Net Income": 69
    },
    "2014-12-31": {
        "Diluted EPS": 0.37,
        "Total Revenue": 661,
        "Gross Profit": 365,
        "Operating Income": 100,
        "EBIT": 100,
        "Net Income": 70
    },
    "2014-09-30": {
        "Diluted EPS": 0.14,
        "Total Revenue": 527,
        "Gross Profit": 270,
        "Operating Income": 46,
        "EBIT": 46,
        "Net Income": 26
    },
    "2014-06-30": {
        "Diluted EPS": 0.2,
        "Total Revenue": 475,
        "Gross Profit": 239,
        "Operating Income": 65,
        "EBIT": 65,
        "Net Income": 42
    },
    "2014-03-31": {
        "Diluted EPS": 0.4,
        "Total Revenue": 607,
        "Gross Profit": 337,
        "Operating Income": 102,
        "EBIT": 102,
        "Net Income": 74
    },
    "2013-12-31": {
        "Diluted EPS": 0.49,
        "Total Revenue": 723,
        "Gross Profit": 420,
        "Operating Income": 156,
        "EBIT": 156,
        "Net Income": 90
    },
    "2013-09-30": {
        "Diluted EPS": 0.26,
        "Total Revenue": 545,
        "Gross Profit": 290,
        "Operating Income": 68,
        "EBIT": 68,
        "Net Income": 41
    },
    "2013-06-30": {
        "Diluted EPS": 0.2,
        "Total Revenue": 503,
        "Gross Profit": 252,
        "Operating Income": 37,
        "EBIT": 37,
        "Net Income": 32
    },
    "2013-03-31": {
        "Diluted EPS": 0.54,
        "Total Revenue": 644,
        "Gross Profit": 369,
        "Operating Income": 122,
        "EBIT": 122,
        "Net Income": 85
    },
    "2012-12-31": {
        "Diluted EPS": 0.6,
        "Total Revenue": 695,
        "Gross Profit": 378,
        "Operating Income": 94,
        "EBIT": 94,
        "Net Income": 95
    },
    "2012-09-30": {
        "Diluted EPS": 0.23,
        "Total Revenue": 506,
        "Gross Profit": 265,
        "Operating Income": 70,
        "EBIT": 70,
        "Net Income": 36
    },
    "2012-06-30": {
        "Diluted EPS": 0.16,
        "Total Revenue": 443,
        "Gross Profit": 218,
        "Operating Income": 40,
        "EBIT": 40,
        "Net Income": 23
    },
    "2012-03-31": {
        "Diluted EPS": 0.52,
        "Total Revenue": 576,
        "Gross Profit": 323,
        "Operating Income": 125,
        "EBIT": 125,
        "Net Income": 82
    },
    "2011-12-31": {
        "Diluted EPS": 0.56,
        "Total Revenue": 608,
        "Gross Profit": 298,
        "Operating Income": 48,
        "EBIT": 48,
        "Net Income": 87
    },
    "2011-09-30": {
        "Diluted EPS": 0.28,
        "Total Revenue": 422,
        "Gross Profit": 216,
        "Operating Income": 62,
        "EBIT": 62,
        "Net Income": 42
    },
    "2011-06-30": {
        "Diluted EPS": 0.14,
        "Total Revenue": 409,
        "Gross Profit": 203,
        "Operating Income": 43,
        "EBIT": 43,
        "Net Income": 22
    },
    "2011-03-31": {
        "Diluted EPS": 0.44,
        "Total Revenue": 505,
        "Gross Profit": 281,
        "Operating Income": 111,
        "EBIT": 111,
        "Net Income": 69
    },
    "2010-12-31": {
        "Diluted EPS": 0.48,
        "Total Revenue": 536,
        "Gross Profit": 244,
        "Operating Income": 9,
        "EBIT": 9,
        "Net Income": 83
    },
    "2010-09-30": {
        "Diluted EPS": 0.24,
        "Total Revenue": 399,
        "Gross Profit": 205,
        "Operating Income": 61,
        "EBIT": 61,
        "Net Income": 45
    },
    "2010-06-30": {
        "Diluted EPS": 0.16,
        "Total Revenue": 330,
        "Gross Profit": 172,
        "Operating Income": 50,
        "EBIT": 50,
        "Net Income": 30
    },
    "2010-03-31": {
        "Diluted EPS": 0.4,
        "Total Revenue": 407,
        "Gross Profit": 232,
        "Operating Income": 91,
        "EBIT": 91,
        "Net Income": 69
    },
    "2009-12-31": {
        "Diluted EPS": 0.4,
        "Total Revenue": 457,
        "Gross Profit": 280,
        "Operating Income": 143,
        "EBIT": 143,
        "Net Income": 70
    },
    "2009-09-30": {
        "Diluted EPS": 0.51,
        "Total Revenue": 315,
        "Gross Profit": 163,
        "Operating Income": 49,
        "EBIT": 49,
        "Net Income": 33
    },
    "2009-06-30": {
        "Diluted EPS": 0.35,
        "Total Revenue": 298,
        "Gross Profit": 144,
        "Operating Income": 27,
        "EBIT": 27,
        "Net Income": 56
    },
    "2009-03-31": {
        "Diluted EPS": 0.0,
        "Total Revenue": 368,
        "Gross Profit": 196,
        "Operating Income": 70,
        "EBIT": 70,
        "Net Income": 59
    },
    "2023-06-30": {
        "Tax Effect Of Unusual Items": NaN,
        "Tax Rate For Calcs": NaN,
        "Normalized EBITDA": NaN,
        "Total Unusual Items": NaN,
        "Total Unusual Items Excluding Goodwill": NaN,
        "Net Income From Continuing Operation Net Minority Interest": NaN,
        "Reconciled Cost Of Revenue": NaN,
        "EBITDA": NaN,
        "EBIT": NaN,
        "Net Interest Income": NaN,
        "Interest Expense": 19000454000.0,
        "Interest Income": 13458819000.0,
        "Normalized Income": NaN,
        "Net Income From Continuing And Discontinued Operation": NaN,
        "Total Expenses": NaN,
        "Total Operating Income As Reported": 10077994000.0,
        "Diluted Average Shares": NaN,
        "Basic Average Shares": NaN,
        "Diluted EPS": NaN,
        "Basic EPS": NaN,
        "Diluted NI Availto Com Stockholders": NaN,
        "Net Income Common Stockholders": NaN,
        "Net Income": NaN,
        "Minority Interests": NaN,
        "Net Income Including Noncontrolling Interests": NaN,
        "Net Income Continuous Operations": NaN,
        "Tax Provision": NaN,
        "Pretax Income": NaN,
        "Other Income Expense": NaN,
        "Other Non Operating Income Expenses": NaN,
        "Special Income Charges": 219812000.0,
        "Gain On Sale Of Ppe": 111169000.0,
        "Other Special Charges": -108643000.0,
        "Earnings From Equity Interest": NaN,
        "Gain On Sale Of Security": NaN,
        "Net Non Operating Interest Income Expense": NaN,
        "Total Other Finance Cost": 5542000000.0,
        "Interest Expense Non Operating": 19000454000.0,
        "Interest Income Non Operating": 13458819000.0,
        "Operating Income": NaN,
        "Operating Expense": NaN,
        "Other Operating Expenses": NaN,
        "Selling General And Administration": NaN,
        "Selling And Marketing Expense": 116809785000.0,
        "General And Administrative Expense": 52476442000.0,
        "Other Gand A": 52476442000.0,
        "Gross Profit": NaN,
        "Cost Of Revenue": NaN,
        "Total Revenue": NaN,
        "Operating Revenue": NaN
    },
    "2023-09-30": {
        "Tax Effect Of Unusual Items": NaN,
        "Tax Rate For Calcs": NaN,
        "Normalized EBITDA": NaN,
        "Total Unusual Items": NaN,
        "Total Unusual Items Excluding Goodwill": NaN,
        "Net Income From Continuing Operation Net Minority Interest": NaN,
        "Reconciled Cost Of Revenue": NaN,
        "EBITDA": NaN,
        "EBIT": NaN,
        "Net Interest Income": NaN,
        "Interest Expense": NaN,
        "Interest Income": NaN,
        "Normalized Income": NaN,
        "Net Income From Continuing And Discontinued Operation": NaN,
        "Total Expenses": NaN,
        "Total Operating Income As Reported": NaN,
        "Diluted Average Shares": NaN,
        "Basic Average Shares": NaN,
        "Diluted EPS": NaN,
        "Basic EPS": NaN,
        "Diluted NI Availto Com Stockholders": NaN,
        "Net Income Common Stockholders": NaN,
        "Net Income": NaN,
        "Minority Interests": NaN,
        "Net Income Including Noncontrolling Interests": NaN,
        "Net Income Continuous Operations": NaN,
        "Tax Provision": NaN,
        "Pretax Income": NaN,
        "Other Income Expense": NaN,
        "Other Non Operating Income Expenses": NaN,
        "Special Income Charges": NaN,
        "Gain On Sale Of Ppe": NaN,
        "Other Special Charges": NaN,
        "Earnings From Equity Interest": NaN,
        "Gain On Sale Of Security": NaN,
        "Net Non Operating Interest Income Expense": NaN,
        "Total Other Finance Cost": 10815000000.0,
        "Interest Expense Non Operating": NaN,
        "Interest Income Non Operating": NaN,
        "Operating Income": NaN,
        "Operating Expense": NaN,
        "Other Operating Expenses": NaN,
        "Selling General And Administration": NaN,
        "Selling And Marketing Expense": NaN,
        "General And Administrative Expense": NaN,
        "Other Gand A": NaN,
        "Gross Profit": NaN,
        "Cost Of Revenue": NaN,
        "Total Revenue": NaN,
        "Operating Revenue": NaN
    },
    "2023-12-31": {
        "Tax Effect Of Unusual Items": NaN,
        "Tax Rate For Calcs": NaN,
        "Normalized EBITDA": NaN,
        "Total Unusual Items": NaN,
        "Total Unusual Items Excluding Goodwill": NaN,
        "Net Income From Continuing Operation Net Minority Interest": NaN,
        "Reconciled Cost Of Revenue": NaN,
        "EBITDA": NaN,
        "EBIT": NaN,
        "Net Interest Income": NaN,
        "Interest Expense": 16195712000.0,
        "Interest Income": 4989964000.0,
        "Normalized Income": NaN,
        "Net Income From Continuing And Discontinued Operation": NaN,
        "Total Expenses": NaN,
        "Total Operating Income As Reported": 76984560000.0,
        "Diluted Average Shares": NaN,
        "Basic Average Shares": NaN,
        "Diluted EPS": NaN,
        "Basic EPS": NaN,
        "Diluted NI Availto Com Stockholders": NaN,
        "Net Income Common Stockholders": NaN,
        "Net Income": NaN,
        "Minority Interests": NaN,
        "Net Income Including Noncontrolling Interests": NaN,
        "Net Income Continuous Operations": NaN,
        "Tax Provision": NaN,
        "Pretax Income": NaN,
        "Other Income Expense": NaN,
        "Other Non Operating Income Expenses": NaN,
        "Special Income Charges": 348896000.0,
        "Gain On Sale Of Ppe": 337882000.0,
        "Other Special Charges": -11014000.0,
        "Earnings From Equity Interest": NaN,
        "Gain On Sale Of Security": NaN,
        "Net Non Operating Interest Income Expense": NaN,
        "Total Other Finance Cost": NaN,
        "Interest Expense Non Operating": 16195712000.0,
        "Interest Income Non Operating": 4989964000.0,
        "Operating Income": NaN,
        "Operating Expense": NaN,
        "Other Operating Expenses": NaN,
        "Selling General And Administration": NaN,
        "Selling And Marketing Expense": 92603518000.0,
        "General And Administrative Expense": 49791492000.0,
        "Other Gand A": 49791492000.0,
        "Gross Profit": NaN,
        "Cost Of Revenue": NaN,
        "Total Revenue": NaN,
        "Operating Revenue": NaN
    },
    "2024-03-31": {
        "Tax Effect Of Unusual Items": NaN,
        "Tax Rate For Calcs": NaN,
        "Normalized EBITDA": NaN,
        "Total Unusual Items": NaN,
        "Total Unusual Items Excluding Goodwill": NaN,
        "Net Income From Continuing Operation Net Minority Interest": NaN,
        "Reconciled Cost Of Revenue": NaN,
        "EBITDA": NaN,
        "EBIT": NaN,
        "Net Interest Income": NaN,
        "Interest Expense": 19368518000.0,
        "Interest Income": 12703221000.0,
        "Normalized Income": NaN,
        "Net Income From Continuing And Discontinued Operation": NaN,
        "Total Expenses": NaN,
        "Total Operating Income As Reported": 89978543000.0,
        "Diluted Average Shares": NaN,
        "Basic Average Shares": NaN,
        "Diluted EPS": NaN,
        "Basic EPS": NaN,
        "Diluted NI Availto Com Stockholders": NaN,
        "Net Income Common Stockholders": NaN,
        "Net Income": NaN,
        "Minority Interests": NaN,
        "Net Income Including Noncontrolling Interests": NaN,
        "Net Income Continuous Operations": NaN,
        "Tax Provision": NaN,
        "Pretax Income": NaN,
        "Other Income Expense": NaN,
        "Other Non Operating Income Expenses": NaN,
        "Special Income Charges": 105609000.0,
        "Gain On Sale Of Ppe": 98225000.0,
        "Other Special Charges": -7384000.0,
        "Earnings From Equity Interest": NaN,
        "Gain On Sale Of Security": NaN,
        "Net Non Operating Interest Income Expense": NaN,
        "Total Other Finance Cost": 6665000000.0,
        "Interest Expense Non Operating": 19368518000.0,
        "Interest Income Non Operating": 12703221000.0,
        "Operating Income": NaN,
        "Operating Expense": NaN,
        "Other Operating Expenses": NaN,
        "Selling General And Administration": NaN,
        "Selling And Marketing Expense": 134752730000.0,
        "General And Administrative Expense": 42611167000.0,
        "Other Gand A": 42611167000.0,
        "Gross Profit": NaN,
        "Cost Of Revenue": NaN,
        "Total Revenue": NaN,
        "Operating Revenue": NaN
    },
    "2024-06-30": {
        "Tax Effect Of Unusual Items": -916110000.0,
        "Tax Rate For Calcs": 0.27,
        "Normalized EBITDA": 5836000000.0,
        "Total Unusual Items": -3393000000.0,
        "Total Unusual Items Excluding Goodwill": -3393000000.0,
        "Net Income From Continuing Operation Net Minority Interest": 5040000000.0,
        "Reconciled Cost Of Revenue": 314528000000.0,
        "EBITDA": 2443000000.0,
        "EBIT": 2443000000.0,
        "Net Interest Income": -12286000000.0,
        "Interest Expense": 21389854000.0,
        "Interest Income": 9103863000.0,
        "Normalized Income": 7516890000.0,
        "Net Income From Continuing And Discontinued Operation": 5040000000.0,
        "Total Expenses": 522198000000.0,
        "Total Operating Income As Reported": -2812544000.0,
        "Diluted Average Shares": 184751436.0,
        "Basic Average Shares": 184751436.0,
        "Diluted EPS": 27.2,
        "Basic EPS": 27.2,
        "Diluted NI Availto Com Stockholders": 5040000000.0,
        "Net Income Common Stockholders": 5040000000.0,
        "Net Income": 5040000000.0,
        "Minority Interests": -1790000000.0,
        "Net Income Including Noncontrolling Interests": 6831000000.0,
        "Net Income Continuous Operations": 6830000000.0,
        "Tax Provision": -27900000000.0,
        "Pretax Income": -21070000000.0,
        "Other Income Expense": -11227000000.0,
        "Other Non Operating Income Expenses": -5256000000.0,
        "Special Income Charges": 29123525000.0,
        "Gain On Sale Of Ppe": 28829029000.0,
        "Other Special Charges": -294496000.0,
        "Earnings From Equity Interest": -2578000000.0,
        "Gain On Sale Of Security": -3393000000.0,
        "Net Non Operating Interest Income Expense": -12286000000.0,
        "Total Other Finance Cost": 12286000000.0,
        "Interest Expense Non Operating": 21389854000.0,
        "Interest Income Non Operating": 9103863000.0,
        "Operating Income": 2443000000.0,
        "Operating Expense": 207670000000.0,
        "Other Operating Expenses": -32028000000.0,
        "Selling General And Administration": 239698000000.0,
        "Selling And Marketing Expense": 112936630000.0,
        "General And Administrative Expense": 56689940000.0,
        "Other Gand A": 56689940000.0,
        "Gross Profit": 210113000000.0,
        "Cost Of Revenue": 314528000000.0,
        "Total Revenue": 524641000000.0,
        "Operating Revenue": 524641000000.0
    },
    "2024-09-30": {
        "Tax Effect Of Unusual Items": -557157150.0,
        "Tax Rate For Calcs": 0.27,
        "Normalized EBITDA": 43310695000.0,
        "Total Unusual Items": -2063545000.0,
        "Total Unusual Items Excluding Goodwill": -2063545000.0,
        "Net Income From Continuing Operation Net Minority Interest": 29548452000.0,
        "Reconciled Cost Of Revenue": 377538504000.0,
        "EBITDA": 41247150000.0,
        "EBIT": 41247150000.0,
        "Net Interest Income": -19853226000.0,
        "Interest Expense": 27687403000.0,
        "Interest Income": 7834177000.0,
        "Normalized Income": 31054839850.0,
        "Net Income From Continuing And Discontinued Operation": 29548452000.0,
        "Total Expenses": 632951740000.0,
        "Total Operating Income As Reported": 29316724000.0,
        "Diluted Average Shares": 184751436.0,
        "Basic Average Shares": 184751436.0,
        "Diluted EPS": 159.94,
        "Basic EPS": 159.94,
        "Diluted NI Availto Com Stockholders": 29548452000.0,
        "Net Income Common Stockholders": 29548452000.0,
        "Net Income": 29548452000.0,
        "Minority Interests": -3005456000.0,
        "Net Income Including Noncontrolling Interests": 32553908000.0,
        "Net Income Continuous Operations": 32553908000.0,
        "Tax Provision": -18994161000.0,
        "Pretax Income": 13559747000.0,
        "Other Income Expense": 541441000.0,
        "Other Non Operating Income Expenses": 3135827000.0,
        "Special Income Charges": 58597000.0,
        "Gain On Sale Of Ppe": 45453000.0,
        "Other Special Charges": -13144000.0,
        "Earnings From Equity Interest": -530841000.0,
        "Gain On Sale Of Security": -2122142000.0,
        "Net Non Operating Interest Income Expense": -19853226000.0,
        "Total Other Finance Cost": 19853000000.0,
        "Interest Expense Non Operating": 27687403000.0,
        "Interest Income Non Operating": 7834177000.0,
        "Operating Income": 32871532000.0,
        "Operating Expense": 255413236000.0,
        "Other Operating Expenses": 71600611000.0,
        "Selling General And Administration": 183812625000.0,
        "Selling And Marketing Expense": 126083579000.0,
        "General And Administrative Expense": 57729046000.0,
        "Other Gand A": 57729046000.0,
        "Gross Profit": 288284768000.0,
        "Cost Of Revenue": 377538504000.0,
        "Total Revenue": 665823272000.0,
        "Operating Revenue": 665823272000.0
    },
    "2024-12-31": {
        "Tax Effect Of Unusual Items": -1408826634.707898,
        "Tax Rate For Calcs": 0.205613,
        "Normalized EBITDA": 138962631000.0,
        "Total Unusual Items": -6851826000.0,
        "Total Unusual Items Excluding Goodwill": -6851826000.0,
        "Net Income From Continuing Operation Net Minority Interest": 74152702000.0,
        "Reconciled Cost Of Revenue": 504993827000.0,
        "EBITDA": 132110805000.0,
        "EBIT": 132110805000.0,
        "Net Interest Income": -20258711000.0,
        "Interest Expense": 28719503000.0,
        "Interest Income": 8460792000.0,
        "Normalized Income": 79595701365.2921,
        "Net Income From Continuing And Discontinued Operation": 74152702000.0,
        "Total Expenses": 835020008000.0,
        "Total Operating Income As Reported": 146124230000.0,
        "Diluted Average Shares": 184751436.0,
        "Basic Average Shares": 184751436.0,
        "Diluted EPS": 401.4,
        "Basic EPS": 401.4,
        "Diluted NI Availto Com Stockholders": 74152702000.0,
        "Net Income Common Stockholders": 74152702000.0,
        "Net Income": 74152702000.0,
        "Minority Interests": -7979972000.0,
        "Net Income Including Noncontrolling Interests": 82132674000.0,
        "Net Income Continuous Operations": 82132674000.0,
        "Tax Provision": 21258628000.0,
        "Pretax Income": 103391302000.0,
        "Other Income Expense": -9407698000.0,
        "Other Non Operating Income Expenses": 512508000.0,
        "Special Income Charges": 1749977000.0,
        "Gain On Sale Of Ppe": 823466000.0,
        "Other Special Charges": -926511000.0,
        "Earnings From Equity Interest": -3068380000.0,
        "Gain On Sale Of Security": -8601803000.0,
        "Net Non Operating Interest Income Expense": -20258711000.0,
        "Total Other Finance Cost": NaN,
        "Interest Expense Non Operating": 28719503000.0,
        "Interest Income Non Operating": 8460792000.0,
        "Operating Income": 133057711000.0,
        "Operating Expense": 330026181000.0,
        "Other Operating Expenses": 94963521000.0,
        "Selling General And Administration": 235062660000.0,
        "Selling And Marketing Expense": 162647201000.0,
        "General And Administrative Expense": 72415459000.0,
        "Other Gand A": 72415459000.0,
        "Gross Profit": 463083892000.0,
        "Cost Of Revenue": 504993827000.0,
        "Total Revenue": 968077719000.0,
        "Operating Revenue": 968077719000.0
    },
    "2025-03-31": {
        "Tax Effect Of Unusual Items": -509341854.0,
        "Tax Rate For Calcs": 0.057,
        "Normalized EBITDA": 94890946000.0,
        "Total Unusual Items": -8935822000.0,
        "Total Unusual Items Excluding Goodwill": -8935822000.0,
        "Net Income From Continuing Operation Net Minority Interest": 57777608000.0,
        "Reconciled Cost Of Revenue": 435489182000.0,
        "EBITDA": 85955124000.0,
        "EBIT": 85955124000.0,
        "Net Interest Income": -11256925000.0,
        "Interest Expense": 20752884000.0,
        "Interest Income": 9495959000.0,
        "Normalized Income": 66204088146.0,
        "Net Income From Continuing And Discontinued Operation": 57777608000.0,
        "Total Expenses": 730033443000.0,
        "Total Operating Income As Reported": 84438794000.0,
        "Diluted Average Shares": 184751436.0,
        "Basic Average Shares": 184751436.0,
        "Diluted EPS": 312.74,
        "Basic EPS": 312.74,
        "Diluted NI Availto Com Stockholders": 57777608000.0,
        "Net Income Common Stockholders": 57777608000.0,
        "Net Income": 57777608000.0,
        "Minority Interests": -3710358000.0,
        "Net Income Including Noncontrolling Interests": 61487966000.0,
        "Net Income Continuous Operations": 61487966000.0,
        "Tax Provision": 3714274000.0,
        "Pretax Income": 65202240000.0,
        "Other Income Expense": -11177983000.0,
        "Other Non Operating Income Expenses": -724190000.0,
        "Special Income Charges": 2967281000.0,
        "Gain On Sale Of Ppe": 2889087000.0,
        "Other Special Charges": -78194000.0,
        "Earnings From Equity Interest": -1517971000.0,
        "Gain On Sale Of Security": -11903103000.0,
        "Net Non Operating Interest Income Expense": -11256925000.0,
        "Total Other Finance Cost": 11257000000.0,
        "Interest Expense Non Operating": 20752884000.0,
        "Interest Income Non Operating": 9495959000.0,
        "Operating Income": 87637148000.0,
        "Operating Expense": 294544261000.0,
        "Other Operating Expenses": 93419881000.0,
        "Selling General And Administration": 201124380000.0,
        "Selling And Marketing Expense": 148691249000.0,
        "General And Administrative Expense": 52433131000.0,
        "Other Gand A": 52433131000.0,
        "Gross Profit": 382181409000.0,
        "Cost Of Revenue": 435489182000.0,
        "Total Revenue": 817670591000.0,
        "Operating Revenue": 817670591000.0
    },
    "2025-06-30": {
        "Tax Effect Of Unusual Items": -1230660000.0,
        "Tax Rate For Calcs": 0.27,
        "Normalized EBITDA": -12781000000.0,
        "Total Unusual Items": -4558000000.0,
        "Total Unusual Items Excluding Goodwill": -4558000000.0,
        "Net Income From Continuing Operation Net Minority Interest": -11218000000.0,
        "Reconciled Cost Of Revenue": 343083000000.0,
        "EBITDA": -17339000000.0,
        "EBIT": -17339000000.0,
        "Net Interest Income": -10172000000.0,
        "Interest Expense": NaN,
        "Interest Income": NaN,
        "Normalized Income": -7890660000.0,
        "Net Income From Continuing And Discontinued Operation": -11218000000.0,
        "Total Expenses": 597254000000.0,
        "Total Operating Income As Reported": NaN,
        "Diluted Average Shares": 184751436.0,
        "Basic Average Shares": 184751436.0,
        "Diluted EPS": -60.8,
        "Basic EPS": -60.8,
        "Diluted NI Availto Com Stockholders": -11218000000.0,
        "Net Income Common Stockholders": -11218000000.0,
        "Net Income": -11218000000.0,
        "Minority Interests": -5000000.0,
        "Net Income Including Noncontrolling Interests": -11213000000.0,
        "Net Income Continuous Operations": -11212000000.0,
        "Tax Provision": -36388000000.0,
        "Pretax Income": -47600000000.0,
        "Other Income Expense": -20088000000.0,
        "Other Non Operating Income Expenses": -9465000000.0,
        "Special Income Charges": NaN,
        "Gain On Sale Of Ppe": NaN,
        "Other Special Charges": NaN,
        "Earnings From Equity Interest": -6065000000.0,
        "Gain On Sale Of Security": -4558000000.0,
        "Net Non Operating Interest Income Expense": -10172000000.0,
        "Total Other Finance Cost": 10172000000.0,
        "Interest Expense Non Operating": NaN,
        "Interest Income Non Operating": NaN,
        "Operating Income": -17339000000.0,
        "Operating Expense": 254171000000.0,
        "Other Operating Expenses": 660000000.0,
        "Selling General And Administration": 253511000000.0,
        "Selling And Marketing Expense": NaN,
        "General And Administrative Expense": NaN,
        "Other Gand A": NaN,
        "Gross Profit": 236832000000.0,
        "Cost Of Revenue": 343083000000.0,
        "Total Revenue": 579914000000.0,
        "Operating Revenue": 579914000000.0
    }
}