{
    "2023-03-31": {
        "Tax Effect Of Unusual Items": -469372.2,
        "Tax Rate For Calcs": 0.3743,
        "Normalized EBITDA": 555093.0,
        "Total Unusual Items": -1254000.0,
        "Total Unusual Items Excluding Goodwill": -1254000.0,
        "Net Income From Continuing Operation Net Minority Interest": 1964152.0,
        "EBITDA": -698907.0,
        "EBIT": -698907.0,
        "Net Interest Income": 5091788.0,
        "Interest Income": 5091788.0,
        "Normalized Income": 2748779.8,
        "Net Income From Continuing And Discontinued Operation": 1964152.0,
        "Total Expenses": 698907.0,
        "Total Operating Income As Reported": -698907.0,
        "Diluted Average Shares": 69000000.0,
        "Basic Average Shares": 69000000.0,
        "Diluted EPS": 0.03,
        "Basic EPS": 0.03,
        "Diluted NI Availto Com Stockholders": 1964152.0,
        "Net Income Common Stockholders": 1964152.0,
        "Net Income": 1964152.0,
        "Net Income Including Noncontrolling Interests": 1964152.0,
        "Net Income Continuous Operations": 1964152.0,
        "Tax Provision": 1174729.0,
        "Pretax Income": 3138881.0,
        "Other Income Expense": -1254000.0,
        "Gain On Sale Of Security": -1254000.0,
        "Net Non Operating Interest Income Expense": 5091788.0,
        "Interest Income Non Operating": 5091788.0,
        "Operating Income": -698907.0,
        "Operating Expense": 698907.0,
        "Total Revenue": 0.0,
        "Operating Revenue": 0.0
    },
    "2022-12-31": {
        "Tax Effect Of Unusual Items": 314547.634134,
        "Tax Rate For Calcs": 0.153021,
        "Normalized EBITDA": -2429226.0,
        "Total Unusual Items": 2055589.0,
        "Total Unusual Items Excluding Goodwill": 2055589.0,
        "Net Income From Continuing Operation Net Minority Interest": 5234942.0,
        "EBITDA": -373637.0,
        "EBIT": -373637.0,
        "Net Interest Income": 4498768.0,
        "Interest Income": 4498768.0,
        "Normalized Income": 3493900.634134,
        "Net Income From Continuing And Discontinued Operation": 5234942.0,
        "Total Expenses": 373637.0,
        "Total Operating Income As Reported": -373637.0,
        "Diluted Average Shares": 69000000.0,
        "Basic Average Shares": 69000000.0,
        "Diluted EPS": 0.07,
        "Basic EPS": 0.07,
        "Diluted NI Availto Com Stockholders": 5234942.0,
        "Net Income Common Stockholders": 5234942.0,
        "Net Income": 5234942.0,
        "Net Income Including Noncontrolling Interests": 5234942.0,
        "Net Income Continuous Operations": 5234942.0,
        "Tax Provision": 945778.0,
        "Pretax Income": 6180720.0,
        "Other Income Expense": 2055589.0,
        "Gain On Sale Of Security": 2055589.0,
        "Net Non Operating Interest Income Expense": 4498768.0,
        "Interest Income Non Operating": 4498768.0,
        "Operating Income": -373637.0,
        "Operating Expense": 373637.0,
        "Total Revenue": 0.0,
        "Operating Revenue": 0.0
    },
    "2022-09-30": {
        "Tax Effect Of Unusual Items": 400710.219,
        "Tax Rate For Calcs": 0.0789,
        "Normalized EBITDA": -5435029.0,
        "Total Unusual Items": 5078710.0,
        "Total Unusual Items Excluding Goodwill": 5078710.0,
        "Net Income From Continuing Operation Net Minority Interest": 6742111.0,
        "EBITDA": -356319.0,
        "EBIT": -356319.0,
        "Net Interest Income": 2597422.0,
        "Interest Income": 2597422.0,
        "Normalized Income": 2064111.219,
        "Net Income From Continuing And Discontinued Operation": 6742111.0,
        "Total Expenses": 356319.0,
        "Total Operating Income As Reported": -356319.0,
        "Diluted Average Shares": 69000000.0,
        "Basic Average Shares": 69000000.0,
        "Diluted EPS": 0.1,
        "Basic EPS": 0.1,
        "Diluted NI Availto Com Stockholders": 6742111.0,
        "Net Income Common Stockholders": 6742111.0,
        "Net Income": 6742111.0,
        "Net Income Including Noncontrolling Interests": 6742111.0,
        "Net Income Continuous Operations": 6742111.0,
        "Tax Provision": 577702.0,
        "Pretax Income": 7319813.0,
        "Other Income Expense": 5078710.0,
        "Gain On Sale Of Security": 5078710.0,
        "Net Non Operating Interest Income Expense": 2597422.0,
        "Interest Income Non Operating": 2597422.0,
        "Operating Income": -356319.0,
        "Operating Expense": 356319.0,
        "Total Revenue": 0.0,
        "Operating Revenue": 0.0
    },
    "2022-06-30": {
        "Tax Effect Of Unusual Items": 96308.055,
        "Tax Rate For Calcs": 0.0135,
        "Normalized EBITDA": -7513184.0,
        "Total Unusual Items": 7133930.0,
        "Total Unusual Items Excluding Goodwill": 7133930.0,
        "Net Income From Continuing Operation Net Minority Interest": 7429602.0,
        "EBITDA": -379254.0,
        "EBIT": -379254.0,
        "Net Interest Income": 776521.0,
        "Interest Income": 776521.0,
        "Normalized Income": 391980.055,
        "Net Income From Continuing And Discontinued Operation": 7429602.0,
        "Total Expenses": 379254.0,
        "Total Operating Income As Reported": -379254.0,
        "Diluted Average Shares": 69000000.0,
        "Basic Average Shares": 69000000.0,
        "Diluted EPS": 0.11,
        "Basic EPS": 0.11,
        "Diluted NI Availto Com Stockholders": 7429602.0,
        "Net Income Common Stockholders": 7429602.0,
        "Net Income": 7429602.0,
        "Net Income Including Noncontrolling Interests": 7429602.0,
        "Net Income Continuous Operations": 7429602.0,
        "Tax Provision": 101595.0,
        "Pretax Income": 7531197.0,
        "Other Income Expense": 7133930.0,
        "Gain On Sale Of Security": 7133930.0,
        "Net Non Operating Interest Income Expense": 776521.0,
        "Interest Income Non Operating": 776521.0,
        "Operating Income": -379254.0,
        "Operating Expense": 379254.0,
        "Total Revenue": 0.0,
        "Operating Revenue": 0.0
    },
    "2022-03-31": {
        "Diluted EPS": 0.14,
        "Total Revenue": NaN,
        "Gross Profit": NaN,
        "Operating Income": 0,
        "EBIT": 0,
        "Net Income": 10
    },
    "2021-12-31": {
        "Diluted EPS": 0.11,
        "Total Revenue": NaN,
        "Gross Profit": NaN,
        "Operating Income": -1,
        "EBIT": -1,
        "Net Income": 2
    },
    "2021-09-30": {
        "Diluted EPS": 0.07,
        "Total Revenue": NaN,
        "Gross Profit": NaN,
        "Operating Income": -1,
        "EBIT": -1,
        "Net Income": 5
    },
    "2021-06-30": {
        "Diluted EPS": -0.12,
        "Total Revenue": NaN,
        "Gross Profit": NaN,
        "Operating Income": 0,
        "EBIT": 0,
        "Net Income": -8
    },
    "2021-03-31": {
        "Diluted EPS": -0.11,
        "Total Revenue": NaN,
        "Gross Profit": NaN,
        "Operating Income": 0,
        "EBIT": 0,
        "Net Income": -1
    },
    "2020-12-31": {
        "Diluted EPS": 0.0,
        "Total Revenue": NaN,
        "Gross Profit": NaN,
        "Operating Income": NaN,
        "EBIT": NaN,
        "Net Income": NaN
    },
    "2023-06-30": {
        "Tax Effect Of Unusual Items": -702240.0,
        "Tax Rate For Calcs": 0.4,
        "Normalized EBITDA": 1222674.0,
        "Total Unusual Items": -1755600.0,
        "Total Unusual Items Excluding Goodwill": -1755600.0,
        "Net Income From Continuing Operation Net Minority Interest": 1422480.0,
        "EBITDA": -532926.0,
        "EBIT": -532926.0,
        "Net Interest Income": 5009484.0,
        "Interest Income": 5009484.0,
        "Normalized Income": 2475840.0,
        "Net Income From Continuing And Discontinued Operation": 1422480.0,
        "Total Expenses": 532926.0,
        "Total Operating Income As Reported": -532926.0,
        "Diluted Average Shares": 55462523.0,
        "Basic Average Shares": 55462523.0,
        "Diluted EPS": 0.03,
        "Basic EPS": 0.03,
        "Diluted NI Availto Com Stockholders": 1422480.0,
        "Net Income Common Stockholders": 1422480.0,
        "Net Income": 1422480.0,
        "Net Income Including Noncontrolling Interests": 1422480.0,
        "Net Income Continuous Operations": 1422480.0,
        "Tax Provision": 1298478.0,
        "Pretax Income": 2720958.0,
        "Other Income Expense": -1755600.0,
        "Gain On Sale Of Security": -1755600.0,
        "Net Non Operating Interest Income Expense": 5009484.0,
        "Interest Income Non Operating": 5009484.0,
        "Operating Income": -532926.0,
        "Operating Expense": 532926.0,
        "Total Revenue": 0.0,
        "Operating Revenue": 0.0
    },
    "2023-09-30": {
        "Tax Effect Of Unusual Items": 105336.0,
        "Tax Rate For Calcs": 0.21,
        "Normalized EBITDA": -913394.0,
        "Total Unusual Items": 501600.0,
        "Total Unusual Items Excluding Goodwill": 501600.0,
        "Net Income From Continuing Operation Net Minority Interest": 1944986.0,
        "EBITDA": -411794.0,
        "EBIT": -411794.0,
        "Net Interest Income": 3675771.0,
        "Interest Income": 3675771.0,
        "Normalized Income": 1548722.0,
        "Net Income From Continuing And Discontinued Operation": 1944986.0,
        "Total Expenses": 411794.0,
        "Total Operating Income As Reported": -411794.0,
        "Diluted Average Shares": 41309707.0,
        "Basic Average Shares": 41309707.0,
        "Diluted EPS": 0.05,
        "Basic EPS": 0.05,
        "Diluted NI Availto Com Stockholders": 1944986.0,
        "Net Income Common Stockholders": 1944986.0,
        "Net Income": 1944986.0,
        "Net Income Including Noncontrolling Interests": 1944986.0,
        "Net Income Continuous Operations": 1944986.0,
        "Tax Provision": 1820591.0,
        "Pretax Income": 3765577.0,
        "Other Income Expense": 501600.0,
        "Gain On Sale Of Security": 501600.0,
        "Net Non Operating Interest Income Expense": 3675771.0,
        "Interest Income Non Operating": 3675771.0,
        "Operating Income": -411794.0,
        "Operating Expense": 411794.0,
        "Total Revenue": 0.0,
        "Operating Revenue": 0.0
    }
}