{
    "2023-03-31": {
        "Tax Effect Of Unusual Items": 0.0,
        "Tax Rate For Calcs": 0.21,
        "Normalized EBITDA": 59700000.0,
        "Net Income From Continuing Operation Net Minority Interest": 9900000.0,
        "Reconciled Depreciation": 22100000.0,
        "Reconciled Cost Of Revenue": 210300000.0,
        "EBITDA": 59700000.0,
        "EBIT": 37600000.0,
        "Net Interest Income": -9200000.0,
        "Interest Expense": 9200000.0,
        "Normalized Income": 9900000.0,
        "Net Income From Continuing And Discontinued Operation": 9900000.0,
        "Total Expenses": 332200000.0,
        "Total Operating Income As Reported": 38400000.0,
        "Diluted Average Shares": 157700701.0,
        "Basic Average Shares": 154247972.0,
        "Diluted EPS": 0.06,
        "Basic EPS": 0.06,
        "Diluted NI Availto Com Stockholders": 9900000.0,
        "Net Income Common Stockholders": 9900000.0,
        "Net Income": 9900000.0,
        "Net Income Including Noncontrolling Interests": 9900000.0,
        "Net Income Continuous Operations": 9900000.0,
        "Tax Provision": 18500000.0,
        "Pretax Income": 28400000.0,
        "Other Income Expense": -800000.0,
        "Other Non Operating Income Expenses": -800000.0,
        "Net Non Operating Interest Income Expense": -9200000.0,
        "Interest Expense Non Operating": 9200000.0,
        "Operating Income": 38400000.0,
        "Operating Expense": 121900000.0,
        "Selling General And Administration": 121900000.0,
        "Gross Profit": 160300000.0,
        "Cost Of Revenue": 210300000.0,
        "Total Revenue": 370600000.0,
        "Operating Revenue": 370600000.0
    },
    "2022-12-31": {
        "Tax Effect Of Unusual Items": 0.0,
        "Tax Rate For Calcs": 0.21,
        "Normalized EBITDA": 30800000.0,
        "Net Income From Continuing Operation Net Minority Interest": -5200000.0,
        "Reconciled Depreciation": 24600000.0,
        "Reconciled Cost Of Revenue": 201000000.0,
        "EBITDA": 30800000.0,
        "EBIT": 6200000.0,
        "Net Interest Income": -8700000.0,
        "Interest Expense": 8700000.0,
        "Normalized Income": -5200000.0,
        "Net Income From Continuing And Discontinued Operation": -5200000.0,
        "Total Expenses": 332800000.0,
        "Total Operating Income As Reported": 3300000.0,
        "Diluted Average Shares": 153680044.0,
        "Basic Average Shares": 153680044.0,
        "Diluted EPS": -0.03,
        "Basic EPS": -0.03,
        "Diluted NI Availto Com Stockholders": -5200000.0,
        "Net Income Common Stockholders": -5200000.0,
        "Net Income": -5200000.0,
        "Net Income Including Noncontrolling Interests": -5200000.0,
        "Net Income Continuous Operations": -5200000.0,
        "Tax Provision": 2700000.0,
        "Pretax Income": -2500000.0,
        "Other Income Expense": 2900000.0,
        "Other Non Operating Income Expenses": 2900000.0,
        "Net Non Operating Interest Income Expense": -8700000.0,
        "Interest Expense Non Operating": 8700000.0,
        "Operating Income": 3300000.0,
        "Operating Expense": 131800000.0,
        "Selling General And Administration": 131800000.0,
        "Gross Profit": 135100000.0,
        "Cost Of Revenue": 201000000.0,
        "Total Revenue": 336100000.0,
        "Operating Revenue": 336100000.0
    },
    "2022-09-30": {
        "Tax Effect Of Unusual Items": 0.0,
        "Tax Rate For Calcs": 0.4,
        "Normalized EBITDA": 12300000.0,
        "Net Income From Continuing Operation Net Minority Interest": -21000000.0,
        "Reconciled Depreciation": 21900000.0,
        "Reconciled Cost Of Revenue": 196600000.0,
        "EBITDA": 12300000.0,
        "EBIT": -9600000.0,
        "Net Interest Income": -7400000.0,
        "Interest Expense": 7400000.0,
        "Normalized Income": -21000000.0,
        "Net Income From Continuing And Discontinued Operation": -21000000.0,
        "Total Expenses": 319300000.0,
        "Total Operating Income As Reported": -3700000.0,
        "Diluted Average Shares": 153184846.0,
        "Basic Average Shares": 153184846.0,
        "Diluted EPS": -0.14,
        "Basic EPS": -0.14,
        "Diluted NI Availto Com Stockholders": -21000000.0,
        "Net Income Common Stockholders": -21000000.0,
        "Net Income": -21000000.0,
        "Net Income Including Noncontrolling Interests": -21000000.0,
        "Net Income Continuous Operations": -21000000.0,
        "Tax Provision": 4000000.0,
        "Pretax Income": -17000000.0,
        "Other Income Expense": -5900000.0,
        "Other Non Operating Income Expenses": -5900000.0,
        "Net Non Operating Interest Income Expense": -7400000.0,
        "Interest Expense Non Operating": 7400000.0,
        "Operating Income": -3700000.0,
        "Operating Expense": 122700000.0,
        "Selling General And Administration": 122700000.0,
        "Gross Profit": 119000000.0,
        "Cost Of Revenue": 196600000.0,
        "Total Revenue": 315600000.0,
        "Operating Revenue": 315600000.0
    },
    "2022-06-30": {
        "Tax Effect Of Unusual Items": 0.0,
        "Tax Rate For Calcs": 0.4,
        "Normalized EBITDA": 9300000.0,
        "Net Income From Continuing Operation Net Minority Interest": -19800000.0,
        "Reconciled Depreciation": 21600000.0,
        "Reconciled Cost Of Revenue": 185200000.0,
        "EBITDA": 9300000.0,
        "EBIT": -12300000.0,
        "Net Interest Income": -6700000.0,
        "Interest Expense": 6700000.0,
        "Normalized Income": -19800000.0,
        "Net Income From Continuing And Discontinued Operation": -19800000.0,
        "Total Expenses": 307700000.0,
        "Total Operating Income As Reported": -6500000.0,
        "Diluted Average Shares": 152752369.0,
        "Basic Average Shares": 152752369.0,
        "Diluted EPS": -0.13,
        "Basic EPS": -0.13,
        "Diluted NI Availto Com Stockholders": -19800000.0,
        "Net Income Common Stockholders": -19800000.0,
        "Net Income": -19800000.0,
        "Net Income Including Noncontrolling Interests": -19800000.0,
        "Net Income Continuous Operations": -19800000.0,
        "Tax Provision": 800000.0,
        "Pretax Income": -19000000.0,
        "Other Income Expense": -5800000.0,
        "Other Non Operating Income Expenses": -5800000.0,
        "Net Non Operating Interest Income Expense": -6700000.0,
        "Interest Expense Non Operating": 6700000.0,
        "Operating Income": -6500000.0,
        "Operating Expense": 122500000.0,
        "Selling General And Administration": 122500000.0,
        "Gross Profit": 116000000.0,
        "Cost Of Revenue": 185200000.0,
        "Total Revenue": 301200000.0,
        "Operating Revenue": 301200000.0
    },
    "2023-06-30": {
        "Tax Effect Of Unusual Items": 0.0,
        "Tax Rate For Calcs": 0.21,
        "Normalized EBITDA": 52000000.0,
        "Net Income From Continuing Operation Net Minority Interest": 3100000.0,
        "Reconciled Depreciation": 23300000.0,
        "Reconciled Cost Of Revenue": 210000000.0,
        "EBITDA": 52000000.0,
        "EBIT": 28700000.0,
        "Net Interest Income": -9100000.0,
        "Interest Expense": 9100000.0,
        "Normalized Income": 3100000.0,
        "Net Income From Continuing And Discontinued Operation": 3100000.0,
        "Total Expenses": 336500000.0,
        "Total Operating Income As Reported": 29400000.0,
        "Diluted Average Shares": 157554160.0,
        "Basic Average Shares": 155121846.0,
        "Diluted EPS": 0.02,
        "Basic EPS": 0.02,
        "Diluted NI Availto Com Stockholders": 3100000.0,
        "Net Income Common Stockholders": 3100000.0,
        "Net Income": 3100000.0,
        "Net Income Including Noncontrolling Interests": 3100000.0,
        "Net Income Continuous Operations": 3100000.0,
        "Tax Provision": 16500000.0,
        "Pretax Income": 19600000.0,
        "Other Income Expense": -700000.0,
        "Other Non Operating Income Expenses": -700000.0,
        "Net Non Operating Interest Income Expense": -9100000.0,
        "Interest Expense Non Operating": 9100000.0,
        "Operating Income": 29400000.0,
        "Operating Expense": 126500000.0,
        "Selling General And Administration": 126500000.0,
        "Gross Profit": 155900000.0,
        "Cost Of Revenue": 210000000.0,
        "Total Revenue": 365900000.0,
        "Operating Revenue": 365900000.0
    },
    "2022-03-31": {
        "Diluted EPS": -0.18,
        "Total Revenue": 293,
        "Gross Profit": 103,
        "Operating Income": -19,
        "EBIT": 3,
        "Net Income": -27
    },
    "2021-12-31": {
        "Diluted EPS": -0.06,
        "Total Revenue": 282,
        "Gross Profit": 104,
        "Operating Income": 3,
        "EBIT": 26,
        "Net Income": -10
    },
    "2021-09-30": {
        "Diluted EPS": -0.14,
        "Total Revenue": 257,
        "Gross Profit": 93,
        "Operating Income": -16,
        "EBIT": 10,
        "Net Income": -21
    },
    "2021-06-30": {
        "Diluted EPS": -0.17,
        "Total Revenue": 250,
        "Gross Profit": 92,
        "Operating Income": -20,
        "EBIT": 9,
        "Net Income": -26
    },
    "2021-03-31": {
        "Diluted EPS": -0.13,
        "Total Revenue": 235,
        "Gross Profit": 93,
        "Operating Income": -2,
        "EBIT": 14,
        "Net Income": -19
    },
    "2020-12-31": {
        "Diluted EPS": -0.12,
        "Total Revenue": 223,
        "Gross Profit": 86,
        "Operating Income": -22,
        "EBIT": -7,
        "Net Income": -17
    },
    "2020-09-30": {
        "Diluted EPS": -0.01,
        "Total Revenue": 204,
        "Gross Profit": 77,
        "Operating Income": -1,
        "EBIT": 13,
        "Net Income": -1
    },
    "2020-06-30": {
        "Diluted EPS": 0.04,
        "Total Revenue": 193,
        "Gross Profit": 79,
        "Operating Income": 4,
        "EBIT": 16,
        "Net Income": 6
    },
    "2020-03-31": {
        "Diluted EPS": 0.06,
        "Total Revenue": 223,
        "Gross Profit": 101,
        "Operating Income": 26,
        "EBIT": 38,
        "Net Income": 9
    },
    "2019-12-31": {
        "Diluted EPS": -0.01,
        "Total Revenue": 222,
        "Gross Profit": 98,
        "Operating Income": 20,
        "EBIT": 33,
        "Net Income": -2
    },
    "2019-09-30": {
        "Diluted EPS": 0.42,
        "Total Revenue": 202,
        "Gross Profit": 89,
        "Operating Income": 7,
        "EBIT": 22,
        "Net Income": 63
    },
    "2019-06-30": {
        "Diluted EPS": 0.04,
        "Total Revenue": 196,
        "Gross Profit": 88,
        "Operating Income": 19,
        "EBIT": 34,
        "Net Income": 6
    },
    "2019-03-31": {
        "Diluted EPS": 0.08,
        "Total Revenue": 204,
        "Gross Profit": 94,
        "Operating Income": 27,
        "EBIT": 42,
        "Net Income": 11
    },
    "2018-12-31": {
        "Diluted EPS": 0.02,
        "Total Revenue": 195,
        "Gross Profit": 86,
        "Operating Income": 20,
        "EBIT": 35,
        "Net Income": 6
    },
    "2018-09-30": {
        "Diluted EPS": 0.03,
        "Total Revenue": 178,
        "Gross Profit": 74,
        "Operating Income": 16,
        "EBIT": 31,
        "Net Income": 4
    },
    "2018-06-30": {
        "Diluted EPS": -0.58,
        "Total Revenue": 179,
        "Gross Profit": 73,
        "Operating Income": -8,
        "EBIT": 6,
        "Net Income": -66
    },
    "2018-03-31": {
        "Diluted EPS": -0.07,
        "Total Revenue": 189,
        "Gross Profit": 83,
        "Operating Income": 28,
        "EBIT": 43,
        "Net Income": -5
    },
    "2017-12-31": {
        "Diluted EPS": 0.8,
        "Total Revenue": 168,
        "Gross Profit": 77,
        "Operating Income": 37,
        "EBIT": 56,
        "Net Income": 58
    },
    "2017-09-30": {
        "Diluted EPS": -0.39,
        "Total Revenue": 164,
        "Gross Profit": 61,
        "Operating Income": 5,
        "EBIT": 20,
        "Net Income": -20
    },
    "2017-06-30": {
        "Diluted EPS": -0.43,
        "Total Revenue": 158,
        "Gross Profit": 58,
        "Operating Income": 1,
        "EBIT": 14,
        "Net Income": -23
    },
    "2017-03-31": {
        "Diluted EPS": -0.24,
        "Total Revenue": 187,
        "Gross Profit": 74,
        "Operating Income": 12,
        "EBIT": 27,
        "Net Income": -11
    },
    "2016-12-31": {
        "Diluted EPS": 0.0,
        "Total Revenue": NaN,
        "Gross Profit": NaN,
        "Operating Income": NaN,
        "EBIT": NaN,
        "Net Income": NaN
    },
    "2015-12-31": {
        "Diluted EPS": 0.0,
        "Total Revenue": NaN,
        "Gross Profit": NaN,
        "Operating Income": NaN,
        "EBIT": NaN,
        "Net Income": NaN
    },
    "2023-09-30": {
        "Tax Effect Of Unusual Items": 0.0,
        "Tax Rate For Calcs": 0.21,
        "Normalized EBITDA": 60100000.0,
        "Net Income From Continuing Operation Net Minority Interest": -3800000.0,
        "Reconciled Depreciation": 38700000.0,
        "Reconciled Cost Of Revenue": 217000000.0,
        "EBITDA": 60100000.0,
        "EBIT": 21400000.0,
        "Net Interest Income": -8900000.0,
        "Interest Expense": 8900000.0,
        "Normalized Income": -3800000.0,
        "Net Income From Continuing And Discontinued Operation": -3800000.0,
        "Total Expenses": 351000000.0,
        "Total Operating Income As Reported": 26500000.0,
        "Diluted Average Shares": 155693712.0,
        "Basic Average Shares": 155693712.0,
        "Diluted EPS": -0.02,
        "Basic EPS": -0.02,
        "Diluted NI Availto Com Stockholders": -3800000.0,
        "Net Income Common Stockholders": -3800000.0,
        "Net Income": -3800000.0,
        "Net Income Including Noncontrolling Interests": -3800000.0,
        "Net Income Continuous Operations": -3800000.0,
        "Tax Provision": 16300000.0,
        "Pretax Income": 12500000.0,
        "Other Income Expense": -5100000.0,
        "Other Non Operating Income Expenses": -5100000.0,
        "Net Non Operating Interest Income Expense": -8900000.0,
        "Interest Expense Non Operating": 8900000.0,
        "Operating Income": 26500000.0,
        "Operating Expense": 134000000.0,
        "Selling General And Administration": 134000000.0,
        "Gross Profit": 160500000.0,
        "Cost Of Revenue": 217000000.0,
        "Total Revenue": 377500000.0,
        "Operating Revenue": 377500000.0
    }
}