{
    "2023-03-31": {
        "Tax Effect Of Unusual Items": NaN,
        "Tax Rate For Calcs": NaN,
        "Normalized EBITDA": NaN,
        "Total Unusual Items": NaN,
        "Total Unusual Items Excluding Goodwill": NaN,
        "Net Income From Continuing Operation Net Minority Interest": NaN,
        "Reconciled Depreciation": NaN,
        "Reconciled Cost Of Revenue": NaN,
        "EBITDA": NaN,
        "EBIT": NaN,
        "Net Interest Income": NaN,
        "Interest Expense": NaN,
        "Normalized Income": NaN,
        "Net Income From Continuing And Discontinued Operation": NaN,
        "Total Expenses": NaN,
        "Diluted Average Shares": 300950000.0,
        "Basic Average Shares": 300950000.0,
        "Diluted EPS": -0.08,
        "Basic EPS": -0.08,
        "Diluted NI Availto Com Stockholders": NaN,
        "Net Income Common Stockholders": NaN,
        "Net Income": NaN,
        "Net Income Including Noncontrolling Interests": NaN,
        "Net Income Continuous Operations": NaN,
        "Tax Provision": NaN,
        "Pretax Income": NaN,
        "Other Income Expense": NaN,
        "Other Non Operating Income Expenses": NaN,
        "Special Income Charges": NaN,
        "Gain On Sale Of Ppe": NaN,
        "Other Special Charges": NaN,
        "Gain On Sale Of Security": NaN,
        "Net Non Operating Interest Income Expense": NaN,
        "Total Other Finance Cost": NaN,
        "Interest Expense Non Operating": NaN,
        "Operating Income": NaN,
        "Operating Expense": NaN,
        "Other Operating Expenses": NaN,
        "Research And Development": NaN,
        "Selling General And Administration": NaN,
        "General And Administrative Expense": NaN,
        "Other Gand A": NaN,
        "Gross Profit": NaN,
        "Cost Of Revenue": NaN,
        "Total Revenue": NaN,
        "Operating Revenue": NaN
    },
    "2022-12-31": {
        "Tax Effect Of Unusual Items": NaN,
        "Tax Rate For Calcs": NaN,
        "Normalized EBITDA": NaN,
        "Total Unusual Items": NaN,
        "Total Unusual Items Excluding Goodwill": NaN,
        "Net Income From Continuing Operation Net Minority Interest": NaN,
        "Reconciled Depreciation": NaN,
        "Reconciled Cost Of Revenue": NaN,
        "EBITDA": NaN,
        "EBIT": NaN,
        "Net Interest Income": NaN,
        "Interest Expense": NaN,
        "Normalized Income": NaN,
        "Net Income From Continuing And Discontinued Operation": NaN,
        "Total Expenses": NaN,
        "Diluted Average Shares": NaN,
        "Basic Average Shares": NaN,
        "Diluted EPS": NaN,
        "Basic EPS": NaN,
        "Diluted NI Availto Com Stockholders": NaN,
        "Net Income Common Stockholders": NaN,
        "Net Income": NaN,
        "Net Income Including Noncontrolling Interests": NaN,
        "Net Income Continuous Operations": NaN,
        "Tax Provision": NaN,
        "Pretax Income": NaN,
        "Other Income Expense": NaN,
        "Other Non Operating Income Expenses": NaN,
        "Special Income Charges": NaN,
        "Gain On Sale Of Ppe": NaN,
        "Other Special Charges": NaN,
        "Write Off": -1651000.0,
        "Gain On Sale Of Security": NaN,
        "Net Non Operating Interest Income Expense": NaN,
        "Total Other Finance Cost": NaN,
        "Interest Expense Non Operating": NaN,
        "Operating Income": NaN,
        "Operating Expense": NaN,
        "Other Operating Expenses": NaN,
        "Research And Development": NaN,
        "Selling General And Administration": NaN,
        "General And Administrative Expense": NaN,
        "Other Gand A": NaN,
        "Gross Profit": NaN,
        "Cost Of Revenue": NaN,
        "Total Revenue": NaN,
        "Operating Revenue": NaN
    },
    "2022-09-30": {
        "Tax Effect Of Unusual Items": NaN,
        "Tax Rate For Calcs": NaN,
        "Normalized EBITDA": NaN,
        "Total Unusual Items": NaN,
        "Total Unusual Items Excluding Goodwill": NaN,
        "Net Income From Continuing Operation Net Minority Interest": NaN,
        "Reconciled Depreciation": NaN,
        "Reconciled Cost Of Revenue": NaN,
        "EBITDA": NaN,
        "EBIT": NaN,
        "Net Interest Income": NaN,
        "Interest Expense": NaN,
        "Normalized Income": NaN,
        "Net Income From Continuing And Discontinued Operation": NaN,
        "Total Expenses": NaN,
        "Diluted Average Shares": 278105000.0,
        "Basic Average Shares": 278105000.0,
        "Diluted EPS": -0.21,
        "Basic EPS": -0.21,
        "Diluted NI Availto Com Stockholders": NaN,
        "Net Income Common Stockholders": NaN,
        "Net Income": NaN,
        "Net Income Including Noncontrolling Interests": NaN,
        "Net Income Continuous Operations": NaN,
        "Tax Provision": NaN,
        "Pretax Income": NaN,
        "Other Income Expense": NaN,
        "Other Non Operating Income Expenses": NaN,
        "Special Income Charges": NaN,
        "Gain On Sale Of Ppe": NaN,
        "Other Special Charges": NaN,
        "Write Off": 0.0,
        "Gain On Sale Of Security": NaN,
        "Net Non Operating Interest Income Expense": NaN,
        "Total Other Finance Cost": NaN,
        "Interest Expense Non Operating": NaN,
        "Operating Income": NaN,
        "Operating Expense": NaN,
        "Other Operating Expenses": NaN,
        "Research And Development": 9249000.0,
        "Selling General And Administration": NaN,
        "General And Administrative Expense": NaN,
        "Other Gand A": NaN,
        "Gross Profit": NaN,
        "Cost Of Revenue": NaN,
        "Total Revenue": NaN,
        "Operating Revenue": NaN
    },
    "2022-06-30": {
        "Tax Effect Of Unusual Items": -25205200.0,
        "Tax Rate For Calcs": 0.4,
        "Normalized EBITDA": 29720000.0,
        "Total Unusual Items": -63013000.0,
        "Total Unusual Items Excluding Goodwill": -63013000.0,
        "Net Income From Continuing Operation Net Minority Interest": -77434000.0,
        "Reconciled Depreciation": 27965000.0,
        "Reconciled Cost Of Revenue": 178644000.0,
        "EBITDA": -33293000.0,
        "EBIT": -61258000.0,
        "Net Interest Income": -5170000.0,
        "Interest Expense": 4674000.0,
        "Normalized Income": -39626200.0,
        "Net Income From Continuing And Discontinued Operation": -77434000.0,
        "Total Expenses": 196739000.0,
        "Diluted Average Shares": 278040000.0,
        "Basic Average Shares": 278040000.0,
        "Diluted EPS": -0.28,
        "Basic EPS": -0.28,
        "Diluted NI Availto Com Stockholders": -77434000.0,
        "Net Income Common Stockholders": -77434000.0,
        "Net Income": -77434000.0,
        "Net Income Including Noncontrolling Interests": -77434000.0,
        "Net Income Continuous Operations": -77434000.0,
        "Tax Provision": 11502000.0,
        "Pretax Income": -65932000.0,
        "Other Income Expense": -68146000.0,
        "Other Non Operating Income Expenses": -5133000.0,
        "Special Income Charges": 303000.0,
        "Gain On Sale Of Ppe": 621000.0,
        "Other Special Charges": 318000.0,
        "Write Off": NaN,
        "Gain On Sale Of Security": -63316000.0,
        "Net Non Operating Interest Income Expense": -5170000.0,
        "Total Other Finance Cost": 496000.0,
        "Interest Expense Non Operating": 4674000.0,
        "Operating Income": 7384000.0,
        "Operating Expense": 18095000.0,
        "Other Operating Expenses": 8808000.0,
        "Research And Development": NaN,
        "Selling General And Administration": 9287000.0,
        "General And Administrative Expense": 9287000.0,
        "Other Gand A": 9287000.0,
        "Gross Profit": 25479000.0,
        "Cost Of Revenue": 178644000.0,
        "Total Revenue": 204123000.0,
        "Operating Revenue": 204123000.0
    },
    "2022-03-31": {
        "Diluted EPS": 0.03,
        "Total Revenue": 188,
        "Gross Profit": 55,
        "Operating Income": 2,
        "EBIT": 31,
        "Net Income": 8
    },
    "2021-12-31": {
        "Diluted EPS": -0.06,
        "Total Revenue": 208,
        "Gross Profit": 102,
        "Operating Income": 1,
        "EBIT": 40,
        "Net Income": -11
    },
    "2021-09-30": {
        "Diluted EPS": -0.21,
        "Total Revenue": 208,
        "Gross Profit": 43,
        "Operating Income": 8,
        "EBIT": 42,
        "Net Income": -55
    },
    "2021-06-30": {
        "Diluted EPS": 0.13,
        "Total Revenue": 215,
        "Gross Profit": 82,
        "Operating Income": 15,
        "EBIT": 50,
        "Net Income": 32
    },
    "2021-03-31": {
        "Diluted EPS": 0.01,
        "Total Revenue": 202,
        "Gross Profit": 94,
        "Operating Income": 29,
        "EBIT": 62,
        "Net Income": 2
    },
    "2020-12-31": {
        "Diluted EPS": 0.06,
        "Total Revenue": 228,
        "Gross Profit": 110,
        "Operating Income": 39,
        "EBIT": 78,
        "Net Income": 12
    },
    "2020-09-30": {
        "Diluted EPS": 0.11,
        "Total Revenue": 230,
        "Gross Profit": 117,
        "Operating Income": 49,
        "EBIT": 84,
        "Net Income": 27
    },
    "2020-06-30": {
        "Diluted EPS": -0.01,
        "Total Revenue": 154,
        "Gross Profit": 64,
        "Operating Income": -3,
        "EBIT": 28,
        "Net Income": -1
    },
    "2020-03-31": {
        "Diluted EPS": -0.05,
        "Total Revenue": 173,
        "Gross Profit": 54,
        "Operating Income": -4,
        "EBIT": 35,
        "Net Income": -12
    },
    "2019-12-31": {
        "Diluted EPS": -1.23,
        "Total Revenue": 195,
        "Gross Profit": 48,
        "Operating Income": -270,
        "EBIT": -219,
        "Net Income": -271
    },
    "2019-09-30": {
        "Diluted EPS": -0.06,
        "Total Revenue": 199,
        "Gross Profit": 59,
        "Operating Income": -8,
        "EBIT": 41,
        "Net Income": -14
    },
    "2019-06-30": {
        "Diluted EPS": -0.18,
        "Total Revenue": 162,
        "Gross Profit": 30,
        "Operating Income": -31,
        "EBIT": 15,
        "Net Income": -37
    },
    "2019-03-31": {
        "Diluted EPS": -0.09,
        "Total Revenue": 155,
        "Gross Profit": 23,
        "Operating Income": -36,
        "EBIT": 9,
        "Net Income": -19
    },
    "2018-12-31": {
        "Diluted EPS": 0.0,
        "Total Revenue": 144,
        "Gross Profit": 27,
        "Operating Income": -25,
        "EBIT": 16,
        "Net Income": 0
    },
    "2018-09-30": {
        "Diluted EPS": -0.29,
        "Total Revenue": 149,
        "Gross Profit": 32,
        "Operating Income": -23,
        "EBIT": 11,
        "Net Income": -53
    },
    "2018-06-30": {
        "Diluted EPS": 0.02,
        "Total Revenue": 170,
        "Gross Profit": 62,
        "Operating Income": 15,
        "EBIT": 48,
        "Net Income": 3
    },
    "2018-03-31": {
        "Diluted EPS": 0.01,
        "Total Revenue": 163,
        "Gross Profit": 64,
        "Operating Income": 13,
        "EBIT": 48,
        "Net Income": 1
    },
    "2017-12-31": {
        "Diluted EPS": 0.04,
        "Total Revenue": 215,
        "Gross Profit": 93,
        "Operating Income": 25,
        "EBIT": 73,
        "Net Income": 8
    },
    "2017-09-30": {
        "Diluted EPS": -0.09,
        "Total Revenue": 160,
        "Gross Profit": 58,
        "Operating Income": 4,
        "EBIT": 39,
        "Net Income": -17
    },
    "2017-06-30": {
        "Diluted EPS": -0.06,
        "Total Revenue": 150,
        "Gross Profit": 47,
        "Operating Income": -2,
        "EBIT": 31,
        "Net Income": -11
    },
    "2017-03-31": {
        "Diluted EPS": 0.1,
        "Total Revenue": 186,
        "Gross Profit": 71,
        "Operating Income": 13,
        "EBIT": 54,
        "Net Income": 19
    },
    "2016-12-31": {
        "Diluted EPS": -0.03,
        "Total Revenue": 65,
        "Gross Profit": 37,
        "Operating Income": 1,
        "EBIT": 25,
        "Net Income": -8
    },
    "2016-09-30": {
        "Diluted EPS": 0.42,
        "Total Revenue": 176,
        "Gross Profit": 71,
        "Operating Income": 28,
        "EBIT": 58,
        "Net Income": 70
    },
    "2016-06-30": {
        "Diluted EPS": 0.09,
        "Total Revenue": 182,
        "Gross Profit": 82,
        "Operating Income": 30,
        "EBIT": 70,
        "Net Income": 14
    },
    "2016-03-31": {
        "Diluted EPS": -0.14,
        "Total Revenue": 148,
        "Gross Profit": 47,
        "Operating Income": 0,
        "EBIT": 31,
        "Net Income": -20
    },
    "2015-12-31": {
        "Diluted EPS": -2.28,
        "Total Revenue": 80,
        "Gross Profit": 30,
        "Operating Income": -247,
        "EBIT": -226,
        "Net Income": -303
    },
    "2015-09-30": {
        "Diluted EPS": -0.11,
        "Total Revenue": 163,
        "Gross Profit": 42,
        "Operating Income": -7,
        "EBIT": 32,
        "Net Income": -14
    },
    "2015-06-30": {
        "Diluted EPS": -0.12,
        "Total Revenue": 166,
        "Gross Profit": 47,
        "Operating Income": -6,
        "EBIT": 36,
        "Net Income": -17
    },
    "2015-03-31": {
        "Diluted EPS": -0.32,
        "Total Revenue": 153,
        "Gross Profit": 38,
        "Operating Income": -15,
        "EBIT": 21,
        "Net Income": -33
    },
    "2014-12-31": {
        "Diluted EPS": -10.84,
        "Total Revenue": 141,
        "Gross Profit": 14,
        "Operating Income": NaN,
        "EBIT": NaN,
        "Net Income": NaN
    },
    "2014-09-30": {
        "Diluted EPS": 0.03,
        "Total Revenue": 171,
        "Gross Profit": 45,
        "Operating Income": -16,
        "EBIT": 30,
        "Net Income": 3
    },
    "2014-06-30": {
        "Diluted EPS": -0.42,
        "Total Revenue": 165,
        "Gross Profit": 46,
        "Operating Income": -19,
        "EBIT": 27,
        "Net Income": -43
    },
    "2014-03-31": {
        "Diluted EPS": -0.36,
        "Total Revenue": 160,
        "Gross Profit": 53,
        "Operating Income": -13,
        "EBIT": 32,
        "Net Income": -37
    },
    "2013-12-31": {
        "Diluted EPS": -5.98,
        "Total Revenue": 169,
        "Gross Profit": 67,
        "Operating Income": -791,
        "EBIT": -722,
        "Net Income": -582
    },
    "2013-09-30": {
        "Diluted EPS": -0.46,
        "Total Revenue": 201,
        "Gross Profit": 69,
        "Operating Income": -15,
        "EBIT": 49,
        "Net Income": -46
    },
    "2013-06-30": {
        "Diluted EPS": -0.35,
        "Total Revenue": 205,
        "Gross Profit": 62,
        "Operating Income": -50,
        "EBIT": 12,
        "Net Income": -35
    },
    "2013-03-31": {
        "Diluted EPS": 0.14,
        "Total Revenue": 172,
        "Gross Profit": 84,
        "Operating Income": 12,
        "EBIT": 66,
        "Net Income": 12
    },
    "2012-12-31": {
        "Diluted EPS": 0.42,
        "Total Revenue": 206,
        "Gross Profit": 267,
        "Operating Income": 36,
        "EBIT": 110,
        "Net Income": 38
    },
    "2012-09-30": {
        "Diluted EPS": -0.18,
        "Total Revenue": 231,
        "Gross Profit": 53,
        "Operating Income": 34,
        "EBIT": 87,
        "Net Income": -16
    },
    "2012-06-30": {
        "Diluted EPS": 0.26,
        "Total Revenue": 254,
        "Gross Profit": 62,
        "Operating Income": 42,
        "EBIT": 103,
        "Net Income": 23
    },
    "2012-03-31": {
        "Diluted EPS": 0.04,
        "Total Revenue": 205,
        "Gross Profit": 59,
        "Operating Income": 44,
        "EBIT": 97,
        "Net Income": 4
    },
    "2011-12-31": {
        "Diluted EPS": 0.12,
        "Total Revenue": 247,
        "Gross Profit": 80,
        "Operating Income": 62,
        "EBIT": 120,
        "Net Income": 11
    },
    "2011-09-30": {
        "Diluted EPS": 0.35,
        "Total Revenue": 344,
        "Gross Profit": 144,
        "Operating Income": 127,
        "EBIT": 186,
        "Net Income": 31
    },
    "2011-06-30": {
        "Diluted EPS": 0.43,
        "Total Revenue": 231,
        "Gross Profit": 96,
        "Operating Income": 79,
        "EBIT": 137,
        "Net Income": 39
    },
    "2011-03-31": {
        "Diluted EPS": 0.14,
        "Total Revenue": 200,
        "Gross Profit": 57,
        "Operating Income": 39,
        "EBIT": 89,
        "Net Income": 12
    },
    "2010-12-31": {
        "Diluted EPS": -0.07,
        "Total Revenue": 208,
        "Gross Profit": 75,
        "Operating Income": 63,
        "EBIT": 110,
        "Net Income": -5
    },
    "2010-09-30": {
        "Diluted EPS": -0.25,
        "Total Revenue": 119,
        "Gross Profit": 20,
        "Operating Income": 10,
        "EBIT": 48,
        "Net Income": -23
    },
    "2010-06-30": {
        "Diluted EPS": -0.57,
        "Total Revenue": 101,
        "Gross Profit": 12,
        "Operating Income": 2,
        "EBIT": 33,
        "Net Income": -51
    },
    "2010-03-31": {
        "Diluted EPS": -0.16,
        "Total Revenue": 88,
        "Gross Profit": 9,
        "Operating Income": -1,
        "EBIT": 28,
        "Net Income": -13
    },
    "2009-12-31": {
        "Diluted EPS": -0.42,
        "Total Revenue": 97,
        "Gross Profit": 14,
        "Operating Income": 6,
        "EBIT": 34,
        "Net Income": -27
    },
    "2009-09-30": {
        "Diluted EPS": -0.23,
        "Total Revenue": 90,
        "Gross Profit": 3,
        "Operating Income": -4,
        "EBIT": 25,
        "Net Income": -17
    },
    "2009-06-30": {
        "Diluted EPS": 0.17,
        "Total Revenue": 68,
        "Gross Profit": 0,
        "Operating Income": -9,
        "EBIT": 13,
        "Net Income": 12
    },
    "2009-03-31": {
        "Diluted EPS": 0.1,
        "Total Revenue": 45,
        "Gross Profit": 11,
        "Operating Income": -2,
        "EBIT": 7,
        "Net Income": 6
    },
    "2023-06-30": {
        "Tax Effect Of Unusual Items": NaN,
        "Tax Rate For Calcs": NaN,
        "Normalized EBITDA": NaN,
        "Total Unusual Items": NaN,
        "Total Unusual Items Excluding Goodwill": NaN,
        "Net Income From Continuing Operation Net Minority Interest": NaN,
        "Reconciled Depreciation": NaN,
        "Reconciled Cost Of Revenue": NaN,
        "EBITDA": NaN,
        "EBIT": NaN,
        "Net Interest Income": NaN,
        "Interest Expense": NaN,
        "Normalized Income": NaN,
        "Net Income From Continuing And Discontinued Operation": NaN,
        "Total Expenses": NaN,
        "Diluted Average Shares": 333082000.0,
        "Basic Average Shares": 333082000.0,
        "Diluted EPS": -0.1,
        "Basic EPS": -0.1,
        "Diluted NI Availto Com Stockholders": NaN,
        "Net Income Common Stockholders": NaN,
        "Net Income": NaN,
        "Net Income Including Noncontrolling Interests": NaN,
        "Net Income Continuous Operations": NaN,
        "Tax Provision": NaN,
        "Pretax Income": NaN,
        "Other Income Expense": NaN,
        "Other Non Operating Income Expenses": NaN,
        "Special Income Charges": NaN,
        "Gain On Sale Of Ppe": NaN,
        "Other Special Charges": NaN,
        "Restructuring And Mergern Acquisition": NaN,
        "Gain On Sale Of Security": NaN,
        "Net Non Operating Interest Income Expense": NaN,
        "Total Other Finance Cost": NaN,
        "Interest Expense Non Operating": NaN,
        "Operating Income": NaN,
        "Operating Expense": NaN,
        "Other Operating Expenses": NaN,
        "Research And Development": 10048000.0,
        "Selling General And Administration": NaN,
        "General And Administrative Expense": NaN,
        "Other Gand A": NaN,
        "Gross Profit": NaN,
        "Cost Of Revenue": NaN,
        "Total Revenue": NaN,
        "Operating Revenue": NaN
    },
    "2023-09-30": {
        "Tax Effect Of Unusual Items": NaN,
        "Tax Rate For Calcs": NaN,
        "Normalized EBITDA": NaN,
        "Total Unusual Items": NaN,
        "Total Unusual Items Excluding Goodwill": NaN,
        "Net Income From Continuing Operation Net Minority Interest": NaN,
        "Reconciled Depreciation": NaN,
        "Reconciled Cost Of Revenue": NaN,
        "EBITDA": NaN,
        "EBIT": NaN,
        "Net Interest Income": NaN,
        "Interest Expense": NaN,
        "Normalized Income": NaN,
        "Net Income From Continuing And Discontinued Operation": NaN,
        "Total Expenses": NaN,
        "Total Operating Income As Reported": NaN,
        "Diluted Average Shares": 356700000.0,
        "Basic Average Shares": 356700000.0,
        "Diluted EPS": -0.06,
        "Basic EPS": -0.06,
        "Diluted NI Availto Com Stockholders": NaN,
        "Net Income Common Stockholders": NaN,
        "Net Income": NaN,
        "Net Income Including Noncontrolling Interests": NaN,
        "Net Income Continuous Operations": NaN,
        "Tax Provision": NaN,
        "Pretax Income": NaN,
        "Other Income Expense": NaN,
        "Other Non Operating Income Expenses": NaN,
        "Special Income Charges": NaN,
        "Gain On Sale Of Ppe": NaN,
        "Other Special Charges": NaN,
        "Restructuring And Mergern Acquisition": 0.0,
        "Gain On Sale Of Security": NaN,
        "Net Non Operating Interest Income Expense": NaN,
        "Total Other Finance Cost": NaN,
        "Interest Expense Non Operating": NaN,
        "Operating Income": NaN,
        "Operating Expense": NaN,
        "Other Operating Expenses": NaN,
        "Research And Development": 8680000.0,
        "Selling General And Administration": NaN,
        "General And Administrative Expense": NaN,
        "Other Gand A": NaN,
        "Gross Profit": NaN,
        "Cost Of Revenue": NaN,
        "Total Revenue": NaN,
        "Operating Revenue": NaN
    },
    "2023-12-31": {
        "Tax Effect Of Unusual Items": NaN,
        "Tax Rate For Calcs": NaN,
        "Normalized EBITDA": NaN,
        "Total Unusual Items": NaN,
        "Total Unusual Items Excluding Goodwill": NaN,
        "Net Income From Continuing Operation Net Minority Interest": NaN,
        "Reconciled Depreciation": NaN,
        "Reconciled Cost Of Revenue": NaN,
        "EBITDA": NaN,
        "EBIT": NaN,
        "Net Interest Income": NaN,
        "Interest Expense": NaN,
        "Normalized Income": NaN,
        "Net Income From Continuing And Discontinued Operation": NaN,
        "Total Expenses": NaN,
        "Total Operating Income As Reported": NaN,
        "Diluted Average Shares": NaN,
        "Basic Average Shares": NaN,
        "Diluted EPS": NaN,
        "Basic EPS": NaN,
        "Diluted NI Availto Com Stockholders": NaN,
        "Net Income Common Stockholders": NaN,
        "Net Income": NaN,
        "Net Income Including Noncontrolling Interests": NaN,
        "Net Income Continuous Operations": NaN,
        "Tax Provision": NaN,
        "Pretax Income": NaN,
        "Other Income Expense": NaN,
        "Other Non Operating Income Expenses": NaN,
        "Special Income Charges": NaN,
        "Gain On Sale Of Ppe": NaN,
        "Other Special Charges": NaN,
        "Restructuring And Mergern Acquisition": NaN,
        "Gain On Sale Of Security": NaN,
        "Net Non Operating Interest Income Expense": NaN,
        "Total Other Finance Cost": NaN,
        "Interest Expense Non Operating": NaN,
        "Operating Income": NaN,
        "Operating Expense": NaN,
        "Other Operating Expenses": NaN,
        "Research And Development": 25018000.0,
        "Selling General And Administration": NaN,
        "General And Administrative Expense": NaN,
        "Other Gand A": NaN,
        "Gross Profit": NaN,
        "Cost Of Revenue": NaN,
        "Total Revenue": NaN,
        "Operating Revenue": NaN
    },
    "2024-03-31": {
        "Tax Effect Of Unusual Items": NaN,
        "Tax Rate For Calcs": NaN,
        "Normalized EBITDA": NaN,
        "Total Unusual Items": NaN,
        "Total Unusual Items Excluding Goodwill": NaN,
        "Net Income From Continuing Operation Net Minority Interest": NaN,
        "Reconciled Depreciation": NaN,
        "Reconciled Cost Of Revenue": NaN,
        "EBITDA": NaN,
        "EBIT": NaN,
        "Net Interest Income": NaN,
        "Interest Expense": NaN,
        "Normalized Income": NaN,
        "Net Income From Continuing And Discontinued Operation": NaN,
        "Total Expenses": NaN,
        "Total Operating Income As Reported": -3357000.0,
        "Diluted Average Shares": 384968000.0,
        "Basic Average Shares": 384968000.0,
        "Diluted EPS": -0.08,
        "Basic EPS": -0.08,
        "Diluted NI Availto Com Stockholders": NaN,
        "Net Income Common Stockholders": NaN,
        "Net Income": NaN,
        "Net Income Including Noncontrolling Interests": NaN,
        "Net Income Continuous Operations": NaN,
        "Tax Provision": NaN,
        "Pretax Income": NaN,
        "Other Income Expense": NaN,
        "Other Non Operating Income Expenses": NaN,
        "Special Income Charges": NaN,
        "Gain On Sale Of Ppe": NaN,
        "Other Special Charges": NaN,
        "Restructuring And Mergern Acquisition": 0.0,
        "Gain On Sale Of Security": NaN,
        "Net Non Operating Interest Income Expense": NaN,
        "Total Other Finance Cost": NaN,
        "Interest Expense Non Operating": NaN,
        "Operating Income": NaN,
        "Operating Expense": NaN,
        "Other Operating Expenses": NaN,
        "Research And Development": NaN,
        "Selling General And Administration": NaN,
        "General And Administrative Expense": NaN,
        "Other Gand A": NaN,
        "Gross Profit": NaN,
        "Cost Of Revenue": NaN,
        "Total Revenue": NaN,
        "Operating Revenue": NaN
    },
    "2024-06-30": {
        "Tax Effect Of Unusual Items": -497280.0,
        "Tax Rate For Calcs": 0.21,
        "Normalized EBITDA": 51494000.0,
        "Total Unusual Items": -2368000.0,
        "Total Unusual Items Excluding Goodwill": -2368000.0,
        "Net Income From Continuing Operation Net Minority Interest": 1426000.0,
        "Reconciled Depreciation": 27928000.0,
        "Reconciled Cost Of Revenue": 172645000.0,
        "EBITDA": 49126000.0,
        "EBIT": 21198000.0,
        "Net Interest Income": -13162000.0,
        "Interest Expense": 12583000.0,
        "Normalized Income": 3296720.0,
        "Net Income From Continuing And Discontinued Operation": 1426000.0,
        "Total Expenses": 200914000.0,
        "Total Operating Income As Reported": 16676000.0,
        "Diluted Average Shares": 399909000.0,
        "Basic Average Shares": 393838000.0,
        "Diluted EPS": 0.0,
        "Basic EPS": 0.0,
        "Diluted NI Availto Com Stockholders": 1426000.0,
        "Net Income Common Stockholders": 1426000.0,
        "Net Income": 1426000.0,
        "Net Income Including Noncontrolling Interests": 1426000.0,
        "Net Income Continuous Operations": 1426000.0,
        "Tax Provision": 7189000.0,
        "Pretax Income": 8615000.0,
        "Other Income Expense": 665000.0,
        "Other Non Operating Income Expenses": 3033000.0,
        "Special Income Charges": -4457000.0,
        "Gain On Sale Of Ppe": -640000.0,
        "Other Special Charges": 3817000.0,
        "Restructuring And Mergern Acquisition": 0.0,
        "Gain On Sale Of Security": 2089000.0,
        "Net Non Operating Interest Income Expense": -13162000.0,
        "Total Other Finance Cost": 579000.0,
        "Interest Expense Non Operating": 12583000.0,
        "Operating Income": 21112000.0,
        "Operating Expense": 28269000.0,
        "Other Operating Expenses": 17028000.0,
        "Research And Development": NaN,
        "Selling General And Administration": 11241000.0,
        "General And Administrative Expense": 11241000.0,
        "Other Gand A": 11241000.0,
        "Gross Profit": 49381000.0,
        "Cost Of Revenue": 172645000.0,
        "Total Revenue": 222026000.0,
        "Operating Revenue": 222026000.0
    },
    "2024-09-30": {
        "Tax Effect Of Unusual Items": -914132.0,
        "Tax Rate For Calcs": 0.346,
        "Normalized EBITDA": 123113000.0,
        "Total Unusual Items": -2642000.0,
        "Total Unusual Items Excluding Goodwill": -2642000.0,
        "Net Income From Continuing Operation Net Minority Interest": 48739000.0,
        "Reconciled Depreciation": 33216000.0,
        "Reconciled Cost Of Revenue": 189958000.0,
        "EBITDA": 120471000.0,
        "EBIT": 87255000.0,
        "Net Interest Income": -13280000.0,
        "Interest Expense": 12699000.0,
        "Normalized Income": 50466868.0,
        "Net Income From Continuing And Discontinued Operation": 48739000.0,
        "Total Expenses": 224724000.0,
        "Total Operating Income As Reported": NaN,
        "Diluted Average Shares": 400838000.0,
        "Basic Average Shares": 393969000.0,
        "Diluted EPS": 0.12,
        "Basic EPS": 0.12,
        "Diluted NI Availto Com Stockholders": 48739000.0,
        "Net Income Common Stockholders": 48739000.0,
        "Net Income": 48739000.0,
        "Net Income Including Noncontrolling Interests": 48739000.0,
        "Net Income Continuous Operations": 48739000.0,
        "Tax Provision": 25817000.0,
        "Pretax Income": 74556000.0,
        "Other Income Expense": -916000.0,
        "Other Non Operating Income Expenses": 1726000.0,
        "Special Income Charges": -4350000.0,
        "Gain On Sale Of Ppe": -176000.0,
        "Other Special Charges": 3198000.0,
        "Restructuring And Mergern Acquisition": 976000.0,
        "Gain On Sale Of Security": 1708000.0,
        "Net Non Operating Interest Income Expense": -13280000.0,
        "Total Other Finance Cost": 581000.0,
        "Interest Expense Non Operating": 12699000.0,
        "Operating Income": 88752000.0,
        "Operating Expense": 34766000.0,
        "Other Operating Expenses": 23800000.0,
        "Research And Development": NaN,
        "Selling General And Administration": 10966000.0,
        "General And Administrative Expense": 10966000.0,
        "Other Gand A": 10966000.0,
        "Gross Profit": 123518000.0,
        "Cost Of Revenue": 189958000.0,
        "Total Revenue": 313476000.0,
        "Operating Revenue": 313476000.0
    },
    "2024-12-31": {
        "Tax Effect Of Unusual Items": -8842726.044925,
        "Tax Rate For Calcs": 0.327339,
        "Normalized EBITDA": 131125000.0,
        "Total Unusual Items": -27014000.0,
        "Total Unusual Items Excluding Goodwill": -27014000.0,
        "Net Income From Continuing Operation Net Minority Interest": 37852000.0,
        "Reconciled Depreciation": 36533000.0,
        "Reconciled Cost Of Revenue": 195269000.0,
        "EBITDA": 104111000.0,
        "EBIT": 67578000.0,
        "Net Interest Income": -11887000.0,
        "Interest Expense": 11306000.0,
        "Normalized Income": 56023273.955075,
        "Net Income From Continuing And Discontinued Operation": 37852000.0,
        "Total Expenses": 210648000.0,
        "Total Operating Income As Reported": NaN,
        "Diluted Average Shares": NaN,
        "Basic Average Shares": NaN,
        "Diluted EPS": NaN,
        "Basic EPS": NaN,
        "Diluted NI Availto Com Stockholders": 37852000.0,
        "Net Income Common Stockholders": 37852000.0,
        "Net Income": 37852000.0,
        "Net Income Including Noncontrolling Interests": 37852000.0,
        "Net Income Continuous Operations": 37852000.0,
        "Tax Provision": 18420000.0,
        "Pretax Income": 56272000.0,
        "Other Income Expense": -26637000.0,
        "Other Non Operating Income Expenses": 377000.0,
        "Special Income Charges": -28335000.0,
        "Gain On Sale Of Ppe": 4352000.0,
        "Other Special Charges": 33663000.0,
        "Restructuring And Mergern Acquisition": NaN,
        "Gain On Sale Of Security": 1321000.0,
        "Net Non Operating Interest Income Expense": -11887000.0,
        "Total Other Finance Cost": 581000.0,
        "Interest Expense Non Operating": 11306000.0,
        "Operating Income": 94796000.0,
        "Operating Expense": 15379000.0,
        "Other Operating Expenses": 4263000.0,
        "Research And Development": NaN,
        "Selling General And Administration": 11116000.0,
        "General And Administrative Expense": 11116000.0,
        "Other Gand A": 11116000.0,
        "Gross Profit": 110175000.0,
        "Cost Of Revenue": 195269000.0,
        "Total Revenue": 305444000.0,
        "Operating Revenue": 305444000.0
    },
    "2025-03-31": {
        "Tax Effect Of Unusual Items": -4743700.0,
        "Tax Rate For Calcs": 0.356,
        "Normalized EBITDA": 118053000.0,
        "Total Unusual Items": -13325000.0,
        "Total Unusual Items Excluding Goodwill": -13325000.0,
        "Net Income From Continuing Operation Net Minority Interest": 33353000.0,
        "Reconciled Depreciation": 43093000.0,
        "Reconciled Cost Of Revenue": 247359000.0,
        "EBITDA": 104728000.0,
        "EBIT": 61635000.0,
        "Net Interest Income": -10450000.0,
        "Interest Expense": 9869000.0,
        "Normalized Income": 41934300.0,
        "Net Income From Continuing And Discontinued Operation": 33353000.0,
        "Total Expenses": 285685000.0,
        "Total Operating Income As Reported": 62156000.0,
        "Diluted Average Shares": 521203000.0,
        "Basic Average Shares": 514501000.0,
        "Diluted EPS": 0.06,
        "Basic EPS": 0.06,
        "Diluted NI Availto Com Stockholders": 33353000.0,
        "Net Income Common Stockholders": 33353000.0,
        "Net Income": 33353000.0,
        "Net Income Including Noncontrolling Interests": 33353000.0,
        "Net Income Continuous Operations": 33353000.0,
        "Tax Provision": 18413000.0,
        "Pretax Income": 51766000.0,
        "Other Income Expense": -12161000.0,
        "Other Non Operating Income Expenses": 1164000.0,
        "Special Income Charges": -12221000.0,
        "Gain On Sale Of Ppe": -186000.0,
        "Other Special Charges": 3148000.0,
        "Restructuring And Mergern Acquisition": 8887000.0,
        "Gain On Sale Of Security": -1104000.0,
        "Net Non Operating Interest Income Expense": -10450000.0,
        "Total Other Finance Cost": 581000.0,
        "Interest Expense Non Operating": 9869000.0,
        "Operating Income": 74377000.0,
        "Operating Expense": 38326000.0,
        "Other Operating Expenses": 24414000.0,
        "Research And Development": NaN,
        "Selling General And Administration": 13912000.0,
        "General And Administrative Expense": 13912000.0,
        "Other Gand A": 13912000.0,
        "Gross Profit": 112703000.0,
        "Cost Of Revenue": 247359000.0,
        "Total Revenue": 360062000.0,
        "Operating Revenue": 360062000.0
    },
    "2025-06-30": {
        "Tax Effect Of Unusual Items": -1682310.0,
        "Tax Rate For Calcs": 0.21,
        "Normalized EBITDA": 210423000.0,
        "Total Unusual Items": -8011000.0,
        "Total Unusual Items Excluding Goodwill": -8011000.0,
        "Net Income From Continuing Operation Net Minority Interest": 70726000.0,
        "Reconciled Depreciation": 61421000.0,
        "Reconciled Cost Of Revenue": 290875000.0,
        "EBITDA": 202412000.0,
        "EBIT": 140991000.0,
        "Net Interest Income": -8251000.0,
        "Interest Expense": 7670000.0,
        "Normalized Income": 77054690.0,
        "Net Income From Continuing And Discontinued Operation": 70726000.0,
        "Total Expenses": 332281000.0,
        "Total Operating Income As Reported": 140108000.0,
        "Diluted Average Shares": 643076000.0,
        "Basic Average Shares": 637173000.0,
        "Diluted EPS": 0.11,
        "Basic EPS": 0.11,
        "Diluted NI Availto Com Stockholders": 70726000.0,
        "Net Income Common Stockholders": 70726000.0,
        "Net Income": 70726000.0,
        "Net Income Including Noncontrolling Interests": 70726000.0,
        "Net Income Continuous Operations": 70726000.0,
        "Tax Provision": 62595000.0,
        "Pretax Income": 133321000.0,
        "Other Income Expense": -6797000.0,
        "Other Non Operating Income Expenses": 1214000.0,
        "Special Income Charges": -8261000.0,
        "Gain On Sale Of Ppe": -120000.0,
        "Other Special Charges": 5318000.0,
        "Restructuring And Mergern Acquisition": 2823000.0,
        "Gain On Sale Of Security": 250000.0,
        "Net Non Operating Interest Income Expense": -8251000.0,
        "Total Other Finance Cost": 581000.0,
        "Interest Expense Non Operating": 7670000.0,
        "Operating Income": 148369000.0,
        "Operating Expense": 41406000.0,
        "Other Operating Expenses": 28156000.0,
        "Research And Development": NaN,
        "Selling General And Administration": 13250000.0,
        "General And Administrative Expense": 13250000.0,
        "Other Gand A": 13250000.0,
        "Gross Profit": 189775000.0,
        "Cost Of Revenue": 290875000.0,
        "Total Revenue": 480650000.0,
        "Operating Revenue": 480650000.0
    }
}