{
    "2023-03-31": {
        "Tax Effect Of Unusual Items": NaN,
        "Tax Rate For Calcs": NaN,
        "Normalized EBITDA": NaN,
        "Total Unusual Items": NaN,
        "Total Unusual Items Excluding Goodwill": NaN,
        "Net Income From Continuing Operation Net Minority Interest": NaN,
        "Reconciled Depreciation": NaN,
        "Reconciled Cost Of Revenue": NaN,
        "EBITDA": NaN,
        "EBIT": NaN,
        "Net Interest Income": NaN,
        "Interest Expense": NaN,
        "Interest Income": NaN,
        "Normalized Income": NaN,
        "Net Income From Continuing And Discontinued Operation": NaN,
        "Total Expenses": NaN,
        "Total Operating Income As Reported": NaN,
        "Diluted Average Shares": NaN,
        "Basic Average Shares": NaN,
        "Diluted EPS": NaN,
        "Basic EPS": NaN,
        "Diluted NI Availto Com Stockholders": NaN,
        "Net Income Common Stockholders": NaN,
        "Net Income": NaN,
        "Net Income Including Noncontrolling Interests": NaN,
        "Net Income Continuous Operations": NaN,
        "Tax Provision": 0.0,
        "Pretax Income": NaN,
        "Other Income Expense": NaN,
        "Special Income Charges": NaN,
        "Other Special Charges": NaN,
        "Impairment Of Capital Assets": NaN,
        "Restructuring And Mergern Acquisition": NaN,
        "Gain On Sale Of Security": NaN,
        "Net Non Operating Interest Income Expense": NaN,
        "Interest Expense Non Operating": NaN,
        "Interest Income Non Operating": NaN,
        "Operating Income": NaN,
        "Operating Expense": NaN,
        "Depreciation Amortization Depletion Income Statement": NaN,
        "Depreciation And Amortization In Income Statement": NaN,
        "Research And Development": NaN,
        "Selling General And Administration": NaN,
        "Selling And Marketing Expense": NaN,
        "General And Administrative Expense": NaN,
        "Other Gand A": NaN,
        "Gross Profit": NaN,
        "Cost Of Revenue": NaN,
        "Total Revenue": NaN,
        "Operating Revenue": NaN
    },
    "2022-12-31": {
        "Tax Effect Of Unusual Items": NaN,
        "Tax Rate For Calcs": NaN,
        "Normalized EBITDA": NaN,
        "Total Unusual Items": NaN,
        "Total Unusual Items Excluding Goodwill": NaN,
        "Net Income From Continuing Operation Net Minority Interest": NaN,
        "Reconciled Depreciation": NaN,
        "Reconciled Cost Of Revenue": NaN,
        "EBITDA": NaN,
        "EBIT": NaN,
        "Net Interest Income": NaN,
        "Interest Expense": NaN,
        "Interest Income": NaN,
        "Normalized Income": NaN,
        "Net Income From Continuing And Discontinued Operation": NaN,
        "Total Expenses": NaN,
        "Total Operating Income As Reported": NaN,
        "Diluted Average Shares": NaN,
        "Basic Average Shares": NaN,
        "Diluted EPS": NaN,
        "Basic EPS": NaN,
        "Diluted NI Availto Com Stockholders": NaN,
        "Net Income Common Stockholders": NaN,
        "Net Income": NaN,
        "Net Income Including Noncontrolling Interests": NaN,
        "Net Income Continuous Operations": NaN,
        "Tax Provision": 0.0,
        "Pretax Income": NaN,
        "Other Income Expense": NaN,
        "Special Income Charges": NaN,
        "Other Special Charges": NaN,
        "Impairment Of Capital Assets": 370139000.0,
        "Restructuring And Mergern Acquisition": NaN,
        "Gain On Sale Of Security": NaN,
        "Net Non Operating Interest Income Expense": NaN,
        "Interest Expense Non Operating": NaN,
        "Interest Income Non Operating": NaN,
        "Operating Income": NaN,
        "Operating Expense": NaN,
        "Depreciation Amortization Depletion Income Statement": NaN,
        "Depreciation And Amortization In Income Statement": NaN,
        "Research And Development": NaN,
        "Selling General And Administration": NaN,
        "Selling And Marketing Expense": NaN,
        "General And Administrative Expense": NaN,
        "Other Gand A": NaN,
        "Gross Profit": NaN,
        "Cost Of Revenue": NaN,
        "Total Revenue": NaN,
        "Operating Revenue": NaN
    },
    "2022-09-30": {
        "Tax Effect Of Unusual Items": NaN,
        "Tax Rate For Calcs": NaN,
        "Normalized EBITDA": NaN,
        "Total Unusual Items": NaN,
        "Total Unusual Items Excluding Goodwill": NaN,
        "Net Income From Continuing Operation Net Minority Interest": NaN,
        "Reconciled Depreciation": NaN,
        "Reconciled Cost Of Revenue": NaN,
        "EBITDA": NaN,
        "EBIT": NaN,
        "Net Interest Income": NaN,
        "Interest Expense": NaN,
        "Interest Income": NaN,
        "Normalized Income": NaN,
        "Net Income From Continuing And Discontinued Operation": NaN,
        "Total Expenses": NaN,
        "Total Operating Income As Reported": NaN,
        "Diluted Average Shares": NaN,
        "Basic Average Shares": NaN,
        "Diluted EPS": NaN,
        "Basic EPS": NaN,
        "Diluted NI Availto Com Stockholders": NaN,
        "Net Income Common Stockholders": NaN,
        "Net Income": NaN,
        "Net Income Including Noncontrolling Interests": NaN,
        "Net Income Continuous Operations": NaN,
        "Tax Provision": NaN,
        "Pretax Income": NaN,
        "Other Income Expense": NaN,
        "Special Income Charges": NaN,
        "Impairment Of Capital Assets": 0.0,
        "Restructuring And Mergern Acquisition": NaN,
        "Gain On Sale Of Security": NaN,
        "Net Non Operating Interest Income Expense": NaN,
        "Interest Expense Non Operating": NaN,
        "Interest Income Non Operating": NaN,
        "Operating Income": NaN,
        "Operating Expense": NaN,
        "Depreciation Amortization Depletion Income Statement": NaN,
        "Depreciation And Amortization In Income Statement": NaN,
        "Research And Development": NaN,
        "Selling General And Administration": NaN,
        "Selling And Marketing Expense": NaN,
        "General And Administrative Expense": NaN,
        "Other Gand A": NaN,
        "Gross Profit": NaN,
        "Cost Of Revenue": NaN,
        "Total Revenue": NaN,
        "Operating Revenue": NaN
    },
    "2022-06-30": {
        "Tax Effect Of Unusual Items": -983908.498779,
        "Tax Rate For Calcs": 0.01132,
        "Normalized EBITDA": -28044000.0,
        "Total Unusual Items": -86916000.0,
        "Total Unusual Items Excluding Goodwill": -86916000.0,
        "Net Income From Continuing Operation Net Minority Interest": -126290000.0,
        "Reconciled Depreciation": 11779000.0,
        "Reconciled Cost Of Revenue": 47019000.0,
        "EBITDA": -114960000.0,
        "EBIT": -126739000.0,
        "Net Interest Income": -879000.0,
        "Interest Expense": 997000.0,
        "Interest Income": 118000.0,
        "Normalized Income": -40357908.498779,
        "Net Income From Continuing And Discontinued Operation": -126290000.0,
        "Total Expenses": 115346000.0,
        "Total Operating Income As Reported": -122319000.0,
        "Diluted Average Shares": 33635000.0,
        "Basic Average Shares": 33635000.0,
        "Diluted EPS": -3.75,
        "Basic EPS": -3.75,
        "Diluted NI Availto Com Stockholders": -126290000.0,
        "Net Income Common Stockholders": -126290000.0,
        "Net Income": -126290000.0,
        "Net Income Including Noncontrolling Interests": -126290000.0,
        "Net Income Continuous Operations": -126290000.0,
        "Tax Provision": -1446000.0,
        "Pretax Income": -127736000.0,
        "Other Income Expense": -86916000.0,
        "Special Income Charges": -82378000.0,
        "Impairment Of Capital Assets": 83149000.0,
        "Restructuring And Mergern Acquisition": -771000.0,
        "Gain On Sale Of Security": -4538000.0,
        "Net Non Operating Interest Income Expense": -879000.0,
        "Interest Expense Non Operating": 997000.0,
        "Interest Income Non Operating": 118000.0,
        "Operating Income": -39941000.0,
        "Operating Expense": 66904000.0,
        "Depreciation Amortization Depletion Income Statement": 10356000.0,
        "Depreciation And Amortization In Income Statement": 10356000.0,
        "Research And Development": 13581000.0,
        "Selling General And Administration": 42967000.0,
        "Selling And Marketing Expense": 21983000.0,
        "General And Administrative Expense": 20984000.0,
        "Other Gand A": 20984000.0,
        "Gross Profit": 26963000.0,
        "Cost Of Revenue": 48442000.0,
        "Total Revenue": 75405000.0,
        "Operating Revenue": 75405000.0
    },
    "2023-06-30": {
        "Tax Effect Of Unusual Items": NaN,
        "Tax Rate For Calcs": NaN,
        "Normalized EBITDA": NaN,
        "Total Unusual Items": NaN,
        "Total Unusual Items Excluding Goodwill": NaN,
        "Net Income From Continuing Operation Net Minority Interest": NaN,
        "Reconciled Depreciation": NaN,
        "Reconciled Cost Of Revenue": NaN,
        "EBITDA": NaN,
        "EBIT": NaN,
        "Net Interest Income": NaN,
        "Interest Expense": NaN,
        "Interest Income": NaN,
        "Normalized Income": NaN,
        "Net Income From Continuing And Discontinued Operation": NaN,
        "Total Expenses": NaN,
        "Total Operating Income As Reported": NaN,
        "Diluted Average Shares": NaN,
        "Basic Average Shares": NaN,
        "Diluted EPS": NaN,
        "Basic EPS": NaN,
        "Diluted NI Availto Com Stockholders": NaN,
        "Net Income Common Stockholders": NaN,
        "Net Income": NaN,
        "Net Income Including Noncontrolling Interests": NaN,
        "Net Income Continuous Operations": NaN,
        "Tax Provision": 0.0,
        "Pretax Income": NaN,
        "Other Income Expense": NaN,
        "Special Income Charges": NaN,
        "Other Special Charges": NaN,
        "Impairment Of Capital Assets": 0.0,
        "Restructuring And Mergern Acquisition": NaN,
        "Gain On Sale Of Security": NaN,
        "Net Non Operating Interest Income Expense": NaN,
        "Interest Expense Non Operating": NaN,
        "Interest Income Non Operating": NaN,
        "Operating Income": NaN,
        "Operating Expense": NaN,
        "Depreciation Amortization Depletion Income Statement": NaN,
        "Depreciation And Amortization In Income Statement": NaN,
        "Research And Development": NaN,
        "Selling General And Administration": NaN,
        "Selling And Marketing Expense": NaN,
        "General And Administrative Expense": NaN,
        "Other Gand A": NaN,
        "Gross Profit": NaN,
        "Cost Of Revenue": NaN,
        "Total Revenue": NaN,
        "Operating Revenue": NaN
    },
    "2022-03-31": {
        "Diluted EPS": 0.91,
        "Total Revenue": 68,
        "Gross Profit": 26,
        "Operating Income": 36,
        "EBIT": 47,
        "Net Income": 33
    },
    "2021-12-31": {
        "Diluted EPS": -0.36,
        "Total Revenue": 90,
        "Gross Profit": 36,
        "Operating Income": -16,
        "EBIT": -1,
        "Net Income": -12
    },
    "2021-09-30": {
        "Diluted EPS": -1.35,
        "Total Revenue": 65,
        "Gross Profit": 25,
        "Operating Income": -40,
        "EBIT": -25,
        "Net Income": -45
    },
    "2021-06-30": {
        "Diluted EPS": -1.43,
        "Total Revenue": 59,
        "Gross Profit": 23,
        "Operating Income": -44,
        "EBIT": -32,
        "Net Income": -47
    },
    "2021-03-31": {
        "Diluted EPS": -0.85,
        "Total Revenue": 53,
        "Gross Profit": 20,
        "Operating Income": -22,
        "EBIT": -15,
        "Net Income": -25
    },
    "2020-12-31": {
        "Diluted EPS": -0.24,
        "Total Revenue": 67,
        "Gross Profit": 25,
        "Operating Income": -6,
        "EBIT": 0,
        "Net Income": -7
    },
    "2020-09-30": {
        "Diluted EPS": -0.56,
        "Total Revenue": 46,
        "Gross Profit": 15,
        "Operating Income": -16,
        "EBIT": -11,
        "Net Income": -15
    },
    "2020-06-30": {
        "Diluted EPS": -0.73,
        "Total Revenue": 28,
        "Gross Profit": 8,
        "Operating Income": -20,
        "EBIT": -16,
        "Net Income": -20
    },
    "2020-03-31": {
        "Diluted EPS": -0.51,
        "Total Revenue": 46,
        "Gross Profit": 16,
        "Operating Income": -12,
        "EBIT": -8,
        "Net Income": -14
    },
    "2019-12-31": {
        "Diluted EPS": 0.18,
        "Total Revenue": 69,
        "Gross Profit": 27,
        "Operating Income": 1,
        "EBIT": 3,
        "Net Income": 3
    },
    "2019-09-30": {
        "Diluted EPS": -0.33,
        "Total Revenue": 56,
        "Gross Profit": 21,
        "Operating Income": -7,
        "EBIT": -5,
        "Net Income": -8
    },
    "2019-06-30": {
        "Diluted EPS": -0.29,
        "Total Revenue": 49,
        "Gross Profit": 18,
        "Operating Income": -5,
        "EBIT": -4,
        "Net Income": -7
    },
    "2019-03-31": {
        "Diluted EPS": -0.28,
        "Total Revenue": 36,
        "Gross Profit": 14,
        "Operating Income": -7,
        "EBIT": -5,
        "Net Income": -6
    },
    "2018-12-31": {
        "Diluted EPS": -0.21,
        "Total Revenue": 48,
        "Gross Profit": 18,
        "Operating Income": -11,
        "EBIT": -9,
        "Net Income": -12
    },
    "2018-09-30": {
        "Diluted EPS": -0.4,
        "Total Revenue": 35,
        "Gross Profit": 14,
        "Operating Income": -9,
        "EBIT": -7,
        "Net Income": -8
    },
    "2018-06-30": {
        "Diluted EPS": -0.64,
        "Total Revenue": 36,
        "Gross Profit": 13,
        "Operating Income": -12,
        "EBIT": -10,
        "Net Income": -13
    },
    "2018-03-31": {
        "Diluted EPS": -1.54,
        "Total Revenue": 33,
        "Gross Profit": 9,
        "Operating Income": -10,
        "EBIT": -7,
        "Net Income": -20
    },
    "2017-12-31": {
        "Diluted EPS": -1.26,
        "Total Revenue": 39,
        "Gross Profit": 15,
        "Operating Income": -2,
        "EBIT": -1,
        "Net Income": -4
    },
    "2017-09-30": {
        "Diluted EPS": -0.8,
        "Total Revenue": 31,
        "Gross Profit": 15,
        "Operating Income": -3,
        "EBIT": 0,
        "Net Income": -3
    },
    "2017-06-30": {
        "Diluted EPS": -3.48,
        "Total Revenue": 33,
        "Gross Profit": 11,
        "Operating Income": -5,
        "EBIT": -2,
        "Net Income": -5
    },
    "2017-03-31": {
        "Diluted EPS": -4.8,
        "Total Revenue": 27,
        "Gross Profit": 9,
        "Operating Income": -7,
        "EBIT": -4,
        "Net Income": -13
    },
    "2016-12-31": {
        "Diluted EPS": 0.0,
        "Total Revenue": NaN,
        "Gross Profit": NaN,
        "Operating Income": NaN,
        "EBIT": NaN,
        "Net Income": NaN
    },
    "2015-12-31": {
        "Diluted EPS": 0.0,
        "Total Revenue": NaN,
        "Gross Profit": NaN,
        "Operating Income": NaN,
        "EBIT": NaN,
        "Net Income": NaN
    },
    "2023-09-30": {
        "Tax Effect Of Unusual Items": NaN,
        "Tax Rate For Calcs": NaN,
        "Normalized EBITDA": NaN,
        "Total Unusual Items": NaN,
        "Total Unusual Items Excluding Goodwill": NaN,
        "Net Income From Continuing Operation Net Minority Interest": NaN,
        "Reconciled Depreciation": NaN,
        "Reconciled Cost Of Revenue": NaN,
        "EBITDA": NaN,
        "EBIT": NaN,
        "Net Interest Income": NaN,
        "Interest Expense": NaN,
        "Interest Income": NaN,
        "Normalized Income": NaN,
        "Net Income From Continuing And Discontinued Operation": NaN,
        "Total Expenses": NaN,
        "Total Operating Income As Reported": NaN,
        "Diluted Average Shares": NaN,
        "Basic Average Shares": NaN,
        "Diluted EPS": NaN,
        "Basic EPS": NaN,
        "Diluted NI Availto Com Stockholders": NaN,
        "Net Income Common Stockholders": NaN,
        "Net Income": NaN,
        "Net Income Including Noncontrolling Interests": NaN,
        "Net Income Continuous Operations": NaN,
        "Tax Provision": 0.0,
        "Pretax Income": NaN,
        "Other Income Expense": NaN,
        "Special Income Charges": NaN,
        "Gain On Sale Of Business": NaN,
        "Other Special Charges": NaN,
        "Impairment Of Capital Assets": 0.0,
        "Restructuring And Mergern Acquisition": NaN,
        "Gain On Sale Of Security": NaN,
        "Net Non Operating Interest Income Expense": NaN,
        "Interest Expense Non Operating": NaN,
        "Interest Income Non Operating": NaN,
        "Operating Income": NaN,
        "Operating Expense": NaN,
        "Depreciation Amortization Depletion Income Statement": NaN,
        "Depreciation And Amortization In Income Statement": NaN,
        "Research And Development": NaN,
        "Selling General And Administration": NaN,
        "Selling And Marketing Expense": NaN,
        "General And Administrative Expense": NaN,
        "Other Gand A": NaN,
        "Gross Profit": NaN,
        "Cost Of Revenue": NaN,
        "Total Revenue": NaN,
        "Operating Revenue": NaN
    },
    "2023-12-31": {
        "Tax Effect Of Unusual Items": NaN,
        "Tax Rate For Calcs": NaN,
        "Normalized EBITDA": NaN,
        "Total Unusual Items": NaN,
        "Total Unusual Items Excluding Goodwill": NaN,
        "Net Income From Continuing Operation Net Minority Interest": NaN,
        "Reconciled Depreciation": NaN,
        "Reconciled Cost Of Revenue": NaN,
        "EBITDA": NaN,
        "EBIT": NaN,
        "Net Interest Income": NaN,
        "Interest Expense": NaN,
        "Interest Income": NaN,
        "Normalized Income": NaN,
        "Net Income From Continuing And Discontinued Operation": NaN,
        "Total Expenses": NaN,
        "Total Operating Income As Reported": NaN,
        "Diluted Average Shares": NaN,
        "Basic Average Shares": NaN,
        "Diluted EPS": NaN,
        "Basic EPS": NaN,
        "Diluted NI Availto Com Stockholders": NaN,
        "Net Income Common Stockholders": NaN,
        "Net Income": NaN,
        "Net Income Including Noncontrolling Interests": NaN,
        "Net Income Continuous Operations": NaN,
        "Tax Provision": 0.0,
        "Pretax Income": NaN,
        "Other Income Expense": NaN,
        "Special Income Charges": NaN,
        "Gain On Sale Of Business": NaN,
        "Other Special Charges": NaN,
        "Impairment Of Capital Assets": 70518000.0,
        "Restructuring And Mergern Acquisition": NaN,
        "Gain On Sale Of Security": NaN,
        "Net Non Operating Interest Income Expense": NaN,
        "Interest Expense Non Operating": NaN,
        "Interest Income Non Operating": NaN,
        "Operating Income": NaN,
        "Operating Expense": NaN,
        "Depreciation Amortization Depletion Income Statement": NaN,
        "Depreciation And Amortization In Income Statement": NaN,
        "Research And Development": NaN,
        "Selling General And Administration": NaN,
        "Selling And Marketing Expense": NaN,
        "General And Administrative Expense": NaN,
        "Other Gand A": NaN,
        "Gross Profit": NaN,
        "Cost Of Revenue": NaN,
        "Total Revenue": NaN,
        "Operating Revenue": NaN
    },
    "2024-03-31": {
        "Tax Effect Of Unusual Items": 0.0,
        "Tax Rate For Calcs": 0.0,
        "Normalized EBITDA": -9298000.0,
        "Total Unusual Items": -6447000.0,
        "Total Unusual Items Excluding Goodwill": -6447000.0,
        "Net Income From Continuing Operation Net Minority Interest": -24275000.0,
        "Reconciled Depreciation": 6799000.0,
        "Reconciled Cost Of Revenue": 36167000.0,
        "EBITDA": -15745000.0,
        "EBIT": -22544000.0,
        "Net Interest Income": -819000.0,
        "Interest Expense": 1731000.0,
        "Interest Income": 912000.0,
        "Normalized Income": -17828000.0,
        "Net Income From Continuing And Discontinued Operation": -24275000.0,
        "Total Expenses": 84617000.0,
        "Total Operating Income As Reported": -22826000.0,
        "Diluted Average Shares": 43248000.0,
        "Basic Average Shares": 43248000.0,
        "Diluted EPS": -0.56,
        "Basic EPS": -0.56,
        "Diluted NI Availto Com Stockholders": -24275000.0,
        "Net Income Common Stockholders": -24275000.0,
        "Net Income": -24275000.0,
        "Net Income Including Noncontrolling Interests": -24275000.0,
        "Net Income Continuous Operations": -24275000.0,
        "Tax Provision": NaN,
        "Pretax Income": -24275000.0,
        "Other Income Expense": -6447000.0,
        "Special Income Charges": -5817000.0,
        "Gain On Sale Of Business": 0.0,
        "Other Special Charges": NaN,
        "Impairment Of Capital Assets": NaN,
        "Restructuring And Mergern Acquisition": 5817000.0,
        "Gain On Sale Of Security": -630000.0,
        "Net Non Operating Interest Income Expense": -819000.0,
        "Interest Expense Non Operating": 1731000.0,
        "Interest Income Non Operating": 912000.0,
        "Operating Income": -17009000.0,
        "Operating Expense": 47901000.0,
        "Depreciation Amortization Depletion Income Statement": 6250000.0,
        "Depreciation And Amortization In Income Statement": 6250000.0,
        "Research And Development": 13048000.0,
        "Selling General And Administration": 28603000.0,
        "Selling And Marketing Expense": 14118000.0,
        "General And Administrative Expense": 14485000.0,
        "Other Gand A": 14485000.0,
        "Gross Profit": 30892000.0,
        "Cost Of Revenue": 36716000.0,
        "Total Revenue": 67608000.0,
        "Operating Revenue": 67608000.0
    },
    "2024-06-30": {
        "Tax Effect Of Unusual Items": 0.0,
        "Tax Rate For Calcs": 0.0,
        "Normalized EBITDA": -13534000.0,
        "Total Unusual Items": 18762000.0,
        "Total Unusual Items Excluding Goodwill": 18762000.0,
        "Net Income From Continuing Operation Net Minority Interest": -4257000.0,
        "Reconciled Depreciation": 7052000.0,
        "Reconciled Cost Of Revenue": 40396000.0,
        "EBITDA": 5228000.0,
        "EBIT": -1824000.0,
        "Net Interest Income": -1561000.0,
        "Interest Expense": 2433000.0,
        "Interest Income": 872000.0,
        "Normalized Income": -23019000.0,
        "Net Income From Continuing And Discontinued Operation": -4257000.0,
        "Total Expenses": 91094000.0,
        "Total Operating Income As Reported": -15812000.0,
        "Diluted Average Shares": 49056000.0,
        "Basic Average Shares": 49056000.0,
        "Diluted EPS": -0.09,
        "Basic EPS": -0.09,
        "Diluted NI Availto Com Stockholders": -4257000.0,
        "Net Income Common Stockholders": -4257000.0,
        "Net Income": -4257000.0,
        "Net Income Including Noncontrolling Interests": -4257000.0,
        "Net Income Continuous Operations": -4257000.0,
        "Tax Provision": NaN,
        "Pretax Income": -4257000.0,
        "Other Income Expense": 18762000.0,
        "Special Income Charges": 18663000.0,
        "Gain On Sale Of Business": NaN,
        "Other Special Charges": -13017000.0,
        "Impairment Of Capital Assets": NaN,
        "Restructuring And Mergern Acquisition": -5646000.0,
        "Gain On Sale Of Security": 99000.0,
        "Net Non Operating Interest Income Expense": -1561000.0,
        "Interest Expense Non Operating": 2433000.0,
        "Interest Income Non Operating": 872000.0,
        "Operating Income": -21458000.0,
        "Operating Expense": 50175000.0,
        "Depreciation Amortization Depletion Income Statement": 6529000.0,
        "Depreciation And Amortization In Income Statement": 6529000.0,
        "Research And Development": 13470000.0,
        "Selling General And Administration": 30176000.0,
        "Selling And Marketing Expense": 14025000.0,
        "General And Administrative Expense": 16151000.0,
        "Other Gand A": 16151000.0,
        "Gross Profit": 28717000.0,
        "Cost Of Revenue": 40919000.0,
        "Total Revenue": 69636000.0,
        "Operating Revenue": 69636000.0
    },
    "2024-09-30": {
        "Tax Effect Of Unusual Items": 0.0,
        "Tax Rate For Calcs": 0.0,
        "Normalized EBITDA": -8449000.0,
        "Total Unusual Items": -126852000.0,
        "Total Unusual Items Excluding Goodwill": -126852000.0,
        "Net Income From Continuing Operation Net Minority Interest": -145182000.0,
        "Reconciled Depreciation": 7525000.0,
        "Reconciled Cost Of Revenue": 37950000.0,
        "EBITDA": -135301000.0,
        "EBIT": -142826000.0,
        "Net Interest Income": -1479000.0,
        "Interest Expense": 2356000.0,
        "Interest Income": 877000.0,
        "Normalized Income": -18330000.0,
        "Net Income From Continuing And Discontinued Operation": -145182000.0,
        "Total Expenses": 83908000.0,
        "Total Operating Income As Reported": -148546000.0,
        "Diluted Average Shares": 50028000.0,
        "Basic Average Shares": 50028000.0,
        "Diluted EPS": -2.9,
        "Basic EPS": -2.9,
        "Diluted NI Availto Com Stockholders": -145182000.0,
        "Net Income Common Stockholders": -145182000.0,
        "Net Income": -145182000.0,
        "Net Income Including Noncontrolling Interests": -145182000.0,
        "Net Income Continuous Operations": -145182000.0,
        "Tax Provision": NaN,
        "Pretax Income": -145182000.0,
        "Other Income Expense": -126852000.0,
        "Special Income Charges": -131695000.0,
        "Gain On Sale Of Business": NaN,
        "Other Special Charges": NaN,
        "Impairment Of Capital Assets": 131595000.0,
        "Restructuring And Mergern Acquisition": 100000.0,
        "Gain On Sale Of Security": 4843000.0,
        "Net Non Operating Interest Income Expense": -1479000.0,
        "Interest Expense Non Operating": 2356000.0,
        "Interest Income Non Operating": 877000.0,
        "Operating Income": -16851000.0,
        "Operating Expense": 45403000.0,
        "Depreciation Amortization Depletion Income Statement": 6970000.0,
        "Depreciation And Amortization In Income Statement": 6970000.0,
        "Research And Development": 13194000.0,
        "Selling General And Administration": 25239000.0,
        "Selling And Marketing Expense": 13163000.0,
        "General And Administrative Expense": 12076000.0,
        "Other Gand A": 12076000.0,
        "Gross Profit": 28552000.0,
        "Cost Of Revenue": 38505000.0,
        "Total Revenue": 67057000.0,
        "Operating Revenue": 67057000.0
    },
    "2024-12-31": {
        "Tax Effect Of Unusual Items": 0.0,
        "Tax Rate For Calcs": 0.0,
        "Normalized EBITDA": -1038000.0,
        "Total Unusual Items": -5680000.0,
        "Total Unusual Items Excluding Goodwill": -5680000.0,
        "Net Income From Continuing Operation Net Minority Interest": -15589000.0,
        "Reconciled Depreciation": 6500000.0,
        "Reconciled Cost Of Revenue": 40704000.0,
        "EBITDA": -6718000.0,
        "EBIT": -13218000.0,
        "Net Interest Income": -1694000.0,
        "Interest Expense": 2371000.0,
        "Interest Income": 677000.0,
        "Normalized Income": -9909000.0,
        "Net Income From Continuing And Discontinued Operation": -15589000.0,
        "Total Expenses": 82212000.0,
        "Total Operating Income As Reported": -8314000.0,
        "Diluted Average Shares": 51005000.0,
        "Basic Average Shares": 51005000.0,
        "Diluted EPS": -0.31,
        "Basic EPS": -0.31,
        "Diluted NI Availto Com Stockholders": -15589000.0,
        "Net Income Common Stockholders": -15589000.0,
        "Net Income": -15589000.0,
        "Net Income Including Noncontrolling Interests": -15589000.0,
        "Net Income Continuous Operations": -15589000.0,
        "Tax Provision": NaN,
        "Pretax Income": -15589000.0,
        "Other Income Expense": -5680000.0,
        "Special Income Charges": -99000.0,
        "Gain On Sale Of Business": NaN,
        "Other Special Charges": 0.0,
        "Impairment Of Capital Assets": 0.0,
        "Restructuring And Mergern Acquisition": 99000.0,
        "Gain On Sale Of Security": -5581000.0,
        "Net Non Operating Interest Income Expense": -1694000.0,
        "Interest Expense Non Operating": 2371000.0,
        "Interest Income Non Operating": 677000.0,
        "Operating Income": -8215000.0,
        "Operating Expense": 40948000.0,
        "Depreciation Amortization Depletion Income Statement": 5940000.0,
        "Depreciation And Amortization In Income Statement": 5940000.0,
        "Research And Development": 9895000.0,
        "Selling General And Administration": 25113000.0,
        "Selling And Marketing Expense": 1326000.0,
        "General And Administrative Expense": 23787000.0,
        "Other Gand A": 1057000.0,
        "Gross Profit": 32733000.0,
        "Cost Of Revenue": 41264000.0,
        "Total Revenue": 73997000.0,
        "Operating Revenue": 73997000.0
    },
    "2025-03-31": {
        "Tax Effect Of Unusual Items": 0.0,
        "Tax Rate For Calcs": 0.0,
        "Normalized EBITDA": -11900000.0,
        "Total Unusual Items": 7917000.0,
        "Total Unusual Items Excluding Goodwill": 7917000.0,
        "Net Income From Continuing Operation Net Minority Interest": -13282000.0,
        "Reconciled Depreciation": 6923000.0,
        "Reconciled Cost Of Revenue": 36106000.0,
        "EBITDA": -3983000.0,
        "EBIT": -10906000.0,
        "Net Interest Income": -1830000.0,
        "Interest Expense": 2376000.0,
        "Interest Income": 546000.0,
        "Normalized Income": -21199000.0,
        "Net Income From Continuing And Discontinued Operation": -13282000.0,
        "Total Expenses": 81267000.0,
        "Total Operating Income As Reported": -14079000.0,
        "Diluted Average Shares": 51863000.0,
        "Basic Average Shares": 51863000.0,
        "Diluted EPS": -0.26,
        "Basic EPS": -0.26,
        "Diluted NI Availto Com Stockholders": -13282000.0,
        "Net Income Common Stockholders": -13282000.0,
        "Net Income": -13282000.0,
        "Net Income Including Noncontrolling Interests": -13282000.0,
        "Net Income Continuous Operations": -13282000.0,
        "Tax Provision": NaN,
        "Pretax Income": -13282000.0,
        "Other Income Expense": 7917000.0,
        "Special Income Charges": 5290000.0,
        "Gain On Sale Of Business": 5350000.0,
        "Other Special Charges": NaN,
        "Impairment Of Capital Assets": NaN,
        "Restructuring And Mergern Acquisition": 60000.0,
        "Gain On Sale Of Security": 2627000.0,
        "Net Non Operating Interest Income Expense": -1830000.0,
        "Interest Expense Non Operating": 2376000.0,
        "Interest Income Non Operating": 546000.0,
        "Operating Income": -19369000.0,
        "Operating Expense": 44529000.0,
        "Depreciation Amortization Depletion Income Statement": 6291000.0,
        "Depreciation And Amortization In Income Statement": 6291000.0,
        "Research And Development": 11706000.0,
        "Selling General And Administration": 26532000.0,
        "Selling And Marketing Expense": 12754000.0,
        "General And Administrative Expense": 13778000.0,
        "Other Gand A": 13778000.0,
        "Gross Profit": 25160000.0,
        "Cost Of Revenue": 36738000.0,
        "Total Revenue": 61898000.0,
        "Operating Revenue": 61898000.0
    }
}