{
    "2023-04-30": {
        "Tax Effect Of Unusual Items": NaN,
        "Tax Rate For Calcs": NaN,
        "Normalized EBITDA": NaN,
        "Net Income From Continuing Operation Net Minority Interest": NaN,
        "Reconciled Depreciation": NaN,
        "Reconciled Cost Of Revenue": NaN,
        "EBITDA": NaN,
        "EBIT": NaN,
        "Net Interest Income": NaN,
        "Interest Expense": NaN,
        "Normalized Income": NaN,
        "Net Income From Continuing And Discontinued Operation": NaN,
        "Total Expenses": NaN,
        "Total Operating Income As Reported": NaN,
        "Diluted Average Shares": 62587000.0,
        "Basic Average Shares": 62587000.0,
        "Diluted EPS": -0.004937,
        "Basic EPS": -0.004937,
        "Diluted NI Availto Com Stockholders": NaN,
        "Net Income Common Stockholders": NaN,
        "Net Income": NaN,
        "Net Income Including Noncontrolling Interests": NaN,
        "Net Income Continuous Operations": NaN,
        "Tax Provision": NaN,
        "Pretax Income": NaN,
        "Other Income Expense": NaN,
        "Other Non Operating Income Expenses": NaN,
        "Net Non Operating Interest Income Expense": NaN,
        "Interest Expense Non Operating": NaN,
        "Operating Income": NaN,
        "Operating Expense": NaN,
        "Selling General And Administration": NaN,
        "Gross Profit": NaN,
        "Cost Of Revenue": NaN,
        "Total Revenue": NaN,
        "Operating Revenue": NaN
    },
    "2023-01-31": {
        "Tax Effect Of Unusual Items": NaN,
        "Tax Rate For Calcs": NaN,
        "Normalized EBITDA": NaN,
        "Net Income From Continuing Operation Net Minority Interest": NaN,
        "Reconciled Depreciation": NaN,
        "Reconciled Cost Of Revenue": NaN,
        "EBITDA": NaN,
        "EBIT": NaN,
        "Net Interest Income": NaN,
        "Interest Expense": NaN,
        "Normalized Income": NaN,
        "Net Income From Continuing And Discontinued Operation": NaN,
        "Total Expenses": NaN,
        "Total Operating Income As Reported": NaN,
        "Diluted Average Shares": 69164000.0,
        "Basic Average Shares": 62388000.0,
        "Diluted EPS": -0.003959,
        "Basic EPS": -0.003959,
        "Diluted NI Availto Com Stockholders": NaN,
        "Net Income Common Stockholders": NaN,
        "Net Income": NaN,
        "Net Income Including Noncontrolling Interests": NaN,
        "Net Income Continuous Operations": NaN,
        "Tax Provision": NaN,
        "Pretax Income": NaN,
        "Other Income Expense": NaN,
        "Other Non Operating Income Expenses": NaN,
        "Net Non Operating Interest Income Expense": NaN,
        "Interest Expense Non Operating": NaN,
        "Operating Income": NaN,
        "Operating Expense": NaN,
        "Selling General And Administration": NaN,
        "Gross Profit": NaN,
        "Cost Of Revenue": NaN,
        "Total Revenue": NaN,
        "Operating Revenue": NaN
    },
    "2022-10-31": {
        "Tax Effect Of Unusual Items": 0.0,
        "Tax Rate For Calcs": 0.21,
        "Normalized EBITDA": -720000.0,
        "Net Income From Continuing Operation Net Minority Interest": -1156000.0,
        "Reconciled Depreciation": 1819000.0,
        "Reconciled Cost Of Revenue": 30610000.0,
        "EBITDA": -720000.0,
        "EBIT": -2539000.0,
        "Net Interest Income": -703000.0,
        "Interest Expense": 703000.0,
        "Normalized Income": -1156000.0,
        "Net Income From Continuing And Discontinued Operation": -1156000.0,
        "Total Expenses": 37441000.0,
        "Total Operating Income As Reported": -2684000.0,
        "Diluted Average Shares": 62204000.0,
        "Basic Average Shares": 62204000.0,
        "Diluted EPS": -0.02,
        "Basic EPS": -0.02,
        "Diluted NI Availto Com Stockholders": -1156000.0,
        "Net Income Common Stockholders": -1156000.0,
        "Net Income": -1156000.0,
        "Net Income Including Noncontrolling Interests": -1156000.0,
        "Net Income Continuous Operations": -1156000.0,
        "Tax Provision": -2086000.0,
        "Pretax Income": -3242000.0,
        "Other Income Expense": 145000.0,
        "Other Non Operating Income Expenses": 145000.0,
        "Net Non Operating Interest Income Expense": -703000.0,
        "Interest Expense Non Operating": 703000.0,
        "Operating Income": -2684000.0,
        "Operating Expense": 6831000.0,
        "Selling General And Administration": 6831000.0,
        "Gross Profit": 4147000.0,
        "Cost Of Revenue": 30610000.0,
        "Total Revenue": 34757000.0,
        "Operating Revenue": 34757000.0
    },
    "2022-07-31": {
        "Tax Effect Of Unusual Items": 0.0,
        "Tax Rate For Calcs": 0.310101,
        "Normalized EBITDA": 2785000.0,
        "Net Income From Continuing Operation Net Minority Interest": 1564000.0,
        "Reconciled Depreciation": 1590000.0,
        "Reconciled Cost Of Revenue": 27575000.0,
        "EBITDA": 2785000.0,
        "EBIT": 2785000.0,
        "Net Interest Income": -518000.0,
        "Interest Expense": 518000.0,
        "Normalized Income": 1564000.0,
        "Net Income From Continuing And Discontinued Operation": 1564000.0,
        "Total Expenses": 33957000.0,
        "Total Operating Income As Reported": 2735000.0,
        "Diluted Average Shares": 63333000.0,
        "Basic Average Shares": 61905000.0,
        "Diluted EPS": 0.02,
        "Basic EPS": 0.03,
        "Diluted NI Availto Com Stockholders": 1564000.0,
        "Net Income Common Stockholders": 1564000.0,
        "Net Income": 1564000.0,
        "Net Income Including Noncontrolling Interests": 1564000.0,
        "Net Income Continuous Operations": 1564000.0,
        "Tax Provision": 703000.0,
        "Pretax Income": 2267000.0,
        "Other Income Expense": 50000.0,
        "Other Non Operating Income Expenses": 50000.0,
        "Net Non Operating Interest Income Expense": -518000.0,
        "Interest Expense Non Operating": 518000.0,
        "Operating Income": 2735000.0,
        "Operating Expense": 6382000.0,
        "Selling General And Administration": 6382000.0,
        "Gross Profit": 9117000.0,
        "Cost Of Revenue": 27575000.0,
        "Total Revenue": 36692000.0,
        "Operating Revenue": 36692000.0
    },
    "2022-04-30": {
        "Diluted EPS": 1.64,
        "Total Revenue": 31,
        "Gross Profit": 7,
        "Operating Income": 1,
        "EBIT": 3,
        "Net Income": 116
    },
    "2022-01-31": {
        "Diluted EPS": 0.04,
        "Total Revenue": 32,
        "Gross Profit": 9,
        "Operating Income": 3,
        "EBIT": 5,
        "Net Income": 2
    },
    "2021-10-31": {
        "Diluted EPS": 0.06,
        "Total Revenue": 26,
        "Gross Profit": 9,
        "Operating Income": 4,
        "EBIT": 5,
        "Net Income": 4
    },
    "2021-07-31": {
        "Diluted EPS": 0.1,
        "Total Revenue": 31,
        "Gross Profit": 11,
        "Operating Income": 7,
        "EBIT": 8,
        "Net Income": 6
    },
    "2021-04-30": {
        "Diluted EPS": -0.02,
        "Total Revenue": 28,
        "Gross Profit": 8,
        "Operating Income": 3,
        "EBIT": 5,
        "Net Income": -2
    },
    "2021-01-31": {
        "Diluted EPS": 0.01,
        "Total Revenue": 22,
        "Gross Profit": 6,
        "Operating Income": 2,
        "EBIT": 3,
        "Net Income": 1
    },
    "2020-10-31": {
        "Diluted EPS": 0.01,
        "Total Revenue": 21,
        "Gross Profit": 6,
        "Operating Income": 2,
        "EBIT": 3,
        "Net Income": 1
    },
    "2020-07-31": {
        "Diluted EPS": 0.06,
        "Total Revenue": 25,
        "Gross Profit": 9,
        "Operating Income": 5,
        "EBIT": 6,
        "Net Income": 3
    },
    "2020-04-30": {
        "Diluted EPS": -0.1,
        "Total Revenue": 13,
        "Gross Profit": -1,
        "Operating Income": -5,
        "EBIT": -4,
        "Net Income": -5
    },
    "2020-01-31": {
        "Diluted EPS": -0.06,
        "Total Revenue": 14,
        "Gross Profit": 1,
        "Operating Income": -2,
        "EBIT": -1,
        "Net Income": -4
    },
    "2019-10-31": {
        "Diluted EPS": -0.03,
        "Total Revenue": 18,
        "Gross Profit": 3,
        "Operating Income": -1,
        "EBIT": 0,
        "Net Income": -2
    },
    "2019-07-31": {
        "Diluted EPS": -0.08,
        "Total Revenue": 15,
        "Gross Profit": 1,
        "Operating Income": -3,
        "EBIT": -3,
        "Net Income": -5
    },
    "2019-04-30": {
        "Diluted EPS": 0.0,
        "Total Revenue": 17,
        "Gross Profit": 4,
        "Operating Income": 0,
        "EBIT": 1,
        "Net Income": -1
    },
    "2019-01-31": {
        "Diluted EPS": -0.05,
        "Total Revenue": 14,
        "Gross Profit": 2,
        "Operating Income": -1,
        "EBIT": -1,
        "Net Income": -3
    },
    "2018-10-31": {
        "Diluted EPS": -0.05,
        "Total Revenue": 10,
        "Gross Profit": 0,
        "Operating Income": -2,
        "EBIT": -2,
        "Net Income": -1
    },
    "2018-07-31": {
        "Diluted EPS": -0.06,
        "Total Revenue": 13,
        "Gross Profit": 1,
        "Operating Income": -2,
        "EBIT": -1,
        "Net Income": -3
    },
    "2018-04-30": {
        "Diluted EPS": 0.09,
        "Total Revenue": 7,
        "Gross Profit": -2,
        "Operating Income": -6,
        "EBIT": -6,
        "Net Income": 3
    },
    "2018-01-31": {
        "Diluted EPS": -0.28,
        "Total Revenue": 7,
        "Gross Profit": -4,
        "Operating Income": -9,
        "EBIT": -8,
        "Net Income": -12
    },
    "2017-10-31": {
        "Diluted EPS": -0.31,
        "Total Revenue": 13,
        "Gross Profit": -3,
        "Operating Income": -8,
        "EBIT": -8,
        "Net Income": -14
    },
    "2017-07-31": {
        "Diluted EPS": -0.06,
        "Total Revenue": 27,
        "Gross Profit": 7,
        "Operating Income": 3,
        "EBIT": 3,
        "Net Income": -3
    },
    "2017-04-30": {
        "Diluted EPS": -0.11,
        "Total Revenue": 18,
        "Gross Profit": 6,
        "Operating Income": 18,
        "EBIT": 19,
        "Net Income": -6
    },
    "2017-01-31": {
        "Diluted EPS": -0.25,
        "Total Revenue": 11,
        "Gross Profit": 3,
        "Operating Income": -2,
        "EBIT": -1,
        "Net Income": -9
    },
    "2016-10-31": {
        "Diluted EPS": -0.16,
        "Total Revenue": 23,
        "Gross Profit": 8,
        "Operating Income": -4,
        "EBIT": -3,
        "Net Income": -5
    },
    "2016-07-31": {
        "Diluted EPS": -0.36,
        "Total Revenue": 6,
        "Gross Profit": 3,
        "Operating Income": -11,
        "EBIT": -10,
        "Net Income": -12
    },
    "2016-04-30": {
        "Diluted EPS": -0.34,
        "Total Revenue": 18,
        "Gross Profit": 9,
        "Operating Income": 48,
        "EBIT": 49,
        "Net Income": -12
    },
    "2016-01-31": {
        "Diluted EPS": -0.56,
        "Total Revenue": 7,
        "Gross Profit": 3,
        "Operating Income": -17,
        "EBIT": -16,
        "Net Income": -18
    },
    "2015-10-31": {
        "Diluted EPS": -0.49,
        "Total Revenue": 10,
        "Gross Profit": 5,
        "Operating Income": -14,
        "EBIT": -14,
        "Net Income": -15
    },
    "2015-07-31": {
        "Diluted EPS": -0.56,
        "Total Revenue": 10,
        "Gross Profit": 5,
        "Operating Income": -14,
        "EBIT": -14,
        "Net Income": -15
    },
    "2015-04-30": {
        "Diluted EPS": -0.46,
        "Total Revenue": 9,
        "Gross Profit": 5,
        "Operating Income": -12,
        "EBIT": -12,
        "Net Income": -13
    },
    "2015-01-31": {
        "Diluted EPS": -0.56,
        "Total Revenue": 6,
        "Gross Profit": 3,
        "Operating Income": -13,
        "EBIT": -13,
        "Net Income": -14
    },
    "2014-10-31": {
        "Diluted EPS": -0.49,
        "Total Revenue": 6,
        "Gross Profit": 2,
        "Operating Income": -12,
        "EBIT": -12,
        "Net Income": -13
    },
    "2014-07-31": {
        "Diluted EPS": -0.56,
        "Total Revenue": 5,
        "Gross Profit": 2,
        "Operating Income": -13,
        "EBIT": -13,
        "Net Income": -14
    },
    "2014-04-30": {
        "Diluted EPS": -0.42,
        "Total Revenue": 6,
        "Gross Profit": 3,
        "Operating Income": -11,
        "EBIT": -10,
        "Net Income": -11
    },
    "2014-01-31": {
        "Diluted EPS": -0.42,
        "Total Revenue": 4,
        "Gross Profit": 1,
        "Operating Income": -10,
        "EBIT": -9,
        "Net Income": -10
    },
    "2013-10-31": {
        "Diluted EPS": -0.35,
        "Total Revenue": 7,
        "Gross Profit": 3,
        "Operating Income": -8,
        "EBIT": -8,
        "Net Income": -8
    },
    "2013-07-31": {
        "Diluted EPS": -0.35,
        "Total Revenue": 5,
        "Gross Profit": 2,
        "Operating Income": -8,
        "EBIT": -7,
        "Net Income": -8
    },
    "2013-04-30": {
        "Diluted EPS": -0.42,
        "Total Revenue": 4,
        "Gross Profit": 1,
        "Operating Income": -8,
        "EBIT": -8,
        "Net Income": -8
    },
    "2013-01-31": {
        "Diluted EPS": -0.28,
        "Total Revenue": 7,
        "Gross Profit": 3,
        "Operating Income": -5,
        "EBIT": -5,
        "Net Income": -5
    },
    "2012-10-31": {
        "Diluted EPS": -0.56,
        "Total Revenue": 6,
        "Gross Profit": 2,
        "Operating Income": -7,
        "EBIT": -7,
        "Net Income": -9
    },
    "2012-07-31": {
        "Diluted EPS": -0.49,
        "Total Revenue": 4,
        "Gross Profit": 2,
        "Operating Income": -8,
        "EBIT": -7,
        "Net Income": -8
    },
    "2012-04-30": {
        "Diluted EPS": -0.7,
        "Total Revenue": 2,
        "Gross Profit": 1,
        "Operating Income": -11,
        "EBIT": -11,
        "Net Income": -11
    },
    "2012-01-31": {
        "Diluted EPS": -0.91,
        "Total Revenue": 3,
        "Gross Profit": 1,
        "Operating Income": -11,
        "EBIT": -11,
        "Net Income": -11
    },
    "2011-10-31": {
        "Diluted EPS": -1.12,
        "Total Revenue": 4,
        "Gross Profit": 1,
        "Operating Income": -12,
        "EBIT": -12,
        "Net Income": -12
    },
    "2011-07-31": {
        "Diluted EPS": -0.77,
        "Total Revenue": 6,
        "Gross Profit": 3,
        "Operating Income": -8,
        "EBIT": -8,
        "Net Income": -8
    },
    "2011-04-30": {
        "Diluted EPS": -1.05,
        "Total Revenue": 3,
        "Gross Profit": 1,
        "Operating Income": -10,
        "EBIT": -10,
        "Net Income": -10
    },
    "2011-01-31": {
        "Diluted EPS": -0.98,
        "Total Revenue": 3,
        "Gross Profit": 1,
        "Operating Income": -9,
        "EBIT": -9,
        "Net Income": -9
    },
    "2010-10-31": {
        "Diluted EPS": -0.91,
        "Total Revenue": 5,
        "Gross Profit": 2,
        "Operating Income": -8,
        "EBIT": -7,
        "Net Income": -8
    },
    "2010-07-31": {
        "Diluted EPS": -0.98,
        "Total Revenue": 3,
        "Gross Profit": 2,
        "Operating Income": -8,
        "EBIT": -7,
        "Net Income": -8
    },
    "2010-04-30": {
        "Diluted EPS": -1.12,
        "Total Revenue": 4,
        "Gross Profit": 2,
        "Operating Income": -8,
        "EBIT": -7,
        "Net Income": -8
    },
    "2010-01-31": {
        "Diluted EPS": -0.21,
        "Total Revenue": 10,
        "Gross Profit": 8,
        "Operating Income": -1,
        "EBIT": -1,
        "Net Income": -2
    },
    "2009-10-31": {
        "Diluted EPS": -0.42,
        "Total Revenue": 7,
        "Gross Profit": 3,
        "Operating Income": -3,
        "EBIT": -2,
        "Net Income": -3
    },
    "2009-07-31": {
        "Diluted EPS": -0.35,
        "Total Revenue": 7,
        "Gross Profit": 6,
        "Operating Income": -2,
        "EBIT": -2,
        "Net Income": -2
    },
    "2009-04-30": {
        "Diluted EPS": -0.7,
        "Total Revenue": 8,
        "Gross Profit": 4,
        "Operating Income": -3,
        "EBIT": -3,
        "Net Income": -4
    },
    "2009-01-31": {
        "Diluted EPS": -0.49,
        "Total Revenue": 7,
        "Gross Profit": 3,
        "Operating Income": -3,
        "EBIT": -3,
        "Net Income": -3
    },
    "2023-07-31": {
        "Tax Effect Of Unusual Items": NaN,
        "Tax Rate For Calcs": NaN,
        "Normalized EBITDA": NaN,
        "Net Income From Continuing Operation Net Minority Interest": NaN,
        "Reconciled Depreciation": NaN,
        "Reconciled Cost Of Revenue": NaN,
        "EBITDA": NaN,
        "EBIT": NaN,
        "Net Interest Income": NaN,
        "Interest Expense": NaN,
        "Normalized Income": NaN,
        "Net Income From Continuing And Discontinued Operation": NaN,
        "Total Expenses": NaN,
        "Total Operating Income As Reported": NaN,
        "Diluted Average Shares": 62838000.0,
        "Basic Average Shares": 62838000.0,
        "Diluted EPS": -0.03,
        "Basic EPS": -0.03,
        "Diluted NI Availto Com Stockholders": NaN,
        "Net Income Common Stockholders": NaN,
        "Net Income": NaN,
        "Net Income Including Noncontrolling Interests": NaN,
        "Net Income Continuous Operations": NaN,
        "Tax Provision": NaN,
        "Pretax Income": NaN,
        "Other Income Expense": NaN,
        "Other Non Operating Income Expenses": NaN,
        "Net Non Operating Interest Income Expense": NaN,
        "Interest Expense Non Operating": NaN,
        "Operating Income": NaN,
        "Operating Expense": NaN,
        "Selling General And Administration": NaN,
        "Gross Profit": NaN,
        "Cost Of Revenue": NaN,
        "Total Revenue": NaN,
        "Operating Revenue": NaN
    },
    "2023-10-31": {
        "Tax Effect Of Unusual Items": 0.0,
        "Tax Rate For Calcs": 0.200521,
        "Normalized EBITDA": -8298000.0,
        "Net Income From Continuing Operation Net Minority Interest": -9521000.0,
        "Reconciled Depreciation": 2784000.0,
        "Reconciled Cost Of Revenue": 30060000.0,
        "EBITDA": -8298000.0,
        "EBIT": -11082000.0,
        "Net Interest Income": -827000.0,
        "Interest Expense": 827000.0,
        "Normalized Income": -9521000.0,
        "Net Income From Continuing And Discontinued Operation": -9521000.0,
        "Total Expenses": 36617000.0,
        "Total Operating Income As Reported": -11222000.0,
        "Diluted Average Shares": 63149000.0,
        "Basic Average Shares": 63149000.0,
        "Diluted EPS": -0.15,
        "Basic EPS": -0.15,
        "Diluted NI Availto Com Stockholders": -9521000.0,
        "Net Income Common Stockholders": -9521000.0,
        "Net Income": -9521000.0,
        "Net Income Including Noncontrolling Interests": -9521000.0,
        "Net Income Continuous Operations": -9521000.0,
        "Tax Provision": -2388000.0,
        "Pretax Income": -11909000.0,
        "Other Income Expense": 140000.0,
        "Other Non Operating Income Expenses": 140000.0,
        "Net Non Operating Interest Income Expense": -827000.0,
        "Interest Expense Non Operating": 827000.0,
        "Operating Income": -11222000.0,
        "Operating Expense": 6557000.0,
        "Selling General And Administration": 6557000.0,
        "Gross Profit": -4665000.0,
        "Cost Of Revenue": 30060000.0,
        "Total Revenue": 25395000.0,
        "Operating Revenue": 25395000.0
    },
    "2024-01-31": {
        "Tax Effect Of Unusual Items": 0.0,
        "Tax Rate For Calcs": 0.149,
        "Normalized EBITDA": -3366000.0,
        "Net Income From Continuing Operation Net Minority Interest": -6006000.0,
        "Reconciled Depreciation": 2817000.0,
        "Reconciled Cost Of Revenue": 31432000.0,
        "EBITDA": -3366000.0,
        "EBIT": -6183000.0,
        "Net Interest Income": -875000.0,
        "Interest Expense": 875000.0,
        "Normalized Income": -6006000.0,
        "Net Income From Continuing And Discontinued Operation": -6006000.0,
        "Total Expenses": 37814000.0,
        "Total Operating Income As Reported": -3999000.0,
        "Diluted Average Shares": 63321000.0,
        "Basic Average Shares": 63321000.0,
        "Diluted EPS": -0.09,
        "Basic EPS": -0.09,
        "Diluted NI Availto Com Stockholders": -6006000.0,
        "Net Income Common Stockholders": -6006000.0,
        "Net Income": -6006000.0,
        "Net Income Including Noncontrolling Interests": -6006000.0,
        "Net Income Continuous Operations": -6006000.0,
        "Tax Provision": -1052000.0,
        "Pretax Income": -7058000.0,
        "Other Income Expense": -2184000.0,
        "Other Non Operating Income Expenses": -2184000.0,
        "Net Non Operating Interest Income Expense": -875000.0,
        "Interest Expense Non Operating": 875000.0,
        "Operating Income": -3999000.0,
        "Operating Expense": 6382000.0,
        "Selling General And Administration": 6382000.0,
        "Gross Profit": 2383000.0,
        "Cost Of Revenue": 31432000.0,
        "Total Revenue": 33815000.0,
        "Operating Revenue": 33815000.0
    },
    "2024-04-30": {
        "Tax Effect Of Unusual Items": 0.0,
        "Tax Rate For Calcs": 0.21,
        "Normalized EBITDA": -561000.0,
        "Net Income From Continuing Operation Net Minority Interest": -123104000.0,
        "Reconciled Depreciation": 2859000.0,
        "Reconciled Cost Of Revenue": 37475000.0,
        "EBITDA": -561000.0,
        "EBIT": -3420000.0,
        "Net Interest Income": -1810000.0,
        "Interest Expense": 1810000.0,
        "Normalized Income": -123104000.0,
        "Net Income From Continuing And Discontinued Operation": -123104000.0,
        "Total Expenses": 44269000.0,
        "Total Operating Income As Reported": -1294000.0,
        "Diluted Average Shares": NaN,
        "Basic Average Shares": NaN,
        "Diluted EPS": NaN,
        "Basic EPS": NaN,
        "Diluted NI Availto Com Stockholders": -123104000.0,
        "Net Income Common Stockholders": -123104000.0,
        "Net Income": -123104000.0,
        "Net Income Including Noncontrolling Interests": -123104000.0,
        "Net Income Continuous Operations": -123104000.0,
        "Tax Provision": 117874000.0,
        "Pretax Income": -5230000.0,
        "Other Income Expense": -2126000.0,
        "Other Non Operating Income Expenses": -2126000.0,
        "Net Non Operating Interest Income Expense": -1810000.0,
        "Interest Expense Non Operating": 1810000.0,
        "Operating Income": -1294000.0,
        "Operating Expense": 6794000.0,
        "Selling General And Administration": 6794000.0,
        "Gross Profit": 5500000.0,
        "Cost Of Revenue": 37475000.0,
        "Total Revenue": 42975000.0,
        "Operating Revenue": 42975000.0
    },
    "2024-07-31": {
        "Tax Effect Of Unusual Items": 0.0,
        "Tax Rate For Calcs": 0.0,
        "Normalized EBITDA": -256000.0,
        "Net Income From Continuing Operation Net Minority Interest": -5534000.0,
        "Reconciled Depreciation": 2824000.0,
        "Reconciled Cost Of Revenue": 34460000.0,
        "EBITDA": -256000.0,
        "EBIT": -3080000.0,
        "Net Interest Income": -2454000.0,
        "Interest Expense": 2454000.0,
        "Normalized Income": -5534000.0,
        "Net Income From Continuing And Discontinued Operation": -5534000.0,
        "Total Expenses": 42629000.0,
        "Total Operating Income As Reported": -2456000.0,
        "Diluted Average Shares": 63639000.0,
        "Basic Average Shares": 63639000.0,
        "Diluted EPS": -0.09,
        "Basic EPS": -0.09,
        "Diluted NI Availto Com Stockholders": -5534000.0,
        "Net Income Common Stockholders": -5534000.0,
        "Net Income": -5534000.0,
        "Net Income Including Noncontrolling Interests": -5534000.0,
        "Net Income Continuous Operations": -5534000.0,
        "Tax Provision": 0.0,
        "Pretax Income": -5534000.0,
        "Other Income Expense": -624000.0,
        "Other Non Operating Income Expenses": -624000.0,
        "Net Non Operating Interest Income Expense": -2454000.0,
        "Interest Expense Non Operating": 2454000.0,
        "Operating Income": -2456000.0,
        "Operating Expense": 8169000.0,
        "Selling General And Administration": 8169000.0,
        "Gross Profit": 5713000.0,
        "Cost Of Revenue": 34460000.0,
        "Total Revenue": 40173000.0,
        "Operating Revenue": 40173000.0
    },
    "2024-10-31": {
        "Tax Effect Of Unusual Items": 0.0,
        "Tax Rate For Calcs": 0.0,
        "Normalized EBITDA": -10158000.0,
        "Net Income From Continuing Operation Net Minority Interest": -17406000.0,
        "Reconciled Depreciation": 3972000.0,
        "Reconciled Cost Of Revenue": 35527000.0,
        "EBITDA": -10158000.0,
        "EBIT": -14130000.0,
        "Net Interest Income": -3276000.0,
        "Interest Expense": 3276000.0,
        "Normalized Income": -17406000.0,
        "Net Income From Continuing And Discontinued Operation": -17406000.0,
        "Total Expenses": 46113000.0,
        "Total Operating Income As Reported": -12631000.0,
        "Diluted Average Shares": 63838000.0,
        "Basic Average Shares": 63838000.0,
        "Diluted EPS": -0.27,
        "Basic EPS": -0.27,
        "Diluted NI Availto Com Stockholders": -17406000.0,
        "Net Income Common Stockholders": -17406000.0,
        "Net Income": -17406000.0,
        "Net Income Including Noncontrolling Interests": -17406000.0,
        "Net Income Continuous Operations": -17406000.0,
        "Tax Provision": 0.0,
        "Pretax Income": -17406000.0,
        "Other Income Expense": -1499000.0,
        "Other Non Operating Income Expenses": -1499000.0,
        "Net Non Operating Interest Income Expense": -3276000.0,
        "Interest Expense Non Operating": 3276000.0,
        "Operating Income": -12631000.0,
        "Operating Expense": 10586000.0,
        "Selling General And Administration": 10586000.0,
        "Gross Profit": -2045000.0,
        "Cost Of Revenue": 35527000.0,
        "Total Revenue": 33482000.0,
        "Operating Revenue": 33482000.0
    }
}