{
    "2023-03-31": {
        "Tax Effect Of Unusual Items": NaN,
        "Tax Rate For Calcs": NaN,
        "Normalized EBITDA": NaN,
        "Total Unusual Items": NaN,
        "Total Unusual Items Excluding Goodwill": NaN,
        "Net Income From Continuing Operation Net Minority Interest": NaN,
        "Reconciled Depreciation": NaN,
        "Reconciled Cost Of Revenue": NaN,
        "EBITDA": NaN,
        "EBIT": NaN,
        "Net Interest Income": NaN,
        "Interest Income": NaN,
        "Normalized Income": NaN,
        "Net Income From Continuing And Discontinued Operation": NaN,
        "Total Expenses": NaN,
        "Total Operating Income As Reported": NaN,
        "Diluted Average Shares": NaN,
        "Basic Average Shares": NaN,
        "Diluted EPS": NaN,
        "Basic EPS": NaN,
        "Diluted NI Availto Com Stockholders": NaN,
        "Net Income Common Stockholders": NaN,
        "Net Income": NaN,
        "Net Income Including Noncontrolling Interests": NaN,
        "Net Income Continuous Operations": NaN,
        "Tax Provision": NaN,
        "Pretax Income": NaN,
        "Other Income Expense": NaN,
        "Other Non Operating Income Expenses": NaN,
        "Special Income Charges": NaN,
        "Restructuring And Mergern Acquisition": NaN,
        "Gain On Sale Of Security": 7000.0,
        "Net Non Operating Interest Income Expense": NaN,
        "Interest Income Non Operating": NaN,
        "Operating Income": NaN,
        "Operating Expense": NaN,
        "Research And Development": NaN,
        "Selling General And Administration": NaN,
        "Selling And Marketing Expense": NaN,
        "General And Administrative Expense": NaN,
        "Other Gand A": NaN,
        "Gross Profit": NaN,
        "Cost Of Revenue": NaN,
        "Total Revenue": NaN,
        "Operating Revenue": NaN
    },
    "2022-12-31": {
        "Tax Effect Of Unusual Items": NaN,
        "Tax Rate For Calcs": NaN,
        "Normalized EBITDA": NaN,
        "Total Unusual Items": NaN,
        "Total Unusual Items Excluding Goodwill": NaN,
        "Net Income From Continuing Operation Net Minority Interest": NaN,
        "Reconciled Depreciation": NaN,
        "Reconciled Cost Of Revenue": NaN,
        "EBITDA": NaN,
        "EBIT": NaN,
        "Net Interest Income": NaN,
        "Interest Income": NaN,
        "Normalized Income": NaN,
        "Net Income From Continuing And Discontinued Operation": NaN,
        "Total Expenses": NaN,
        "Total Operating Income As Reported": NaN,
        "Diluted Average Shares": NaN,
        "Basic Average Shares": NaN,
        "Diluted EPS": NaN,
        "Basic EPS": NaN,
        "Diluted NI Availto Com Stockholders": NaN,
        "Net Income Common Stockholders": NaN,
        "Net Income": NaN,
        "Net Income Including Noncontrolling Interests": NaN,
        "Net Income Continuous Operations": NaN,
        "Tax Provision": NaN,
        "Pretax Income": NaN,
        "Other Income Expense": NaN,
        "Other Non Operating Income Expenses": NaN,
        "Special Income Charges": NaN,
        "Restructuring And Mergern Acquisition": NaN,
        "Gain On Sale Of Security": 18000.0,
        "Net Non Operating Interest Income Expense": NaN,
        "Interest Income Non Operating": NaN,
        "Operating Income": NaN,
        "Operating Expense": NaN,
        "Research And Development": NaN,
        "Selling General And Administration": NaN,
        "Selling And Marketing Expense": NaN,
        "General And Administrative Expense": NaN,
        "Other Gand A": NaN,
        "Gross Profit": NaN,
        "Cost Of Revenue": NaN,
        "Total Revenue": NaN,
        "Operating Revenue": NaN
    },
    "2022-09-30": {
        "Tax Effect Of Unusual Items": NaN,
        "Tax Rate For Calcs": NaN,
        "Normalized EBITDA": NaN,
        "Total Unusual Items": NaN,
        "Total Unusual Items Excluding Goodwill": NaN,
        "Net Income From Continuing Operation Net Minority Interest": NaN,
        "Reconciled Depreciation": NaN,
        "Reconciled Cost Of Revenue": NaN,
        "EBITDA": NaN,
        "EBIT": NaN,
        "Net Interest Income": NaN,
        "Interest Income": NaN,
        "Normalized Income": NaN,
        "Net Income From Continuing And Discontinued Operation": NaN,
        "Total Expenses": NaN,
        "Total Operating Income As Reported": NaN,
        "Diluted Average Shares": NaN,
        "Basic Average Shares": NaN,
        "Diluted EPS": NaN,
        "Basic EPS": NaN,
        "Diluted NI Availto Com Stockholders": NaN,
        "Net Income Common Stockholders": NaN,
        "Net Income": NaN,
        "Net Income Including Noncontrolling Interests": NaN,
        "Net Income Continuous Operations": NaN,
        "Tax Provision": NaN,
        "Pretax Income": NaN,
        "Other Income Expense": NaN,
        "Other Non Operating Income Expenses": NaN,
        "Special Income Charges": 0.0,
        "Restructuring And Mergern Acquisition": 0.0,
        "Gain On Sale Of Security": 14000.0,
        "Net Non Operating Interest Income Expense": NaN,
        "Interest Income Non Operating": NaN,
        "Operating Income": NaN,
        "Operating Expense": NaN,
        "Research And Development": NaN,
        "Selling General And Administration": NaN,
        "Selling And Marketing Expense": NaN,
        "General And Administrative Expense": NaN,
        "Other Gand A": NaN,
        "Gross Profit": NaN,
        "Cost Of Revenue": NaN,
        "Total Revenue": NaN,
        "Operating Revenue": NaN
    },
    "2022-06-30": {
        "Tax Effect Of Unusual Items": 108.157822,
        "Tax Rate For Calcs": 0.002253,
        "Normalized EBITDA": -18116000.0,
        "Total Unusual Items": 48000.0,
        "Total Unusual Items Excluding Goodwill": 48000.0,
        "Net Income From Continuing Operation Net Minority Interest": -21697000.0,
        "Reconciled Depreciation": 3651000.0,
        "Reconciled Cost Of Revenue": 27539000.0,
        "EBITDA": -18068000.0,
        "EBIT": -21719000.0,
        "Net Interest Income": 478000.0,
        "Interest Income": 478000.0,
        "Normalized Income": -21744891.842178,
        "Net Income From Continuing And Discontinued Operation": -21697000.0,
        "Total Expenses": 102353000.0,
        "Total Operating Income As Reported": -21719000.0,
        "Diluted Average Shares": 53249545.0,
        "Basic Average Shares": 53249545.0,
        "Diluted EPS": -0.41,
        "Basic EPS": -0.41,
        "Diluted NI Availto Com Stockholders": -21697000.0,
        "Net Income Common Stockholders": -21697000.0,
        "Net Income": -21697000.0,
        "Net Income Including Noncontrolling Interests": -21697000.0,
        "Net Income Continuous Operations": -21697000.0,
        "Tax Provision": -49000.0,
        "Pretax Income": -21746000.0,
        "Other Income Expense": -505000.0,
        "Other Non Operating Income Expenses": -553000.0,
        "Special Income Charges": NaN,
        "Restructuring And Mergern Acquisition": NaN,
        "Gain On Sale Of Security": 48000.0,
        "Net Non Operating Interest Income Expense": 478000.0,
        "Interest Income Non Operating": 478000.0,
        "Operating Income": -21719000.0,
        "Operating Expense": 74814000.0,
        "Research And Development": 22632000.0,
        "Selling General And Administration": 52182000.0,
        "Selling And Marketing Expense": 26950000.0,
        "General And Administrative Expense": 25232000.0,
        "Other Gand A": 25232000.0,
        "Gross Profit": 53095000.0,
        "Cost Of Revenue": 27539000.0,
        "Total Revenue": 80634000.0,
        "Operating Revenue": 80634000.0
    },
    "2022-03-31": {
        "Diluted EPS": -0.37,
        "Total Revenue": 79,
        "Gross Profit": 53,
        "Operating Income": -19,
        "EBIT": -15,
        "Net Income": -20
    },
    "2021-12-31": {
        "Diluted EPS": -0.31,
        "Total Revenue": 79,
        "Gross Profit": 52,
        "Operating Income": -15,
        "EBIT": -12,
        "Net Income": -16
    },
    "2021-09-30": {
        "Diluted EPS": -0.23,
        "Total Revenue": 76,
        "Gross Profit": 51,
        "Operating Income": -9,
        "EBIT": -5,
        "Net Income": -12
    },
    "2021-06-30": {
        "Diluted EPS": -0.04,
        "Total Revenue": 74,
        "Gross Profit": 50,
        "Operating Income": -5,
        "EBIT": -1,
        "Net Income": -2
    },
    "2021-03-31": {
        "Diluted EPS": -0.01,
        "Total Revenue": 67,
        "Gross Profit": 46,
        "Operating Income": -1,
        "EBIT": 2,
        "Net Income": -1
    },
    "2020-12-31": {
        "Diluted EPS": -0.05,
        "Total Revenue": 59,
        "Gross Profit": 40,
        "Operating Income": -3,
        "EBIT": 0,
        "Net Income": -4
    },
    "2020-09-30": {
        "Diluted EPS": -0.06,
        "Total Revenue": 53,
        "Gross Profit": 37,
        "Operating Income": -3,
        "EBIT": 0,
        "Net Income": -3
    },
    "2020-06-30": {
        "Diluted EPS": -0.15,
        "Total Revenue": 42,
        "Gross Profit": 27,
        "Operating Income": -11,
        "EBIT": -9,
        "Net Income": -7
    },
    "2020-03-31": {
        "Diluted EPS": -0.14,
        "Total Revenue": 38,
        "Gross Profit": 26,
        "Operating Income": -6,
        "EBIT": -4,
        "Net Income": -6
    },
    "2019-12-31": {
        "Diluted EPS": -0.11,
        "Total Revenue": 36,
        "Gross Profit": 23,
        "Operating Income": -6,
        "EBIT": -3,
        "Net Income": -5
    },
    "2019-09-30": {
        "Diluted EPS": -0.04,
        "Total Revenue": 34,
        "Gross Profit": 22,
        "Operating Income": -7,
        "EBIT": -4,
        "Net Income": -2
    },
    "2019-06-30": {
        "Diluted EPS": -0.19,
        "Total Revenue": 31,
        "Gross Profit": 20,
        "Operating Income": -7,
        "EBIT": -6,
        "Net Income": -8
    },
    "2019-03-31": {
        "Diluted EPS": -0.18,
        "Total Revenue": 26,
        "Gross Profit": 16,
        "Operating Income": -5,
        "EBIT": -4,
        "Net Income": -8
    },
    "2018-12-31": {
        "Diluted EPS": -0.07,
        "Total Revenue": 24,
        "Gross Profit": 13,
        "Operating Income": -2,
        "EBIT": -1,
        "Net Income": -4
    },
    "2018-09-30": {
        "Diluted EPS": -0.54,
        "Total Revenue": 21,
        "Gross Profit": 12,
        "Operating Income": -3,
        "EBIT": -2,
        "Net Income": -20
    },
    "2018-06-30": {
        "Diluted EPS": -0.4,
        "Total Revenue": 18,
        "Gross Profit": 11,
        "Operating Income": -5,
        "EBIT": -4,
        "Net Income": -14
    },
    "2018-03-31": {
        "Diluted EPS": -0.3,
        "Total Revenue": 14,
        "Gross Profit": 8,
        "Operating Income": -5,
        "EBIT": -2,
        "Net Income": -9
    },
    "2017-12-31": {
        "Diluted EPS": -1.3,
        "Total Revenue": 13,
        "Gross Profit": 7,
        "Operating Income": -4,
        "EBIT": -3,
        "Net Income": -32
    },
    "2017-09-30": {
        "Diluted EPS": -0.63,
        "Total Revenue": 12,
        "Gross Profit": 7,
        "Operating Income": -4,
        "EBIT": -4,
        "Net Income": -14
    },
    "2017-06-30": {
        "Diluted EPS": -0.19,
        "Total Revenue": 12,
        "Gross Profit": 7,
        "Operating Income": -4,
        "EBIT": 1,
        "Net Income": -4
    },
    "2017-03-31": {
        "Diluted EPS": -0.26,
        "Total Revenue": 12,
        "Gross Profit": 6,
        "Operating Income": -9,
        "EBIT": -7,
        "Net Income": -6
    },
    "2016-12-31": {
        "Diluted EPS": -0.55,
        "Total Revenue": 11,
        "Gross Profit": 4,
        "Operating Income": -19,
        "EBIT": -17,
        "Net Income": -15
    },
    "2016-09-30": {
        "Diluted EPS": -0.26,
        "Total Revenue": 12,
        "Gross Profit": 7,
        "Operating Income": -5,
        "EBIT": -2,
        "Net Income": -4
    },
    "2016-06-30": {
        "Diluted EPS": -0.77,
        "Total Revenue": 11,
        "Gross Profit": 5,
        "Operating Income": -7,
        "EBIT": -5,
        "Net Income": -10
    },
    "2016-03-31": {
        "Diluted EPS": -0.81,
        "Total Revenue": 7,
        "Gross Profit": 4,
        "Operating Income": -7,
        "EBIT": -6,
        "Net Income": -10
    },
    "2015-12-31": {
        "Diluted EPS": -0.41,
        "Total Revenue": 7,
        "Gross Profit": 4,
        "Operating Income": -4,
        "EBIT": -4,
        "Net Income": -5
    },
    "2015-09-30": {
        "Diluted EPS": -0.29,
        "Total Revenue": 7,
        "Gross Profit": 5,
        "Operating Income": -3,
        "EBIT": -3,
        "Net Income": -3
    },
    "2015-06-30": {
        "Diluted EPS": -0.27,
        "Total Revenue": 7,
        "Gross Profit": 5,
        "Operating Income": -3,
        "EBIT": -3,
        "Net Income": -3
    },
    "2015-03-31": {
        "Diluted EPS": -0.19,
        "Total Revenue": 7,
        "Gross Profit": 5,
        "Operating Income": -1,
        "EBIT": -1,
        "Net Income": -2
    },
    "2014-12-31": {
        "Diluted EPS": 1.14,
        "Total Revenue": 8,
        "Gross Profit": 6,
        "Operating Income": 0,
        "EBIT": 0,
        "Net Income": 0
    },
    "2014-09-30": {
        "Diluted EPS": 0.12,
        "Total Revenue": 7,
        "Gross Profit": 5,
        "Operating Income": 1,
        "EBIT": 2,
        "Net Income": 1
    },
    "2014-06-30": {
        "Diluted EPS": 0.13,
        "Total Revenue": 7,
        "Gross Profit": 4,
        "Operating Income": 0,
        "EBIT": 0,
        "Net Income": 1
    },
    "2014-03-31": {
        "Diluted EPS": -1.29,
        "Total Revenue": 6,
        "Gross Profit": 4,
        "Operating Income": 0,
        "EBIT": 0,
        "Net Income": -1
    },
    "2013-12-31": {
        "Diluted EPS": -0.56,
        "Total Revenue": 6,
        "Gross Profit": 4,
        "Operating Income": 0,
        "EBIT": 1,
        "Net Income": -1
    },
    "2013-09-30": {
        "Diluted EPS": -0.82,
        "Total Revenue": 6,
        "Gross Profit": 3,
        "Operating Income": 0,
        "EBIT": 0,
        "Net Income": -1
    },
    "2013-06-30": {
        "Diluted EPS": -0.79,
        "Total Revenue": 5,
        "Gross Profit": 3,
        "Operating Income": 0,
        "EBIT": 0,
        "Net Income": -1
    },
    "2013-03-31": {
        "Diluted EPS": -1.33,
        "Total Revenue": 5,
        "Gross Profit": 3,
        "Operating Income": -1,
        "EBIT": 0,
        "Net Income": -1
    },
    "2012-12-31": {
        "Diluted EPS": 0.0,
        "Total Revenue": NaN,
        "Gross Profit": NaN,
        "Operating Income": NaN,
        "EBIT": NaN,
        "Net Income": NaN
    },
    "2023-06-30": {
        "Tax Effect Of Unusual Items": NaN,
        "Tax Rate For Calcs": NaN,
        "Normalized EBITDA": NaN,
        "Total Unusual Items": NaN,
        "Total Unusual Items Excluding Goodwill": NaN,
        "Net Income From Continuing Operation Net Minority Interest": NaN,
        "Reconciled Depreciation": NaN,
        "Reconciled Cost Of Revenue": NaN,
        "EBITDA": NaN,
        "EBIT": NaN,
        "Net Interest Income": NaN,
        "Interest Income": NaN,
        "Normalized Income": NaN,
        "Net Income From Continuing And Discontinued Operation": NaN,
        "Total Expenses": NaN,
        "Total Operating Income As Reported": NaN,
        "Diluted Average Shares": NaN,
        "Basic Average Shares": NaN,
        "Diluted EPS": NaN,
        "Basic EPS": NaN,
        "Diluted NI Availto Com Stockholders": NaN,
        "Net Income Common Stockholders": NaN,
        "Net Income": NaN,
        "Net Income Including Noncontrolling Interests": NaN,
        "Net Income Continuous Operations": NaN,
        "Tax Provision": NaN,
        "Pretax Income": NaN,
        "Other Income Expense": NaN,
        "Other Non Operating Income Expenses": NaN,
        "Special Income Charges": NaN,
        "Restructuring And Mergern Acquisition": NaN,
        "Gain On Sale Of Security": 3000.0,
        "Net Non Operating Interest Income Expense": NaN,
        "Interest Income Non Operating": NaN,
        "Operating Income": NaN,
        "Operating Expense": NaN,
        "Research And Development": NaN,
        "Selling General And Administration": NaN,
        "Selling And Marketing Expense": NaN,
        "General And Administrative Expense": NaN,
        "Other Gand A": NaN,
        "Gross Profit": NaN,
        "Cost Of Revenue": NaN,
        "Total Revenue": NaN,
        "Operating Revenue": NaN
    },
    "2023-09-30": {
        "Tax Effect Of Unusual Items": NaN,
        "Tax Rate For Calcs": NaN,
        "Normalized EBITDA": NaN,
        "Total Unusual Items": NaN,
        "Total Unusual Items Excluding Goodwill": NaN,
        "Net Income From Continuing Operation Net Minority Interest": NaN,
        "Reconciled Depreciation": NaN,
        "Reconciled Cost Of Revenue": NaN,
        "EBITDA": NaN,
        "EBIT": NaN,
        "Net Interest Income": NaN,
        "Interest Income": NaN,
        "Normalized Income": NaN,
        "Net Income From Continuing And Discontinued Operation": NaN,
        "Total Expenses": NaN,
        "Total Operating Income As Reported": NaN,
        "Diluted Average Shares": NaN,
        "Basic Average Shares": NaN,
        "Diluted EPS": NaN,
        "Basic EPS": NaN,
        "Diluted NI Availto Com Stockholders": NaN,
        "Net Income Common Stockholders": NaN,
        "Net Income": NaN,
        "Net Income Including Noncontrolling Interests": NaN,
        "Net Income Continuous Operations": NaN,
        "Tax Provision": NaN,
        "Pretax Income": NaN,
        "Other Income Expense": NaN,
        "Other Non Operating Income Expenses": NaN,
        "Special Income Charges": NaN,
        "Other Special Charges": NaN,
        "Restructuring And Mergern Acquisition": 0.0,
        "Gain On Sale Of Security": NaN,
        "Net Non Operating Interest Income Expense": NaN,
        "Interest Income Non Operating": NaN,
        "Operating Income": NaN,
        "Operating Expense": NaN,
        "Research And Development": NaN,
        "Selling General And Administration": NaN,
        "Selling And Marketing Expense": NaN,
        "General And Administrative Expense": NaN,
        "Other Gand A": NaN,
        "Gross Profit": NaN,
        "Cost Of Revenue": NaN,
        "Total Revenue": NaN,
        "Operating Revenue": NaN
    },
    "2023-12-31": {
        "Tax Effect Of Unusual Items": NaN,
        "Tax Rate For Calcs": NaN,
        "Normalized EBITDA": NaN,
        "Total Unusual Items": NaN,
        "Total Unusual Items Excluding Goodwill": NaN,
        "Net Income From Continuing Operation Net Minority Interest": NaN,
        "Reconciled Depreciation": NaN,
        "Reconciled Cost Of Revenue": NaN,
        "EBITDA": NaN,
        "EBIT": NaN,
        "Net Interest Income": NaN,
        "Interest Income": NaN,
        "Normalized Income": NaN,
        "Net Income From Continuing And Discontinued Operation": NaN,
        "Total Expenses": NaN,
        "Total Operating Income As Reported": NaN,
        "Diluted Average Shares": NaN,
        "Basic Average Shares": NaN,
        "Diluted EPS": NaN,
        "Basic EPS": NaN,
        "Diluted NI Availto Com Stockholders": NaN,
        "Net Income Common Stockholders": NaN,
        "Net Income": NaN,
        "Net Income Including Noncontrolling Interests": NaN,
        "Net Income Continuous Operations": NaN,
        "Tax Provision": NaN,
        "Pretax Income": NaN,
        "Other Income Expense": NaN,
        "Other Non Operating Income Expenses": NaN,
        "Special Income Charges": NaN,
        "Other Special Charges": NaN,
        "Restructuring And Mergern Acquisition": 1472000.0,
        "Gain On Sale Of Security": 0.0,
        "Net Non Operating Interest Income Expense": NaN,
        "Interest Income Non Operating": NaN,
        "Operating Income": NaN,
        "Operating Expense": NaN,
        "Research And Development": NaN,
        "Selling General And Administration": NaN,
        "Selling And Marketing Expense": NaN,
        "General And Administrative Expense": NaN,
        "Other Gand A": NaN,
        "Gross Profit": NaN,
        "Cost Of Revenue": NaN,
        "Total Revenue": NaN,
        "Operating Revenue": NaN
    },
    "2024-03-31": {
        "Tax Effect Of Unusual Items": 0.0,
        "Tax Rate For Calcs": 0.004958,
        "Normalized EBITDA": -14114000.0,
        "Total Unusual Items": NaN,
        "Total Unusual Items Excluding Goodwill": NaN,
        "Net Income From Continuing Operation Net Minority Interest": -16659000.0,
        "Reconciled Depreciation": 5223000.0,
        "Reconciled Cost Of Revenue": 25934000.0,
        "EBITDA": -14114000.0,
        "EBIT": -19337000.0,
        "Net Interest Income": 2885000.0,
        "Interest Income": 2885000.0,
        "Normalized Income": -16659000.0,
        "Net Income From Continuing And Discontinued Operation": -16659000.0,
        "Total Expenses": 91386000.0,
        "Total Operating Income As Reported": -19337000.0,
        "Diluted Average Shares": 51692358.0,
        "Basic Average Shares": 51692358.0,
        "Diluted EPS": -0.38,
        "Basic EPS": -0.38,
        "Diluted NI Availto Com Stockholders": -16659000.0,
        "Net Income Common Stockholders": -16659000.0,
        "Net Income": -16659000.0,
        "Net Income Including Noncontrolling Interests": -16659000.0,
        "Net Income Continuous Operations": -16659000.0,
        "Tax Provision": -83000.0,
        "Pretax Income": -16742000.0,
        "Other Income Expense": -290000.0,
        "Other Non Operating Income Expenses": -290000.0,
        "Special Income Charges": NaN,
        "Other Special Charges": NaN,
        "Restructuring And Mergern Acquisition": NaN,
        "Gain On Sale Of Security": NaN,
        "Net Non Operating Interest Income Expense": 2885000.0,
        "Interest Income Non Operating": 2885000.0,
        "Operating Income": -19337000.0,
        "Operating Expense": 65452000.0,
        "Research And Development": 18711000.0,
        "Selling General And Administration": 46741000.0,
        "Selling And Marketing Expense": 19830000.0,
        "General And Administrative Expense": 26911000.0,
        "Other Gand A": 26911000.0,
        "Gross Profit": 46115000.0,
        "Cost Of Revenue": 25934000.0,
        "Total Revenue": 72049000.0,
        "Operating Revenue": 72049000.0
    },
    "2024-06-30": {
        "Tax Effect Of Unusual Items": NaN,
        "Tax Rate For Calcs": NaN,
        "Normalized EBITDA": NaN,
        "Total Unusual Items": NaN,
        "Total Unusual Items Excluding Goodwill": NaN,
        "Net Income From Continuing Operation Net Minority Interest": NaN,
        "Reconciled Depreciation": NaN,
        "Reconciled Cost Of Revenue": NaN,
        "EBITDA": NaN,
        "EBIT": NaN,
        "Net Interest Income": NaN,
        "Interest Income": NaN,
        "Normalized Income": NaN,
        "Net Income From Continuing And Discontinued Operation": NaN,
        "Total Expenses": NaN,
        "Total Operating Income As Reported": NaN,
        "Diluted Average Shares": NaN,
        "Basic Average Shares": NaN,
        "Diluted EPS": NaN,
        "Basic EPS": NaN,
        "Diluted NI Availto Com Stockholders": NaN,
        "Net Income Common Stockholders": NaN,
        "Net Income": NaN,
        "Net Income Including Noncontrolling Interests": NaN,
        "Net Income Continuous Operations": NaN,
        "Tax Provision": NaN,
        "Pretax Income": NaN,
        "Other Income Expense": NaN,
        "Other Non Operating Income Expenses": NaN,
        "Special Income Charges": NaN,
        "Other Special Charges": NaN,
        "Restructuring And Mergern Acquisition": 68000.0,
        "Net Non Operating Interest Income Expense": NaN,
        "Interest Income Non Operating": NaN,
        "Operating Income": NaN,
        "Operating Expense": NaN,
        "Research And Development": NaN,
        "Selling General And Administration": NaN,
        "Selling And Marketing Expense": NaN,
        "General And Administrative Expense": NaN,
        "Other Gand A": NaN,
        "Gross Profit": NaN,
        "Cost Of Revenue": NaN,
        "Total Revenue": NaN,
        "Operating Revenue": NaN
    },
    "2024-09-30": {
        "Tax Effect Of Unusual Items": 0.0,
        "Tax Rate For Calcs": 0.21,
        "Normalized EBITDA": -5603000.0,
        "Total Unusual Items": 0.0,
        "Total Unusual Items Excluding Goodwill": 0.0,
        "Net Income From Continuing Operation Net Minority Interest": -7408000.0,
        "Reconciled Depreciation": 4889000.0,
        "Reconciled Cost Of Revenue": 27572000.0,
        "EBITDA": -5603000.0,
        "EBIT": -10492000.0,
        "Net Interest Income": 3001000.0,
        "Interest Income": 3001000.0,
        "Normalized Income": -7408000.0,
        "Net Income From Continuing And Discontinued Operation": -7408000.0,
        "Total Expenses": 93375000.0,
        "Total Operating Income As Reported": -10492000.0,
        "Diluted Average Shares": 52903338.0,
        "Basic Average Shares": 52903338.0,
        "Diluted EPS": -0.14,
        "Basic EPS": -0.14,
        "Diluted NI Availto Com Stockholders": -7408000.0,
        "Net Income Common Stockholders": -7408000.0,
        "Net Income": -7408000.0,
        "Net Income Including Noncontrolling Interests": -7408000.0,
        "Net Income Continuous Operations": -7408000.0,
        "Tax Provision": 200000.0,
        "Pretax Income": -7208000.0,
        "Other Income Expense": 283000.0,
        "Other Non Operating Income Expenses": 283000.0,
        "Special Income Charges": 0.0,
        "Other Special Charges": NaN,
        "Restructuring And Mergern Acquisition": 0.0,
        "Net Non Operating Interest Income Expense": 3001000.0,
        "Interest Income Non Operating": 3001000.0,
        "Operating Income": -10492000.0,
        "Operating Expense": 65803000.0,
        "Research And Development": 17486000.0,
        "Selling General And Administration": 48317000.0,
        "Selling And Marketing Expense": 19802000.0,
        "General And Administrative Expense": 28515000.0,
        "Other Gand A": 28515000.0,
        "Gross Profit": 55311000.0,
        "Cost Of Revenue": 27572000.0,
        "Total Revenue": 82883000.0,
        "Operating Revenue": 82883000.0
    },
    "2024-12-31": {
        "Tax Effect Of Unusual Items": 206879.356877,
        "Tax Rate For Calcs": 0.002187,
        "Normalized EBITDA": -109790000.0,
        "Total Unusual Items": 94585000.0,
        "Total Unusual Items Excluding Goodwill": 94585000.0,
        "Net Income From Continuing Operation Net Minority Interest": 78010000.0,
        "Reconciled Depreciation": 4688000.0,
        "Reconciled Cost Of Revenue": 28178000.0,
        "EBITDA": -15205000.0,
        "EBIT": -19893000.0,
        "Net Interest Income": 3053000.0,
        "Interest Income": 3053000.0,
        "Normalized Income": -16368120.643123,
        "Net Income From Continuing And Discontinued Operation": 78010000.0,
        "Total Expenses": 106472000.0,
        "Total Operating Income As Reported": 74692000.0,
        "Diluted Average Shares": 58221755.0,
        "Basic Average Shares": 54283644.0,
        "Diluted EPS": 1.51,
        "Basic EPS": 1.62,
        "Diluted NI Availto Com Stockholders": 78010000.0,
        "Net Income Common Stockholders": 78010000.0,
        "Net Income": 78010000.0,
        "Net Income Including Noncontrolling Interests": 78010000.0,
        "Net Income Continuous Operations": 78010000.0,
        "Tax Provision": 171000.0,
        "Pretax Income": 78181000.0,
        "Other Income Expense": 95021000.0,
        "Other Non Operating Income Expenses": 436000.0,
        "Special Income Charges": 94585000.0,
        "Other Special Charges": NaN,
        "Restructuring And Mergern Acquisition": 1715000.0,
        "Net Non Operating Interest Income Expense": 3053000.0,
        "Interest Income Non Operating": 3053000.0,
        "Operating Income": -19893000.0,
        "Operating Expense": 78294000.0,
        "Research And Development": 16530000.0,
        "Selling General And Administration": 61764000.0,
        "Selling And Marketing Expense": 21084000.0,
        "General And Administrative Expense": 40680000.0,
        "Other Gand A": 40680000.0,
        "Gross Profit": 58401000.0,
        "Cost Of Revenue": 28178000.0,
        "Total Revenue": 86579000.0,
        "Operating Revenue": 86579000.0
    },
    "2025-03-31": {
        "Tax Effect Of Unusual Items": -1125600.0,
        "Tax Rate For Calcs": 0.21,
        "Normalized EBITDA": 2286000.0,
        "Total Unusual Items": -5360000.0,
        "Total Unusual Items Excluding Goodwill": -5360000.0,
        "Net Income From Continuing Operation Net Minority Interest": -10353000.0,
        "Reconciled Depreciation": 4940000.0,
        "Reconciled Cost Of Revenue": 28415000.0,
        "EBITDA": -3074000.0,
        "EBIT": -8014000.0,
        "Net Interest Income": 2784000.0,
        "Interest Income": 2784000.0,
        "Normalized Income": -6118600.0,
        "Net Income From Continuing And Discontinued Operation": -10353000.0,
        "Total Expenses": 92699000.0,
        "Total Operating Income As Reported": -13374000.0,
        "Diluted Average Shares": 55262459.0,
        "Basic Average Shares": 55262459.0,
        "Diluted EPS": -0.19,
        "Basic EPS": -0.19,
        "Diluted NI Availto Com Stockholders": -10353000.0,
        "Net Income Common Stockholders": -10353000.0,
        "Net Income": -10353000.0,
        "Net Income Including Noncontrolling Interests": -10353000.0,
        "Net Income Continuous Operations": -10353000.0,
        "Tax Provision": 58000.0,
        "Pretax Income": -10295000.0,
        "Other Income Expense": -5065000.0,
        "Other Non Operating Income Expenses": 295000.0,
        "Special Income Charges": -5360000.0,
        "Other Special Charges": 5360000.0,
        "Restructuring And Mergern Acquisition": NaN,
        "Net Non Operating Interest Income Expense": 2784000.0,
        "Interest Income Non Operating": 2784000.0,
        "Operating Income": -8014000.0,
        "Operating Expense": 64284000.0,
        "Research And Development": 18524000.0,
        "Selling General And Administration": 45760000.0,
        "Selling And Marketing Expense": 22991000.0,
        "General And Administrative Expense": 22769000.0,
        "Other Gand A": 22769000.0,
        "Gross Profit": 56270000.0,
        "Cost Of Revenue": 28415000.0,
        "Total Revenue": 84685000.0,
        "Operating Revenue": 84685000.0
    },
    "2025-06-30": {
        "Tax Effect Of Unusual Items": -4715.025907,
        "Tax Rate For Calcs": 0.013472,
        "Normalized EBITDA": -5368000.0,
        "Total Unusual Items": -350000.0,
        "Total Unusual Items Excluding Goodwill": -350000.0,
        "Net Income From Continuing Operation Net Minority Interest": -8568000.0,
        "Reconciled Depreciation": 5053000.0,
        "Reconciled Cost Of Revenue": 28658000.0,
        "EBITDA": -5718000.0,
        "EBIT": -10771000.0,
        "Net Interest Income": 2364000.0,
        "Interest Income": 2364000.0,
        "Normalized Income": -8222715.025907,
        "Net Income From Continuing And Discontinued Operation": -8568000.0,
        "Total Expenses": 97450000.0,
        "Total Operating Income As Reported": -11121000.0,
        "Diluted Average Shares": 54304754.0,
        "Basic Average Shares": 54304754.0,
        "Diluted EPS": -0.16,
        "Basic EPS": -0.16,
        "Diluted NI Availto Com Stockholders": -8568000.0,
        "Net Income Common Stockholders": -8568000.0,
        "Net Income": -8568000.0,
        "Net Income Including Noncontrolling Interests": -8568000.0,
        "Net Income Continuous Operations": -8568000.0,
        "Tax Provision": -117000.0,
        "Pretax Income": -8685000.0,
        "Other Income Expense": -278000.0,
        "Other Non Operating Income Expenses": 72000.0,
        "Special Income Charges": -350000.0,
        "Other Special Charges": 350000.0,
        "Restructuring And Mergern Acquisition": NaN,
        "Net Non Operating Interest Income Expense": 2364000.0,
        "Interest Income Non Operating": 2364000.0,
        "Operating Income": -10771000.0,
        "Operating Expense": 68792000.0,
        "Research And Development": 16830000.0,
        "Selling General And Administration": 51962000.0,
        "Selling And Marketing Expense": 24279000.0,
        "General And Administrative Expense": 27683000.0,
        "Other Gand A": 27683000.0,
        "Gross Profit": 58021000.0,
        "Cost Of Revenue": 28658000.0,
        "Total Revenue": 86679000.0,
        "Operating Revenue": 86679000.0
    },
    "2025-09-30": {
        "Tax Effect Of Unusual Items": 0.0,
        "Tax Rate For Calcs": 0.21,
        "Normalized EBITDA": 4917000.0,
        "Total Unusual Items": 0.0,
        "Total Unusual Items Excluding Goodwill": 0.0,
        "Net Income From Continuing Operation Net Minority Interest": 1675000.0,
        "Reconciled Depreciation": 5163000.0,
        "Reconciled Cost Of Revenue": 30654000.0,
        "EBITDA": 4917000.0,
        "EBIT": -246000.0,
        "Net Interest Income": 2013000.0,
        "Interest Income": 2013000.0,
        "Normalized Income": 1675000.0,
        "Net Income From Continuing And Discontinued Operation": 1675000.0,
        "Total Expenses": 100301000.0,
        "Total Operating Income As Reported": -246000.0,
        "Diluted Average Shares": 53736790.0,
        "Basic Average Shares": 52507582.0,
        "Diluted EPS": 0.03,
        "Basic EPS": 0.03,
        "Diluted NI Availto Com Stockholders": 1675000.0,
        "Net Income Common Stockholders": 1675000.0,
        "Net Income": 1675000.0,
        "Net Income Including Noncontrolling Interests": 1675000.0,
        "Net Income Continuous Operations": 1675000.0,
        "Tax Provision": -15000.0,
        "Pretax Income": 1660000.0,
        "Other Income Expense": -107000.0,
        "Other Non Operating Income Expenses": -107000.0,
        "Special Income Charges": 0.0,
        "Other Special Charges": NaN,
        "Restructuring And Mergern Acquisition": NaN,
        "Net Non Operating Interest Income Expense": 2013000.0,
        "Interest Income Non Operating": 2013000.0,
        "Operating Income": -246000.0,
        "Operating Expense": 69647000.0,
        "Research And Development": 16769000.0,
        "Selling General And Administration": 52878000.0,
        "Selling And Marketing Expense": 24449000.0,
        "General And Administrative Expense": 28429000.0,
        "Other Gand A": 28429000.0,
        "Gross Profit": 69401000.0,
        "Cost Of Revenue": 30654000.0,
        "Total Revenue": 100055000.0,
        "Operating Revenue": 100055000.0
    }
}