{
    "2023-03-31": {
        "Tax Effect Of Unusual Items": 0.0,
        "Tax Rate For Calcs": 0.296,
        "Normalized EBITDA": 15845000.0,
        "Total Unusual Items": 0.0,
        "Total Unusual Items Excluding Goodwill": 0.0,
        "Net Income From Continuing Operation Net Minority Interest": 7002000.0,
        "Reconciled Depreciation": 4261000.0,
        "Reconciled Cost Of Revenue": 65130000.0,
        "EBITDA": 15845000.0,
        "EBIT": 11584000.0,
        "Net Interest Income": -1641000.0,
        "Interest Expense": 1641000.0,
        "Normalized Income": 7002000.0,
        "Net Income From Continuing And Discontinued Operation": 7002000.0,
        "Total Expenses": 100528000.0,
        "Total Operating Income As Reported": 11220000.0,
        "Diluted Average Shares": 37629498.0,
        "Basic Average Shares": 37373529.0,
        "Diluted EPS": 0.19,
        "Basic EPS": 0.19,
        "Diluted NI Availto Com Stockholders": 7002000.0,
        "Net Income Common Stockholders": 7002000.0,
        "Net Income": 7002000.0,
        "Net Income Including Noncontrolling Interests": 7002000.0,
        "Net Income Continuous Operations": 7002000.0,
        "Tax Provision": 2941000.0,
        "Pretax Income": 9943000.0,
        "Other Income Expense": 364000.0,
        "Other Non Operating Income Expenses": 364000.0,
        "Special Income Charges": 0.0,
        "Restructuring And Mergern Acquisition": 0.0,
        "Net Non Operating Interest Income Expense": -1641000.0,
        "Interest Expense Non Operating": 1641000.0,
        "Operating Income": 11220000.0,
        "Operating Expense": 35398000.0,
        "Other Operating Expenses": 148000.0,
        "Selling General And Administration": 35250000.0,
        "Gross Profit": 46618000.0,
        "Cost Of Revenue": 65130000.0,
        "Total Revenue": 111748000.0,
        "Operating Revenue": 111748000.0
    },
    "2022-12-31": {
        "Tax Effect Of Unusual Items": NaN,
        "Tax Rate For Calcs": NaN,
        "Normalized EBITDA": NaN,
        "Total Unusual Items": NaN,
        "Total Unusual Items Excluding Goodwill": NaN,
        "Net Income From Continuing Operation Net Minority Interest": NaN,
        "Reconciled Depreciation": NaN,
        "Reconciled Cost Of Revenue": NaN,
        "EBITDA": NaN,
        "EBIT": NaN,
        "Net Interest Income": NaN,
        "Interest Expense": NaN,
        "Normalized Income": NaN,
        "Net Income From Continuing And Discontinued Operation": NaN,
        "Total Expenses": NaN,
        "Total Operating Income As Reported": NaN,
        "Diluted Average Shares": 37887600.0,
        "Basic Average Shares": 37332271.0,
        "Diluted EPS": 0.17,
        "Basic EPS": 0.18,
        "Diluted NI Availto Com Stockholders": NaN,
        "Net Income Common Stockholders": NaN,
        "Net Income": NaN,
        "Net Income Including Noncontrolling Interests": NaN,
        "Net Income Continuous Operations": NaN,
        "Tax Provision": NaN,
        "Pretax Income": NaN,
        "Other Income Expense": NaN,
        "Other Non Operating Income Expenses": NaN,
        "Special Income Charges": NaN,
        "Restructuring And Mergern Acquisition": NaN,
        "Net Non Operating Interest Income Expense": NaN,
        "Interest Expense Non Operating": NaN,
        "Operating Income": NaN,
        "Operating Expense": NaN,
        "Other Operating Expenses": NaN,
        "Selling General And Administration": NaN,
        "Gross Profit": NaN,
        "Cost Of Revenue": NaN,
        "Total Revenue": NaN,
        "Operating Revenue": NaN
    },
    "2022-09-30": {
        "Tax Effect Of Unusual Items": -448152.0,
        "Tax Rate For Calcs": 0.284,
        "Normalized EBITDA": 13984000.0,
        "Total Unusual Items": -1578000.0,
        "Total Unusual Items Excluding Goodwill": -1578000.0,
        "Net Income From Continuing Operation Net Minority Interest": 4941000.0,
        "Reconciled Depreciation": 3939000.0,
        "Reconciled Cost Of Revenue": 67814000.0,
        "EBITDA": 12406000.0,
        "EBIT": 8467000.0,
        "Net Interest Income": -1567000.0,
        "Interest Expense": 1567000.0,
        "Normalized Income": 6070848.0,
        "Net Income From Continuing And Discontinued Operation": 4941000.0,
        "Total Expenses": 99658000.0,
        "Total Operating Income As Reported": 10318000.0,
        "Diluted Average Shares": 37747614.0,
        "Basic Average Shares": 37289880.0,
        "Diluted EPS": 0.13,
        "Basic EPS": 0.13,
        "Diluted NI Availto Com Stockholders": 4941000.0,
        "Net Income Common Stockholders": 4941000.0,
        "Net Income": 4941000.0,
        "Net Income Including Noncontrolling Interests": 4941000.0,
        "Net Income Continuous Operations": 4941000.0,
        "Tax Provision": 1959000.0,
        "Pretax Income": 6900000.0,
        "Other Income Expense": -3429000.0,
        "Other Non Operating Income Expenses": -1851000.0,
        "Special Income Charges": -1578000.0,
        "Restructuring And Mergern Acquisition": 1578000.0,
        "Net Non Operating Interest Income Expense": -1567000.0,
        "Interest Expense Non Operating": 1567000.0,
        "Operating Income": 11896000.0,
        "Operating Expense": 31844000.0,
        "Other Operating Expenses": 112000.0,
        "Selling General And Administration": 31732000.0,
        "Gross Profit": 43740000.0,
        "Cost Of Revenue": 67814000.0,
        "Total Revenue": 111554000.0,
        "Operating Revenue": 111554000.0
    },
    "2022-06-30": {
        "Tax Effect Of Unusual Items": -305562.0,
        "Tax Rate For Calcs": 0.254,
        "Normalized EBITDA": 12440000.0,
        "Total Unusual Items": -1203000.0,
        "Total Unusual Items Excluding Goodwill": -1203000.0,
        "Net Income From Continuing Operation Net Minority Interest": 4445000.0,
        "Reconciled Depreciation": 3836000.0,
        "Reconciled Cost Of Revenue": 75011000.0,
        "EBITDA": 11237000.0,
        "EBIT": 7401000.0,
        "Net Interest Income": -1439000.0,
        "Interest Expense": 1439000.0,
        "Normalized Income": 5342438.0,
        "Net Income From Continuing And Discontinued Operation": 4445000.0,
        "Total Expenses": 108872000.0,
        "Total Operating Income As Reported": 8157000.0,
        "Diluted Average Shares": 35688620.0,
        "Basic Average Shares": 35320314.0,
        "Diluted EPS": 0.12,
        "Basic EPS": 0.13,
        "Diluted NI Availto Com Stockholders": 4445000.0,
        "Net Income Common Stockholders": 4445000.0,
        "Net Income": 4445000.0,
        "Net Income Including Noncontrolling Interests": 4445000.0,
        "Net Income Continuous Operations": 4445000.0,
        "Tax Provision": 1517000.0,
        "Pretax Income": 5962000.0,
        "Other Income Expense": -1959000.0,
        "Other Non Operating Income Expenses": -756000.0,
        "Special Income Charges": -1203000.0,
        "Restructuring And Mergern Acquisition": 1203000.0,
        "Net Non Operating Interest Income Expense": -1439000.0,
        "Interest Expense Non Operating": 1439000.0,
        "Operating Income": 9360000.0,
        "Operating Expense": 33861000.0,
        "Other Operating Expenses": 1112000.0,
        "Selling General And Administration": 32749000.0,
        "Gross Profit": 43221000.0,
        "Cost Of Revenue": 75011000.0,
        "Total Revenue": 118232000.0,
        "Operating Revenue": 118232000.0
    },
    "2022-03-31": {
        "Diluted EPS": -0.3,
        "Total Revenue": 104,
        "Gross Profit": 40,
        "Operating Income": -14,
        "EBIT": -11,
        "Net Income": -10
    },
    "2021-12-31": {
        "Diluted EPS": 0.13,
        "Total Revenue": 104,
        "Gross Profit": 39,
        "Operating Income": 9,
        "EBIT": 13,
        "Net Income": 4
    },
    "2021-09-30": {
        "Diluted EPS": -0.19,
        "Total Revenue": 99,
        "Gross Profit": 39,
        "Operating Income": 12,
        "EBIT": 15,
        "Net Income": -5
    },
    "2021-06-30": {
        "Diluted EPS": 0.25,
        "Total Revenue": 115,
        "Gross Profit": 48,
        "Operating Income": 15,
        "EBIT": 20,
        "Net Income": 7
    },
    "2021-03-31": {
        "Diluted EPS": 0.25,
        "Total Revenue": 111,
        "Gross Profit": 44,
        "Operating Income": 15,
        "EBIT": 20,
        "Net Income": 7
    },
    "2020-12-31": {
        "Diluted EPS": 0.0,
        "Total Revenue": NaN,
        "Gross Profit": NaN,
        "Operating Income": NaN,
        "EBIT": NaN,
        "Net Income": NaN
    },
    "2020-09-30": {
        "Diluted EPS": 0.23,
        "Total Revenue": 106,
        "Gross Profit": 40,
        "Operating Income": 13,
        "EBIT": 13,
        "Net Income": 6
    },
    "2023-06-30": {
        "Tax Effect Of Unusual Items": -192542.999803,
        "Tax Rate For Calcs": 0.27784,
        "Normalized EBITDA": 20886000.0,
        "Total Unusual Items": -693000.0,
        "Total Unusual Items Excluding Goodwill": -693000.0,
        "Net Income From Continuing Operation Net Minority Interest": 10992000.0,
        "Reconciled Depreciation": 3959000.0,
        "Reconciled Cost Of Revenue": 70340000.0,
        "EBITDA": 20193000.0,
        "EBIT": 16234000.0,
        "Net Interest Income": -1013000.0,
        "Interest Expense": 1013000.0,
        "Normalized Income": 11492457.000197,
        "Net Income From Continuing And Discontinued Operation": 10992000.0,
        "Total Expenses": 104506000.0,
        "Total Operating Income As Reported": 15888000.0,
        "Diluted Average Shares": 37850708.0,
        "Basic Average Shares": 37586031.0,
        "Diluted EPS": 0.29,
        "Basic EPS": 0.29,
        "Diluted NI Availto Com Stockholders": 10992000.0,
        "Net Income Common Stockholders": 10992000.0,
        "Net Income": 10992000.0,
        "Net Income Including Noncontrolling Interests": 10992000.0,
        "Net Income Continuous Operations": 10992000.0,
        "Tax Provision": 4229000.0,
        "Pretax Income": 15221000.0,
        "Other Income Expense": -347000.0,
        "Other Non Operating Income Expenses": 346000.0,
        "Special Income Charges": -693000.0,
        "Restructuring And Mergern Acquisition": 693000.0,
        "Net Non Operating Interest Income Expense": -1013000.0,
        "Interest Expense Non Operating": 1013000.0,
        "Operating Income": 16581000.0,
        "Operating Expense": 34166000.0,
        "Other Operating Expenses": 115000.0,
        "Selling General And Administration": 34051000.0,
        "Gross Profit": 50747000.0,
        "Cost Of Revenue": 70340000.0,
        "Total Revenue": 121087000.0,
        "Operating Revenue": 121087000.0
    },
    "2023-09-30": {
        "Tax Effect Of Unusual Items": NaN,
        "Tax Rate For Calcs": NaN,
        "Normalized EBITDA": NaN,
        "Total Unusual Items": NaN,
        "Total Unusual Items Excluding Goodwill": NaN,
        "Net Income From Continuing Operation Net Minority Interest": NaN,
        "Reconciled Depreciation": NaN,
        "Reconciled Cost Of Revenue": NaN,
        "EBITDA": NaN,
        "EBIT": NaN,
        "Net Interest Income": NaN,
        "Interest Expense": NaN,
        "Normalized Income": NaN,
        "Net Income From Continuing And Discontinued Operation": NaN,
        "Total Expenses": NaN,
        "Total Operating Income As Reported": NaN,
        "Diluted Average Shares": 37930888.0,
        "Basic Average Shares": 37586031.0,
        "Diluted EPS": 0.29,
        "Basic EPS": 0.29,
        "Diluted NI Availto Com Stockholders": NaN,
        "Net Income Common Stockholders": NaN,
        "Net Income": NaN,
        "Net Income Including Noncontrolling Interests": NaN,
        "Net Income Continuous Operations": NaN,
        "Tax Provision": NaN,
        "Pretax Income": NaN,
        "Other Income Expense": NaN,
        "Other Non Operating Income Expenses": NaN,
        "Special Income Charges": NaN,
        "Restructuring And Mergern Acquisition": NaN,
        "Net Non Operating Interest Income Expense": NaN,
        "Interest Expense Non Operating": NaN,
        "Operating Income": NaN,
        "Operating Expense": NaN,
        "Other Operating Expenses": NaN,
        "Selling General And Administration": NaN,
        "Gross Profit": NaN,
        "Cost Of Revenue": NaN,
        "Total Revenue": NaN,
        "Operating Revenue": NaN
    },
    "2023-12-31": {
        "Tax Effect Of Unusual Items": -240792.653456,
        "Tax Rate For Calcs": 0.227163,
        "Normalized EBITDA": 17630000.0,
        "Total Unusual Items": -1060000.0,
        "Total Unusual Items Excluding Goodwill": -1060000.0,
        "Net Income From Continuing Operation Net Minority Interest": 9594000.0,
        "Reconciled Depreciation": 3352000.0,
        "Reconciled Cost Of Revenue": 74825000.0,
        "EBITDA": 16570000.0,
        "EBIT": 13218000.0,
        "Net Interest Income": -804000.0,
        "Interest Expense": 804000.0,
        "Normalized Income": 10413207.346544,
        "Net Income From Continuing And Discontinued Operation": 9594000.0,
        "Total Expenses": 110846000.0,
        "Total Operating Income As Reported": 12677000.0,
        "Diluted Average Shares": 38125787.0,
        "Basic Average Shares": 37586756.0,
        "Diluted EPS": 0.25,
        "Basic EPS": 0.26,
        "Diluted NI Availto Com Stockholders": 9594000.0,
        "Net Income Common Stockholders": 9594000.0,
        "Net Income": 9594000.0,
        "Net Income Including Noncontrolling Interests": 9594000.0,
        "Net Income Continuous Operations": 9594000.0,
        "Tax Provision": 2820000.0,
        "Pretax Income": 12414000.0,
        "Other Income Expense": -519000.0,
        "Other Non Operating Income Expenses": 541000.0,
        "Special Income Charges": -1060000.0,
        "Restructuring And Mergern Acquisition": 1060000.0,
        "Net Non Operating Interest Income Expense": -804000.0,
        "Interest Expense Non Operating": 804000.0,
        "Operating Income": 13737000.0,
        "Operating Expense": 36021000.0,
        "Other Operating Expenses": 1117000.0,
        "Selling General And Administration": 34904000.0,
        "Gross Profit": 49758000.0,
        "Cost Of Revenue": 74825000.0,
        "Total Revenue": 124583000.0,
        "Operating Revenue": 124583000.0
    },
    "2024-03-31": {
        "Tax Effect Of Unusual Items": -683455.832771,
        "Tax Rate For Calcs": 0.221398,
        "Normalized EBITDA": 17564000.0,
        "Total Unusual Items": -3087000.0,
        "Total Unusual Items Excluding Goodwill": -3087000.0,
        "Net Income From Continuing Operation Net Minority Interest": 6928000.0,
        "Reconciled Depreciation": 3942000.0,
        "Reconciled Cost Of Revenue": 80232000.0,
        "EBITDA": 14477000.0,
        "EBIT": 10535000.0,
        "Net Interest Income": -1637000.0,
        "Interest Expense": 1637000.0,
        "Normalized Income": 9331544.167229,
        "Net Income From Continuing And Discontinued Operation": 6928000.0,
        "Total Expenses": 122794000.0,
        "Total Operating Income As Reported": 11979000.0,
        "Diluted Average Shares": 38554185.0,
        "Basic Average Shares": 37946576.0,
        "Diluted EPS": 0.18,
        "Basic EPS": 0.18,
        "Diluted NI Availto Com Stockholders": 6928000.0,
        "Net Income Common Stockholders": 6928000.0,
        "Net Income": 6928000.0,
        "Net Income Including Noncontrolling Interests": 6928000.0,
        "Net Income Continuous Operations": 6928000.0,
        "Tax Provision": 1970000.0,
        "Pretax Income": 8898000.0,
        "Other Income Expense": -4531000.0,
        "Other Non Operating Income Expenses": -1444000.0,
        "Special Income Charges": -3087000.0,
        "Restructuring And Mergern Acquisition": 3087000.0,
        "Net Non Operating Interest Income Expense": -1637000.0,
        "Interest Expense Non Operating": 1637000.0,
        "Operating Income": 15066000.0,
        "Operating Expense": 42562000.0,
        "Other Operating Expenses": 1843000.0,
        "Selling General And Administration": 40719000.0,
        "Gross Profit": 57628000.0,
        "Cost Of Revenue": 80232000.0,
        "Total Revenue": 137860000.0,
        "Operating Revenue": 137860000.0
    },
    "2024-06-30": {
        "Tax Effect Of Unusual Items": -5453.0,
        "Tax Rate For Calcs": 0.287,
        "Normalized EBITDA": 24256000.0,
        "Total Unusual Items": -19000.0,
        "Total Unusual Items Excluding Goodwill": -19000.0,
        "Net Income From Continuing Operation Net Minority Interest": 12567000.0,
        "Reconciled Depreciation": 4620000.0,
        "Reconciled Cost Of Revenue": 85659000.0,
        "EBITDA": 24237000.0,
        "EBIT": 19617000.0,
        "Net Interest Income": -2003000.0,
        "Interest Expense": 2003000.0,
        "Normalized Income": 12580547.0,
        "Net Income From Continuing And Discontinued Operation": 12567000.0,
        "Total Expenses": 124337000.0,
        "Total Operating Income As Reported": 19953000.0,
        "Diluted Average Shares": 40855185.0,
        "Basic Average Shares": 40606825.0,
        "Diluted EPS": 0.31,
        "Basic EPS": 0.31,
        "Diluted NI Availto Com Stockholders": 12567000.0,
        "Net Income Common Stockholders": 12567000.0,
        "Net Income": 12567000.0,
        "Net Income Including Noncontrolling Interests": 12567000.0,
        "Net Income Continuous Operations": 12567000.0,
        "Tax Provision": 5047000.0,
        "Pretax Income": 17614000.0,
        "Other Income Expense": -355000.0,
        "Other Non Operating Income Expenses": -336000.0,
        "Special Income Charges": -19000.0,
        "Restructuring And Mergern Acquisition": 19000.0,
        "Net Non Operating Interest Income Expense": -2003000.0,
        "Interest Expense Non Operating": 2003000.0,
        "Operating Income": 19972000.0,
        "Operating Expense": 38678000.0,
        "Other Operating Expenses": 101000.0,
        "Selling General And Administration": 38577000.0,
        "Gross Profit": 58650000.0,
        "Cost Of Revenue": 85659000.0,
        "Total Revenue": 144309000.0,
        "Operating Revenue": 144309000.0
    },
    "2024-09-30": {
        "Tax Effect Of Unusual Items": -138020.0,
        "Tax Rate For Calcs": 0.268,
        "Normalized EBITDA": 11259000.0,
        "Total Unusual Items": -515000.0,
        "Total Unusual Items Excluding Goodwill": -515000.0,
        "Net Income From Continuing Operation Net Minority Interest": 3655000.0,
        "Reconciled Depreciation": 3763000.0,
        "Reconciled Cost Of Revenue": 69392000.0,
        "EBITDA": 10744000.0,
        "EBIT": 6981000.0,
        "Net Interest Income": -1991000.0,
        "Interest Expense": 1991000.0,
        "Normalized Income": 4031980.0,
        "Net Income From Continuing And Discontinued Operation": 3655000.0,
        "Total Expenses": 103467000.0,
        "Total Operating Income As Reported": 5426000.0,
        "Diluted Average Shares": 40949461.0,
        "Basic Average Shares": 40607988.0,
        "Diluted EPS": 0.09,
        "Basic EPS": 0.09,
        "Diluted NI Availto Com Stockholders": 3655000.0,
        "Net Income Common Stockholders": 3655000.0,
        "Net Income": 3655000.0,
        "Net Income Including Noncontrolling Interests": 3655000.0,
        "Net Income Continuous Operations": 3655000.0,
        "Tax Provision": 1335000.0,
        "Pretax Income": 4990000.0,
        "Other Income Expense": 1040000.0,
        "Other Non Operating Income Expenses": 1555000.0,
        "Special Income Charges": -515000.0,
        "Restructuring And Mergern Acquisition": 515000.0,
        "Net Non Operating Interest Income Expense": -1991000.0,
        "Interest Expense Non Operating": 1991000.0,
        "Operating Income": 5941000.0,
        "Operating Expense": 34075000.0,
        "Other Operating Expenses": 94000.0,
        "Selling General And Administration": 33981000.0,
        "Gross Profit": 40016000.0,
        "Cost Of Revenue": 69392000.0,
        "Total Revenue": 109408000.0,
        "Operating Revenue": 109408000.0
    },
    "2024-12-31": {
        "Tax Effect Of Unusual Items": -501060.0,
        "Tax Rate For Calcs": 0.21,
        "Normalized EBITDA": 31388000.0,
        "Total Unusual Items": -2386000.0,
        "Total Unusual Items Excluding Goodwill": -2386000.0,
        "Net Income From Continuing Operation Net Minority Interest": 12983000.0,
        "Reconciled Depreciation": 4095000.0,
        "Reconciled Cost Of Revenue": 98797000.0,
        "EBITDA": 29002000.0,
        "EBIT": 24907000.0,
        "Net Interest Income": -2191000.0,
        "Interest Expense": 2191000.0,
        "Normalized Income": 14867940.0,
        "Net Income From Continuing And Discontinued Operation": 12983000.0,
        "Total Expenses": 144195000.0,
        "Total Operating Income As Reported": 29403000.0,
        "Diluted Average Shares": 40977622.0,
        "Basic Average Shares": 40607988.0,
        "Diluted EPS": 0.32,
        "Basic EPS": 0.32,
        "Diluted NI Availto Com Stockholders": 12983000.0,
        "Net Income Common Stockholders": 12983000.0,
        "Net Income": 12983000.0,
        "Net Income Including Noncontrolling Interests": 12983000.0,
        "Net Income Continuous Operations": 12983000.0,
        "Tax Provision": 9733000.0,
        "Pretax Income": 22716000.0,
        "Other Income Expense": -6882000.0,
        "Other Non Operating Income Expenses": -4496000.0,
        "Special Income Charges": -2386000.0,
        "Restructuring And Mergern Acquisition": 2386000.0,
        "Net Non Operating Interest Income Expense": -2191000.0,
        "Interest Expense Non Operating": 2191000.0,
        "Operating Income": 31789000.0,
        "Operating Expense": 45398000.0,
        "Other Operating Expenses": 352000.0,
        "Selling General And Administration": 45046000.0,
        "Gross Profit": 77187000.0,
        "Cost Of Revenue": 98797000.0,
        "Total Revenue": 175984000.0,
        "Operating Revenue": 175984000.0
    },
    "2025-03-31": {
        "Tax Effect Of Unusual Items": -185668.0,
        "Tax Rate For Calcs": 0.266,
        "Normalized EBITDA": 19393000.0,
        "Total Unusual Items": -698000.0,
        "Total Unusual Items Excluding Goodwill": -698000.0,
        "Net Income From Continuing Operation Net Minority Interest": 9248000.0,
        "Reconciled Depreciation": 3856000.0,
        "Reconciled Cost Of Revenue": 73975000.0,
        "EBITDA": 18695000.0,
        "EBIT": 14839000.0,
        "Net Interest Income": -2231000.0,
        "Interest Expense": 2231000.0,
        "Normalized Income": 9760332.0,
        "Net Income From Continuing And Discontinued Operation": 9248000.0,
        "Total Expenses": 115856000.0,
        "Total Operating Income As Reported": 13552000.0,
        "Diluted Average Shares": 40980861.0,
        "Basic Average Shares": 40618554.0,
        "Diluted EPS": 0.23,
        "Basic EPS": 0.23,
        "Diluted NI Availto Com Stockholders": 9248000.0,
        "Net Income Common Stockholders": 9248000.0,
        "Net Income": 9248000.0,
        "Net Income Including Noncontrolling Interests": 9248000.0,
        "Net Income Continuous Operations": 9248000.0,
        "Tax Provision": 3360000.0,
        "Pretax Income": 12608000.0,
        "Other Income Expense": 589000.0,
        "Other Non Operating Income Expenses": 1287000.0,
        "Special Income Charges": -698000.0,
        "Restructuring And Mergern Acquisition": 698000.0,
        "Net Non Operating Interest Income Expense": -2231000.0,
        "Interest Expense Non Operating": 2231000.0,
        "Operating Income": 14250000.0,
        "Operating Expense": 41881000.0,
        "Other Operating Expenses": 128000.0,
        "Selling General And Administration": 41753000.0,
        "Gross Profit": 56131000.0,
        "Cost Of Revenue": 73975000.0,
        "Total Revenue": 130106000.0,
        "Operating Revenue": 130106000.0
    },
    "2025-06-30": {
        "Tax Effect Of Unusual Items": -964540.0,
        "Tax Rate For Calcs": 0.29,
        "Normalized EBITDA": 28801000.0,
        "Total Unusual Items": -3326000.0,
        "Total Unusual Items Excluding Goodwill": -3326000.0,
        "Net Income From Continuing Operation Net Minority Interest": 12211000.0,
        "Reconciled Depreciation": 4676000.0,
        "Reconciled Cost Of Revenue": 92860000.0,
        "EBITDA": 25475000.0,
        "EBIT": 20799000.0,
        "Net Interest Income": -3590000.0,
        "Interest Expense": 3590000.0,
        "Normalized Income": 14572460.0,
        "Net Income From Continuing And Discontinued Operation": 12211000.0,
        "Total Expenses": 139098000.0,
        "Total Operating Income As Reported": 14685000.0,
        "Diluted Average Shares": 40941790.0,
        "Basic Average Shares": 40661955.0,
        "Diluted EPS": 0.3,
        "Basic EPS": 0.3,
        "Diluted NI Availto Com Stockholders": 12211000.0,
        "Net Income Common Stockholders": 12211000.0,
        "Net Income": 12211000.0,
        "Net Income Including Noncontrolling Interests": 12211000.0,
        "Net Income Continuous Operations": 12211000.0,
        "Tax Provision": 4998000.0,
        "Pretax Income": 17209000.0,
        "Other Income Expense": 2788000.0,
        "Other Non Operating Income Expenses": 6114000.0,
        "Special Income Charges": -3326000.0,
        "Restructuring And Mergern Acquisition": 3326000.0,
        "Net Non Operating Interest Income Expense": -3590000.0,
        "Interest Expense Non Operating": 3590000.0,
        "Operating Income": 18011000.0,
        "Operating Expense": 46238000.0,
        "Other Operating Expenses": 1109000.0,
        "Selling General And Administration": 45129000.0,
        "Gross Profit": 64249000.0,
        "Cost Of Revenue": 92860000.0,
        "Total Revenue": 157109000.0,
        "Operating Revenue": 157109000.0
    },
    "2025-09-30": {
        "Tax Effect Of Unusual Items": -582808.0,
        "Tax Rate For Calcs": 0.263,
        "Normalized EBITDA": 25464000.0,
        "Total Unusual Items": -2216000.0,
        "Total Unusual Items Excluding Goodwill": -2216000.0,
        "Net Income From Continuing Operation Net Minority Interest": 10941000.0,
        "Reconciled Depreciation": 5376000.0,
        "Reconciled Cost Of Revenue": 89244000.0,
        "EBITDA": 23248000.0,
        "EBIT": 17872000.0,
        "Net Interest Income": -3028000.0,
        "Interest Expense": 3028000.0,
        "Normalized Income": 12574192.0,
        "Net Income From Continuing And Discontinued Operation": 10941000.0,
        "Total Expenses": 134979000.0,
        "Total Operating Income As Reported": 18674000.0,
        "Diluted Average Shares": 40977677.0,
        "Basic Average Shares": 40666861.0,
        "Diluted EPS": 0.27,
        "Basic EPS": 0.27,
        "Diluted NI Availto Com Stockholders": 10941000.0,
        "Net Income Common Stockholders": 10941000.0,
        "Net Income": 10941000.0,
        "Net Income Including Noncontrolling Interests": 10941000.0,
        "Net Income Continuous Operations": 10941000.0,
        "Tax Provision": 3903000.0,
        "Pretax Income": 14844000.0,
        "Other Income Expense": -3018000.0,
        "Other Non Operating Income Expenses": -802000.0,
        "Special Income Charges": -2216000.0,
        "Restructuring And Mergern Acquisition": 2216000.0,
        "Net Non Operating Interest Income Expense": -3028000.0,
        "Interest Expense Non Operating": 3028000.0,
        "Operating Income": 20890000.0,
        "Operating Expense": 45735000.0,
        "Other Operating Expenses": 108000.0,
        "Selling General And Administration": 45627000.0,
        "Gross Profit": 66625000.0,
        "Cost Of Revenue": 89244000.0,
        "Total Revenue": 155869000.0,
        "Operating Revenue": 155869000.0
    }
}