{
    "2023-03-31": {
        "Tax Effect Of Unusual Items": NaN,
        "Tax Rate For Calcs": NaN,
        "Normalized EBITDA": NaN,
        "Total Unusual Items": NaN,
        "Total Unusual Items Excluding Goodwill": NaN,
        "Net Income From Continuing Operation Net Minority Interest": NaN,
        "Reconciled Depreciation": NaN,
        "Reconciled Cost Of Revenue": NaN,
        "EBITDA": NaN,
        "EBIT": NaN,
        "Net Interest Income": NaN,
        "Interest Expense": NaN,
        "Interest Income": NaN,
        "Normalized Income": NaN,
        "Net Income From Continuing And Discontinued Operation": NaN,
        "Total Expenses": NaN,
        "Total Operating Income As Reported": NaN,
        "Diluted Average Shares": 65931000.0,
        "Basic Average Shares": 65931000.0,
        "Diluted EPS": -0.34,
        "Basic EPS": -0.34,
        "Diluted NI Availto Com Stockholders": NaN,
        "Net Income Common Stockholders": NaN,
        "Net Income": NaN,
        "Net Income Including Noncontrolling Interests": NaN,
        "Net Income Continuous Operations": NaN,
        "Tax Provision": NaN,
        "Pretax Income": NaN,
        "Other Income Expense": NaN,
        "Other Non Operating Income Expenses": -25000.0,
        "Special Income Charges": NaN,
        "Impairment Of Capital Assets": NaN,
        "Restructuring And Mergern Acquisition": NaN,
        "Net Non Operating Interest Income Expense": NaN,
        "Interest Expense Non Operating": NaN,
        "Interest Income Non Operating": NaN,
        "Operating Income": NaN,
        "Operating Expense": NaN,
        "Research And Development": NaN,
        "Selling General And Administration": NaN,
        "Gross Profit": NaN,
        "Cost Of Revenue": NaN,
        "Total Revenue": NaN,
        "Operating Revenue": NaN
    },
    "2022-12-31": {
        "Tax Effect Of Unusual Items": NaN,
        "Tax Rate For Calcs": NaN,
        "Normalized EBITDA": NaN,
        "Total Unusual Items": NaN,
        "Total Unusual Items Excluding Goodwill": NaN,
        "Net Income From Continuing Operation Net Minority Interest": NaN,
        "Reconciled Depreciation": NaN,
        "Reconciled Cost Of Revenue": NaN,
        "EBITDA": NaN,
        "EBIT": NaN,
        "Net Interest Income": NaN,
        "Interest Income": NaN,
        "Normalized Income": NaN,
        "Net Income From Continuing And Discontinued Operation": NaN,
        "Total Expenses": NaN,
        "Total Operating Income As Reported": NaN,
        "Diluted Average Shares": 65558000.0,
        "Basic Average Shares": 65558000.0,
        "Diluted EPS": -0.19,
        "Basic EPS": -0.19,
        "Diluted NI Availto Com Stockholders": NaN,
        "Net Income Common Stockholders": NaN,
        "Net Income": NaN,
        "Net Income Including Noncontrolling Interests": NaN,
        "Net Income Continuous Operations": NaN,
        "Tax Provision": NaN,
        "Pretax Income": NaN,
        "Other Income Expense": NaN,
        "Other Non Operating Income Expenses": NaN,
        "Special Income Charges": NaN,
        "Impairment Of Capital Assets": NaN,
        "Restructuring And Mergern Acquisition": NaN,
        "Net Non Operating Interest Income Expense": NaN,
        "Interest Income Non Operating": NaN,
        "Operating Income": NaN,
        "Operating Expense": NaN,
        "Research And Development": NaN,
        "Selling General And Administration": NaN,
        "Gross Profit": NaN,
        "Cost Of Revenue": NaN,
        "Total Revenue": NaN,
        "Operating Revenue": NaN
    },
    "2022-09-30": {
        "Tax Effect Of Unusual Items": NaN,
        "Tax Rate For Calcs": NaN,
        "Normalized EBITDA": NaN,
        "Total Unusual Items": NaN,
        "Total Unusual Items Excluding Goodwill": NaN,
        "Net Income From Continuing Operation Net Minority Interest": NaN,
        "Reconciled Depreciation": NaN,
        "Reconciled Cost Of Revenue": NaN,
        "EBITDA": NaN,
        "EBIT": NaN,
        "Net Interest Income": NaN,
        "Interest Income": NaN,
        "Normalized Income": NaN,
        "Net Income From Continuing And Discontinued Operation": NaN,
        "Total Expenses": NaN,
        "Total Operating Income As Reported": NaN,
        "Diluted Average Shares": NaN,
        "Basic Average Shares": NaN,
        "Diluted EPS": NaN,
        "Basic EPS": NaN,
        "Diluted NI Availto Com Stockholders": NaN,
        "Net Income Common Stockholders": NaN,
        "Net Income": NaN,
        "Net Income Including Noncontrolling Interests": NaN,
        "Net Income Continuous Operations": NaN,
        "Tax Provision": NaN,
        "Pretax Income": NaN,
        "Other Income Expense": NaN,
        "Other Non Operating Income Expenses": NaN,
        "Special Income Charges": NaN,
        "Impairment Of Capital Assets": 0.0,
        "Restructuring And Mergern Acquisition": NaN,
        "Net Non Operating Interest Income Expense": NaN,
        "Interest Income Non Operating": NaN,
        "Operating Income": NaN,
        "Operating Expense": NaN,
        "Research And Development": NaN,
        "Selling General And Administration": NaN,
        "Gross Profit": NaN,
        "Cost Of Revenue": NaN,
        "Total Revenue": NaN,
        "Operating Revenue": NaN
    },
    "2022-06-30": {
        "Tax Effect Of Unusual Items": 0.0,
        "Tax Rate For Calcs": 0.4,
        "Normalized EBITDA": -2609000.0,
        "Total Unusual Items": NaN,
        "Total Unusual Items Excluding Goodwill": NaN,
        "Net Income From Continuing Operation Net Minority Interest": -2640000.0,
        "Reconciled Depreciation": 2547000.0,
        "Reconciled Cost Of Revenue": 11270000.0,
        "EBITDA": -2609000.0,
        "EBIT": -2609000.0,
        "Net Interest Income": 140000.0,
        "Interest Income": 140000.0,
        "Normalized Income": -2640000.0,
        "Net Income From Continuing And Discontinued Operation": -2640000.0,
        "Total Expenses": 41015000.0,
        "Total Operating Income As Reported": -2609000.0,
        "Diluted Average Shares": 65288000.0,
        "Basic Average Shares": 65288000.0,
        "Diluted EPS": -0.04,
        "Basic EPS": -0.04,
        "Diluted NI Availto Com Stockholders": -2640000.0,
        "Net Income Common Stockholders": -2640000.0,
        "Net Income": -2640000.0,
        "Net Income Including Noncontrolling Interests": -2640000.0,
        "Net Income Continuous Operations": -2640000.0,
        "Tax Provision": 108000.0,
        "Pretax Income": -2532000.0,
        "Other Income Expense": -63000.0,
        "Other Non Operating Income Expenses": -63000.0,
        "Special Income Charges": NaN,
        "Restructuring And Mergern Acquisition": NaN,
        "Net Non Operating Interest Income Expense": 140000.0,
        "Interest Income Non Operating": 140000.0,
        "Operating Income": -2609000.0,
        "Operating Expense": 29745000.0,
        "Research And Development": 19089000.0,
        "Selling General And Administration": 10656000.0,
        "Gross Profit": 27136000.0,
        "Cost Of Revenue": 11270000.0,
        "Total Revenue": 38406000.0,
        "Operating Revenue": 38406000.0
    },
    "2022-03-31": {
        "Diluted EPS": -0.13,
        "Total Revenue": 35,
        "Gross Profit": 27,
        "Operating Income": -8,
        "EBIT": -6,
        "Net Income": -8
    },
    "2021-12-31": {
        "Diluted EPS": -0.15,
        "Total Revenue": 25,
        "Gross Profit": 18,
        "Operating Income": -10,
        "EBIT": -9,
        "Net Income": -10
    },
    "2021-09-30": {
        "Diluted EPS": 0.03,
        "Total Revenue": 37,
        "Gross Profit": 30,
        "Operating Income": 1,
        "EBIT": 3,
        "Net Income": 2
    },
    "2021-06-30": {
        "Diluted EPS": -0.07,
        "Total Revenue": 25,
        "Gross Profit": 21,
        "Operating Income": -4,
        "EBIT": -3,
        "Net Income": -4
    },
    "2021-03-31": {
        "Diluted EPS": -0.14,
        "Total Revenue": 18,
        "Gross Profit": 14,
        "Operating Income": -9,
        "EBIT": -8,
        "Net Income": -9
    },
    "2020-12-31": {
        "Diluted EPS": -0.06,
        "Total Revenue": 21,
        "Gross Profit": 15,
        "Operating Income": -4,
        "EBIT": -3,
        "Net Income": -4
    },
    "2020-09-30": {
        "Diluted EPS": -0.1,
        "Total Revenue": 18,
        "Gross Profit": 15,
        "Operating Income": -6,
        "EBIT": -5,
        "Net Income": -6
    },
    "2020-06-30": {
        "Diluted EPS": -0.11,
        "Total Revenue": 15,
        "Gross Profit": 13,
        "Operating Income": -6,
        "EBIT": -5,
        "Net Income": -6
    },
    "2020-03-31": {
        "Diluted EPS": -0.13,
        "Total Revenue": 15,
        "Gross Profit": 12,
        "Operating Income": -8,
        "EBIT": -7,
        "Net Income": -8
    },
    "2019-12-31": {
        "Diluted EPS": -0.01,
        "Total Revenue": 19,
        "Gross Profit": 15,
        "Operating Income": -1,
        "EBIT": 0,
        "Net Income": -1
    },
    "2019-09-30": {
        "Diluted EPS": 0.01,
        "Total Revenue": 22,
        "Gross Profit": 17,
        "Operating Income": 0,
        "EBIT": 1,
        "Net Income": 0
    },
    "2019-06-30": {
        "Diluted EPS": -0.12,
        "Total Revenue": 12,
        "Gross Profit": 10,
        "Operating Income": -7,
        "EBIT": -6,
        "Net Income": -7
    },
    "2019-03-31": {
        "Diluted EPS": -0.09,
        "Total Revenue": 16,
        "Gross Profit": 11,
        "Operating Income": -5,
        "EBIT": -4,
        "Net Income": -5
    },
    "2018-12-31": {
        "Diluted EPS": 0.0,
        "Total Revenue": 16,
        "Gross Profit": 14,
        "Operating Income": -1,
        "EBIT": 0,
        "Net Income": 0
    },
    "2018-09-30": {
        "Diluted EPS": -0.04,
        "Total Revenue": 17,
        "Gross Profit": 13,
        "Operating Income": -2,
        "EBIT": -2,
        "Net Income": -2
    },
    "2018-06-30": {
        "Diluted EPS": -0.07,
        "Total Revenue": 14,
        "Gross Profit": 11,
        "Operating Income": -4,
        "EBIT": -4,
        "Net Income": -4
    },
    "2018-03-31": {
        "Diluted EPS": -0.1,
        "Total Revenue": 14,
        "Gross Profit": 10,
        "Operating Income": -5,
        "EBIT": -4,
        "Net Income": -5
    },
    "2017-12-31": {
        "Diluted EPS": 0.02,
        "Total Revenue": 22,
        "Gross Profit": 18,
        "Operating Income": 1,
        "EBIT": 1,
        "Net Income": 1
    },
    "2017-09-30": {
        "Diluted EPS": -0.21,
        "Total Revenue": 10,
        "Gross Profit": 6,
        "Operating Income": -10,
        "EBIT": -10,
        "Net Income": -10
    },
    "2017-06-30": {
        "Diluted EPS": -0.13,
        "Total Revenue": 10,
        "Gross Profit": 7,
        "Operating Income": -6,
        "EBIT": -6,
        "Net Income": -6
    },
    "2017-03-31": {
        "Diluted EPS": -0.18,
        "Total Revenue": 8,
        "Gross Profit": 5,
        "Operating Income": -7,
        "EBIT": -7,
        "Net Income": -7
    },
    "2016-12-31": {
        "Diluted EPS": -0.12,
        "Total Revenue": 10,
        "Gross Profit": 8,
        "Operating Income": -5,
        "EBIT": -5,
        "Net Income": -5
    },
    "2016-09-30": {
        "Diluted EPS": 0.03,
        "Total Revenue": 15,
        "Gross Profit": 12,
        "Operating Income": 1,
        "EBIT": 3,
        "Net Income": 1
    },
    "2016-06-30": {
        "Diluted EPS": 0.05,
        "Total Revenue": 16,
        "Gross Profit": 14,
        "Operating Income": 2,
        "EBIT": 4,
        "Net Income": 2
    },
    "2016-03-31": {
        "Diluted EPS": -0.17,
        "Total Revenue": 8,
        "Gross Profit": 6,
        "Operating Income": -7,
        "EBIT": -6,
        "Net Income": -7
    },
    "2015-12-31": {
        "Diluted EPS": -0.04,
        "Total Revenue": 12,
        "Gross Profit": 9,
        "Operating Income": -2,
        "EBIT": -1,
        "Net Income": -2
    },
    "2015-09-30": {
        "Diluted EPS": 0.13,
        "Total Revenue": 17,
        "Gross Profit": 16,
        "Operating Income": 6,
        "EBIT": 7,
        "Net Income": 5
    },
    "2015-06-30": {
        "Diluted EPS": -0.14,
        "Total Revenue": 6,
        "Gross Profit": 5,
        "Operating Income": -6,
        "EBIT": -4,
        "Net Income": -5
    },
    "2015-03-31": {
        "Diluted EPS": -0.14,
        "Total Revenue": 7,
        "Gross Profit": 5,
        "Operating Income": -6,
        "EBIT": -4,
        "Net Income": -6
    },
    "2014-12-31": {
        "Diluted EPS": 0.01,
        "Total Revenue": 14,
        "Gross Profit": 11,
        "Operating Income": 0,
        "EBIT": 2,
        "Net Income": 0
    },
    "2014-09-30": {
        "Diluted EPS": -0.12,
        "Total Revenue": 7,
        "Gross Profit": 6,
        "Operating Income": -4,
        "EBIT": -3,
        "Net Income": -5
    },
    "2014-06-30": {
        "Diluted EPS": -0.22,
        "Total Revenue": 7,
        "Gross Profit": 4,
        "Operating Income": -9,
        "EBIT": -7,
        "Net Income": -8
    },
    "2014-03-31": {
        "Diluted EPS": -0.17,
        "Total Revenue": 7,
        "Gross Profit": 5,
        "Operating Income": -6,
        "EBIT": -5,
        "Net Income": -6
    },
    "2013-12-31": {
        "Diluted EPS": -0.26,
        "Total Revenue": 10,
        "Gross Profit": 5,
        "Operating Income": -10,
        "EBIT": -7,
        "Net Income": -10
    },
    "2013-09-30": {
        "Diluted EPS": -0.24,
        "Total Revenue": 4,
        "Gross Profit": 3,
        "Operating Income": -9,
        "EBIT": -7,
        "Net Income": -9
    },
    "2013-06-30": {
        "Diluted EPS": -0.33,
        "Total Revenue": 7,
        "Gross Profit": 3,
        "Operating Income": -12,
        "EBIT": -10,
        "Net Income": -13
    },
    "2013-03-31": {
        "Diluted EPS": -0.25,
        "Total Revenue": 11,
        "Gross Profit": 6,
        "Operating Income": -10,
        "EBIT": -7,
        "Net Income": -10
    },
    "2012-12-31": {
        "Diluted EPS": -0.42,
        "Total Revenue": 8,
        "Gross Profit": 2,
        "Operating Income": -16,
        "EBIT": -13,
        "Net Income": -16
    },
    "2012-09-30": {
        "Diluted EPS": -0.06,
        "Total Revenue": 26,
        "Gross Profit": 20,
        "Operating Income": -2,
        "EBIT": 1,
        "Net Income": -2
    },
    "2012-06-30": {
        "Diluted EPS": -0.15,
        "Total Revenue": 23,
        "Gross Profit": 17,
        "Operating Income": -5,
        "EBIT": -2,
        "Net Income": -6
    },
    "2012-03-31": {
        "Diluted EPS": -0.21,
        "Total Revenue": 31,
        "Gross Profit": 18,
        "Operating Income": -7,
        "EBIT": -4,
        "Net Income": -7
    },
    "2011-12-31": {
        "Diluted EPS": -0.14,
        "Total Revenue": 33,
        "Gross Profit": 20,
        "Operating Income": -5,
        "EBIT": -2,
        "Net Income": -5
    },
    "2011-09-30": {
        "Diluted EPS": -0.08,
        "Total Revenue": 33,
        "Gross Profit": 23,
        "Operating Income": -2,
        "EBIT": 1,
        "Net Income": -3
    },
    "2011-06-30": {
        "Diluted EPS": -0.14,
        "Total Revenue": 26,
        "Gross Profit": 19,
        "Operating Income": -5,
        "EBIT": -2,
        "Net Income": -5
    },
    "2011-03-31": {
        "Diluted EPS": -0.1,
        "Total Revenue": 31,
        "Gross Profit": 19,
        "Operating Income": -3,
        "EBIT": -1,
        "Net Income": -3
    },
    "2010-12-31": {
        "Diluted EPS": 0.38,
        "Total Revenue": 30,
        "Gross Profit": 22,
        "Operating Income": 0,
        "EBIT": 2,
        "Net Income": 0
    },
    "2010-09-30": {
        "Diluted EPS": -0.08,
        "Total Revenue": 27,
        "Gross Profit": 19,
        "Operating Income": -2,
        "EBIT": 0,
        "Net Income": -3
    },
    "2010-06-30": {
        "Diluted EPS": -0.15,
        "Total Revenue": 24,
        "Gross Profit": 18,
        "Operating Income": -3,
        "EBIT": -1,
        "Net Income": -4
    },
    "2010-03-31": {
        "Diluted EPS": -0.5,
        "Total Revenue": 26,
        "Gross Profit": 20,
        "Operating Income": -1,
        "EBIT": 1,
        "Net Income": -1
    },
    "2009-12-31": {
        "Diluted EPS": -1.95,
        "Total Revenue": 24,
        "Gross Profit": 19,
        "Operating Income": -5,
        "EBIT": -3,
        "Net Income": -5
    },
    "2009-09-30": {
        "Diluted EPS": -2.35,
        "Total Revenue": 20,
        "Gross Profit": 15,
        "Operating Income": -5,
        "EBIT": -4,
        "Net Income": -6
    },
    "2009-06-30": {
        "Diluted EPS": -1.09,
        "Total Revenue": 19,
        "Gross Profit": 16,
        "Operating Income": -3,
        "EBIT": -1,
        "Net Income": -3
    },
    "2009-03-31": {
        "Diluted EPS": -2.35,
        "Total Revenue": 19,
        "Gross Profit": 16,
        "Operating Income": -6,
        "EBIT": -4,
        "Net Income": -6
    },
    "2023-06-30": {
        "Tax Effect Of Unusual Items": NaN,
        "Tax Rate For Calcs": NaN,
        "Normalized EBITDA": NaN,
        "Total Unusual Items": NaN,
        "Total Unusual Items Excluding Goodwill": NaN,
        "Net Income From Continuing Operation Net Minority Interest": NaN,
        "Reconciled Depreciation": NaN,
        "Reconciled Cost Of Revenue": NaN,
        "EBITDA": NaN,
        "EBIT": NaN,
        "Net Interest Income": NaN,
        "Interest Expense": 9000.0,
        "Interest Income": NaN,
        "Normalized Income": NaN,
        "Net Income From Continuing And Discontinued Operation": NaN,
        "Total Expenses": NaN,
        "Total Operating Income As Reported": NaN,
        "Diluted Average Shares": NaN,
        "Basic Average Shares": NaN,
        "Diluted EPS": NaN,
        "Basic EPS": NaN,
        "Diluted NI Availto Com Stockholders": NaN,
        "Net Income Common Stockholders": NaN,
        "Net Income": NaN,
        "Net Income Including Noncontrolling Interests": NaN,
        "Net Income Continuous Operations": NaN,
        "Tax Provision": NaN,
        "Pretax Income": NaN,
        "Other Income Expense": NaN,
        "Other Non Operating Income Expenses": -9000.0,
        "Special Income Charges": NaN,
        "Impairment Of Capital Assets": NaN,
        "Restructuring And Mergern Acquisition": NaN,
        "Net Non Operating Interest Income Expense": NaN,
        "Interest Expense Non Operating": 9000.0,
        "Interest Income Non Operating": NaN,
        "Operating Income": NaN,
        "Operating Expense": NaN,
        "Research And Development": NaN,
        "Selling General And Administration": NaN,
        "Gross Profit": NaN,
        "Cost Of Revenue": NaN,
        "Total Revenue": NaN,
        "Operating Revenue": NaN
    },
    "2023-09-30": {
        "Tax Effect Of Unusual Items": NaN,
        "Tax Rate For Calcs": NaN,
        "Normalized EBITDA": NaN,
        "Total Unusual Items": NaN,
        "Total Unusual Items Excluding Goodwill": NaN,
        "Net Income From Continuing Operation Net Minority Interest": NaN,
        "Reconciled Depreciation": NaN,
        "Reconciled Cost Of Revenue": NaN,
        "EBITDA": NaN,
        "EBIT": NaN,
        "Net Interest Income": NaN,
        "Interest Expense": 3895000.0,
        "Interest Income": NaN,
        "Normalized Income": NaN,
        "Net Income From Continuing And Discontinued Operation": NaN,
        "Total Expenses": NaN,
        "Total Operating Income As Reported": NaN,
        "Diluted Average Shares": 69466000.0,
        "Basic Average Shares": 69466000.0,
        "Diluted EPS": -0.5,
        "Basic EPS": -0.5,
        "Diluted NI Availto Com Stockholders": NaN,
        "Net Income Common Stockholders": NaN,
        "Net Income": NaN,
        "Net Income Including Noncontrolling Interests": NaN,
        "Net Income Continuous Operations": NaN,
        "Tax Provision": NaN,
        "Pretax Income": NaN,
        "Other Income Expense": -13124000.0,
        "Other Non Operating Income Expenses": -3895000.0,
        "Special Income Charges": NaN,
        "Impairment Of Capital Assets": 9984000.0,
        "Restructuring And Mergern Acquisition": NaN,
        "Net Non Operating Interest Income Expense": NaN,
        "Interest Expense Non Operating": 3895000.0,
        "Interest Income Non Operating": NaN,
        "Operating Income": NaN,
        "Operating Expense": NaN,
        "Research And Development": NaN,
        "Selling General And Administration": NaN,
        "Gross Profit": NaN,
        "Cost Of Revenue": NaN,
        "Total Revenue": NaN,
        "Operating Revenue": NaN
    },
    "2023-12-31": {
        "Tax Effect Of Unusual Items": 0.0,
        "Tax Rate For Calcs": 0.21,
        "Normalized EBITDA": 2255000.0,
        "Total Unusual Items": 0.0,
        "Total Unusual Items Excluding Goodwill": 0.0,
        "Net Income From Continuing Operation Net Minority Interest": -7192000.0,
        "Reconciled Depreciation": 1974000.0,
        "Reconciled Cost Of Revenue": 2862000.0,
        "EBITDA": 2255000.0,
        "EBIT": 281000.0,
        "Net Interest Income": 906000.0,
        "Interest Expense": NaN,
        "Interest Income": 906000.0,
        "Normalized Income": -7192000.0,
        "Net Income From Continuing And Discontinued Operation": -7192000.0,
        "Total Expenses": 26280000.0,
        "Total Operating Income As Reported": 281000.0,
        "Diluted Average Shares": NaN,
        "Basic Average Shares": NaN,
        "Diluted EPS": NaN,
        "Basic EPS": NaN,
        "Diluted NI Availto Com Stockholders": -7192000.0,
        "Net Income Common Stockholders": -7192000.0,
        "Net Income": -7192000.0,
        "Net Income Including Noncontrolling Interests": -7192000.0,
        "Net Income Continuous Operations": -7192000.0,
        "Tax Provision": 35000.0,
        "Pretax Income": -7157000.0,
        "Other Income Expense": -8344000.0,
        "Other Non Operating Income Expenses": -8344000.0,
        "Special Income Charges": 0.0,
        "Impairment Of Capital Assets": 0.0,
        "Restructuring And Mergern Acquisition": 0.0,
        "Net Non Operating Interest Income Expense": 906000.0,
        "Interest Expense Non Operating": NaN,
        "Interest Income Non Operating": 906000.0,
        "Operating Income": 281000.0,
        "Operating Expense": 23418000.0,
        "Research And Development": 11234000.0,
        "Selling General And Administration": 12184000.0,
        "Gross Profit": 23699000.0,
        "Cost Of Revenue": 2862000.0,
        "Total Revenue": 26561000.0,
        "Operating Revenue": 26561000.0
    },
    "2024-03-31": {
        "Tax Effect Of Unusual Items": 0.0,
        "Tax Rate For Calcs": 0.21,
        "Normalized EBITDA": -9863000.0,
        "Total Unusual Items": 0.0,
        "Total Unusual Items Excluding Goodwill": 0.0,
        "Net Income From Continuing Operation Net Minority Interest": -11505000.0,
        "Reconciled Depreciation": 2025000.0,
        "Reconciled Cost Of Revenue": 4855000.0,
        "EBITDA": -9863000.0,
        "EBIT": -11888000.0,
        "Net Interest Income": 909000.0,
        "Interest Expense": NaN,
        "Interest Income": 909000.0,
        "Normalized Income": -11505000.0,
        "Net Income From Continuing And Discontinued Operation": -11505000.0,
        "Total Expenses": 28961000.0,
        "Total Operating Income As Reported": -11888000.0,
        "Diluted Average Shares": 69854000.0,
        "Basic Average Shares": 69854000.0,
        "Diluted EPS": -0.16,
        "Basic EPS": -0.16,
        "Diluted NI Availto Com Stockholders": -11505000.0,
        "Net Income Common Stockholders": -11505000.0,
        "Net Income": -11505000.0,
        "Net Income Including Noncontrolling Interests": -11505000.0,
        "Net Income Continuous Operations": -11505000.0,
        "Tax Provision": 10000.0,
        "Pretax Income": -11495000.0,
        "Other Income Expense": -516000.0,
        "Other Non Operating Income Expenses": -516000.0,
        "Special Income Charges": 0.0,
        "Impairment Of Capital Assets": NaN,
        "Restructuring And Mergern Acquisition": 0.0,
        "Net Non Operating Interest Income Expense": 909000.0,
        "Interest Expense Non Operating": NaN,
        "Interest Income Non Operating": 909000.0,
        "Operating Income": -11888000.0,
        "Operating Expense": 24106000.0,
        "Research And Development": 11246000.0,
        "Selling General And Administration": 12860000.0,
        "Gross Profit": 12218000.0,
        "Cost Of Revenue": 4855000.0,
        "Total Revenue": 17073000.0,
        "Operating Revenue": 17073000.0
    },
    "2024-06-30": {
        "Tax Effect Of Unusual Items": -34650.0,
        "Tax Rate For Calcs": 0.21,
        "Normalized EBITDA": -19543000.0,
        "Total Unusual Items": -165000.0,
        "Total Unusual Items Excluding Goodwill": -165000.0,
        "Net Income From Continuing Operation Net Minority Interest": -22755000.0,
        "Reconciled Depreciation": 2052000.0,
        "Reconciled Cost Of Revenue": 3462000.0,
        "EBITDA": -19708000.0,
        "EBIT": -21760000.0,
        "Net Interest Income": -13000.0,
        "Interest Expense": 985000.0,
        "Interest Income": 972000.0,
        "Normalized Income": -22624650.0,
        "Net Income From Continuing And Discontinued Operation": -22755000.0,
        "Total Expenses": 30546000.0,
        "Total Operating Income As Reported": -22732000.0,
        "Diluted Average Shares": 70376000.0,
        "Basic Average Shares": 70376000.0,
        "Diluted EPS": -0.32,
        "Basic EPS": -0.32,
        "Diluted NI Availto Com Stockholders": -22755000.0,
        "Net Income Common Stockholders": -22755000.0,
        "Net Income": -22755000.0,
        "Net Income Including Noncontrolling Interests": -22755000.0,
        "Net Income Continuous Operations": -22755000.0,
        "Tax Provision": 10000.0,
        "Pretax Income": -22745000.0,
        "Other Income Expense": -165000.0,
        "Other Non Operating Income Expenses": NaN,
        "Special Income Charges": -165000.0,
        "Impairment Of Capital Assets": 165000.0,
        "Restructuring And Mergern Acquisition": 0.0,
        "Net Non Operating Interest Income Expense": -13000.0,
        "Interest Expense Non Operating": 985000.0,
        "Interest Income Non Operating": 972000.0,
        "Operating Income": -22567000.0,
        "Operating Expense": 27084000.0,
        "Research And Development": 11413000.0,
        "Selling General And Administration": 15671000.0,
        "Gross Profit": 4517000.0,
        "Cost Of Revenue": 3462000.0,
        "Total Revenue": 7979000.0,
        "Operating Revenue": 7979000.0
    },
    "2024-09-30": {
        "Tax Effect Of Unusual Items": 0.0,
        "Tax Rate For Calcs": 0.21,
        "Normalized EBITDA": -13684000.0,
        "Total Unusual Items": 0.0,
        "Total Unusual Items Excluding Goodwill": 0.0,
        "Net Income From Continuing Operation Net Minority Interest": -20640000.0,
        "Reconciled Depreciation": 2024000.0,
        "Reconciled Cost Of Revenue": 4317000.0,
        "EBITDA": -13684000.0,
        "EBIT": -15708000.0,
        "Net Interest Income": -4073000.0,
        "Interest Expense": 4922000.0,
        "Interest Income": 849000.0,
        "Normalized Income": -20640000.0,
        "Net Income From Continuing And Discontinued Operation": -20640000.0,
        "Total Expenses": 29390000.0,
        "Total Operating Income As Reported": -16557000.0,
        "Diluted Average Shares": 72032000.0,
        "Basic Average Shares": 72032000.0,
        "Diluted EPS": -0.29,
        "Basic EPS": -0.29,
        "Diluted NI Availto Com Stockholders": -20640000.0,
        "Net Income Common Stockholders": -20640000.0,
        "Net Income": -20640000.0,
        "Net Income Including Noncontrolling Interests": -20640000.0,
        "Net Income Continuous Operations": -20640000.0,
        "Tax Provision": 10000.0,
        "Pretax Income": -20630000.0,
        "Other Income Expense": NaN,
        "Other Non Operating Income Expenses": NaN,
        "Special Income Charges": 0.0,
        "Impairment Of Capital Assets": 0.0,
        "Restructuring And Mergern Acquisition": 0.0,
        "Net Non Operating Interest Income Expense": -4073000.0,
        "Interest Expense Non Operating": 4922000.0,
        "Interest Income Non Operating": 849000.0,
        "Operating Income": -16557000.0,
        "Operating Expense": 25073000.0,
        "Research And Development": 11505000.0,
        "Selling General And Administration": 13568000.0,
        "Gross Profit": 8516000.0,
        "Cost Of Revenue": 4317000.0,
        "Total Revenue": 12833000.0,
        "Operating Revenue": 12833000.0
    },
    "2024-12-31": {
        "Tax Effect Of Unusual Items": 0.0,
        "Tax Rate For Calcs": 0.21,
        "Normalized EBITDA": -9906000.0,
        "Total Unusual Items": 0.0,
        "Total Unusual Items Excluding Goodwill": 0.0,
        "Net Income From Continuing Operation Net Minority Interest": -10376000.0,
        "Reconciled Depreciation": -1155000.0,
        "Reconciled Cost Of Revenue": 3654000.0,
        "EBITDA": -9906000.0,
        "EBIT": -9906000.0,
        "Net Interest Income": 7361000.0,
        "Interest Expense": NaN,
        "Interest Income": 940000.0,
        "Normalized Income": -10376000.0,
        "Net Income From Continuing And Discontinued Operation": -10376000.0,
        "Total Expenses": 28801000.0,
        "Total Operating Income As Reported": -7341000.0,
        "Diluted Average Shares": 81300000.0,
        "Basic Average Shares": 81300000.0,
        "Diluted EPS": -0.13,
        "Basic EPS": -0.13,
        "Diluted NI Availto Com Stockholders": -10376000.0,
        "Net Income Common Stockholders": -10376000.0,
        "Net Income": -10376000.0,
        "Net Income Including Noncontrolling Interests": -10376000.0,
        "Net Income Continuous Operations": -10376000.0,
        "Tax Provision": 3000.0,
        "Pretax Income": -10373000.0,
        "Other Income Expense": -10393000.0,
        "Other Non Operating Income Expenses": NaN,
        "Special Income Charges": 0.0,
        "Impairment Of Capital Assets": 0.0,
        "Restructuring And Mergern Acquisition": 0.0,
        "Net Non Operating Interest Income Expense": 7361000.0,
        "Interest Expense Non Operating": NaN,
        "Interest Income Non Operating": 940000.0,
        "Operating Income": -7341000.0,
        "Operating Expense": 25147000.0,
        "Research And Development": 12099000.0,
        "Selling General And Administration": 13048000.0,
        "Gross Profit": 17806000.0,
        "Cost Of Revenue": 3654000.0,
        "Total Revenue": 21460000.0,
        "Operating Revenue": 21460000.0
    }
}