{
    "2023-03-31": {
        "Tax Effect Of Unusual Items": NaN,
        "Tax Rate For Calcs": NaN,
        "Normalized EBITDA": NaN,
        "Total Unusual Items": NaN,
        "Total Unusual Items Excluding Goodwill": NaN,
        "Net Income From Continuing Operation Net Minority Interest": NaN,
        "Reconciled Depreciation": NaN,
        "Reconciled Cost Of Revenue": NaN,
        "EBITDA": NaN,
        "EBIT": NaN,
        "Net Interest Income": NaN,
        "Interest Expense": NaN,
        "Normalized Income": NaN,
        "Net Income From Continuing And Discontinued Operation": NaN,
        "Total Expenses": NaN,
        "Total Operating Income As Reported": NaN,
        "Diluted Average Shares": 35198668.0,
        "Basic Average Shares": 34441905.0,
        "Diluted EPS": 0.06,
        "Basic EPS": 0.06,
        "Diluted NI Availto Com Stockholders": NaN,
        "Net Income Common Stockholders": NaN,
        "Net Income": NaN,
        "Minority Interests": NaN,
        "Net Income Including Noncontrolling Interests": NaN,
        "Net Income Continuous Operations": NaN,
        "Tax Provision": NaN,
        "Pretax Income": NaN,
        "Other Income Expense": NaN,
        "Other Non Operating Income Expenses": NaN,
        "Special Income Charges": NaN,
        "Other Special Charges": NaN,
        "Restructuring And Mergern Acquisition": NaN,
        "Net Non Operating Interest Income Expense": NaN,
        "Interest Expense Non Operating": NaN,
        "Operating Income": NaN,
        "Operating Expense": NaN,
        "Depreciation Amortization Depletion Income Statement": NaN,
        "Depreciation And Amortization In Income Statement": NaN,
        "Amortization": NaN,
        "Amortization Of Intangibles Income Statement": NaN,
        "Selling General And Administration": NaN,
        "Gross Profit": NaN,
        "Cost Of Revenue": NaN,
        "Total Revenue": NaN,
        "Operating Revenue": NaN
    },
    "2022-12-31": {
        "Tax Effect Of Unusual Items": NaN,
        "Tax Rate For Calcs": NaN,
        "Normalized EBITDA": NaN,
        "Total Unusual Items": NaN,
        "Total Unusual Items Excluding Goodwill": NaN,
        "Net Income From Continuing Operation Net Minority Interest": NaN,
        "Reconciled Depreciation": NaN,
        "Reconciled Cost Of Revenue": NaN,
        "EBITDA": NaN,
        "EBIT": NaN,
        "Net Interest Income": NaN,
        "Interest Expense": NaN,
        "Normalized Income": NaN,
        "Net Income From Continuing And Discontinued Operation": NaN,
        "Total Expenses": NaN,
        "Total Operating Income As Reported": NaN,
        "Diluted Average Shares": NaN,
        "Basic Average Shares": NaN,
        "Diluted EPS": NaN,
        "Basic EPS": NaN,
        "Diluted NI Availto Com Stockholders": NaN,
        "Net Income Common Stockholders": NaN,
        "Net Income": NaN,
        "Minority Interests": NaN,
        "Net Income Including Noncontrolling Interests": NaN,
        "Net Income Continuous Operations": NaN,
        "Tax Provision": NaN,
        "Pretax Income": NaN,
        "Other Income Expense": NaN,
        "Other Non Operating Income Expenses": NaN,
        "Special Income Charges": NaN,
        "Other Special Charges": 0.0,
        "Restructuring And Mergern Acquisition": NaN,
        "Net Non Operating Interest Income Expense": NaN,
        "Interest Expense Non Operating": NaN,
        "Operating Income": NaN,
        "Operating Expense": NaN,
        "Depreciation Amortization Depletion Income Statement": NaN,
        "Depreciation And Amortization In Income Statement": NaN,
        "Amortization": NaN,
        "Amortization Of Intangibles Income Statement": NaN,
        "Selling General And Administration": NaN,
        "Gross Profit": NaN,
        "Cost Of Revenue": NaN,
        "Total Revenue": NaN,
        "Operating Revenue": NaN
    },
    "2022-09-30": {
        "Tax Effect Of Unusual Items": NaN,
        "Tax Rate For Calcs": NaN,
        "Normalized EBITDA": NaN,
        "Total Unusual Items": NaN,
        "Total Unusual Items Excluding Goodwill": NaN,
        "Net Income From Continuing Operation Net Minority Interest": NaN,
        "Reconciled Depreciation": NaN,
        "Reconciled Cost Of Revenue": NaN,
        "EBITDA": NaN,
        "EBIT": NaN,
        "Net Interest Income": NaN,
        "Interest Expense": NaN,
        "Normalized Income": NaN,
        "Net Income From Continuing And Discontinued Operation": NaN,
        "Total Expenses": NaN,
        "Total Operating Income As Reported": NaN,
        "Diluted Average Shares": NaN,
        "Basic Average Shares": NaN,
        "Diluted EPS": NaN,
        "Basic EPS": NaN,
        "Diluted NI Availto Com Stockholders": NaN,
        "Net Income Common Stockholders": NaN,
        "Net Income": NaN,
        "Minority Interests": NaN,
        "Net Income Including Noncontrolling Interests": NaN,
        "Net Income Continuous Operations": NaN,
        "Tax Provision": NaN,
        "Pretax Income": NaN,
        "Other Income Expense": NaN,
        "Other Non Operating Income Expenses": NaN,
        "Special Income Charges": NaN,
        "Other Special Charges": 1161000.0,
        "Restructuring And Mergern Acquisition": NaN,
        "Net Non Operating Interest Income Expense": NaN,
        "Interest Expense Non Operating": NaN,
        "Operating Income": NaN,
        "Operating Expense": NaN,
        "Depreciation Amortization Depletion Income Statement": NaN,
        "Depreciation And Amortization In Income Statement": NaN,
        "Amortization": NaN,
        "Amortization Of Intangibles Income Statement": NaN,
        "Selling General And Administration": NaN,
        "Gross Profit": NaN,
        "Cost Of Revenue": NaN,
        "Total Revenue": NaN,
        "Operating Revenue": NaN
    },
    "2022-06-30": {
        "Tax Effect Of Unusual Items": -421212.029162,
        "Tax Rate For Calcs": 0.282503,
        "Normalized EBITDA": 10623000.0,
        "Total Unusual Items": -1491000.0,
        "Total Unusual Items Excluding Goodwill": -1491000.0,
        "Net Income From Continuing Operation Net Minority Interest": 4385000.0,
        "Reconciled Depreciation": 1450000.0,
        "Reconciled Cost Of Revenue": 73700000.0,
        "EBITDA": 9132000.0,
        "EBIT": 7682000.0,
        "Net Interest Income": -1098000.0,
        "Interest Expense": 1098000.0,
        "Normalized Income": 5454787.970838,
        "Net Income From Continuing And Discontinued Operation": 4385000.0,
        "Total Expenses": 98138000.0,
        "Total Operating Income As Reported": 5746000.0,
        "Diluted Average Shares": 35041152.0,
        "Basic Average Shares": 34873238.0,
        "Diluted EPS": 0.13,
        "Basic EPS": 0.13,
        "Diluted NI Availto Com Stockholders": 4385000.0,
        "Net Income Common Stockholders": 4385000.0,
        "Net Income": 4385000.0,
        "Minority Interests": -339000.0,
        "Net Income Including Noncontrolling Interests": 4724000.0,
        "Net Income Continuous Operations": 4724000.0,
        "Tax Provision": 1860000.0,
        "Pretax Income": 6584000.0,
        "Other Income Expense": 445000.0,
        "Other Non Operating Income Expenses": 1936000.0,
        "Special Income Charges": -1491000.0,
        "Other Special Charges": NaN,
        "Restructuring And Mergern Acquisition": 1491000.0,
        "Net Non Operating Interest Income Expense": -1098000.0,
        "Interest Expense Non Operating": 1098000.0,
        "Operating Income": 7237000.0,
        "Operating Expense": 24438000.0,
        "Depreciation Amortization Depletion Income Statement": 1450000.0,
        "Depreciation And Amortization In Income Statement": 1450000.0,
        "Amortization": 1450000.0,
        "Amortization Of Intangibles Income Statement": 1450000.0,
        "Selling General And Administration": 22988000.0,
        "Gross Profit": 31675000.0,
        "Cost Of Revenue": 73700000.0,
        "Total Revenue": 105375000.0,
        "Operating Revenue": 105375000.0
    },
    "2022-03-31": {
        "Diluted EPS": 0.08,
        "Total Revenue": 92,
        "Gross Profit": 26,
        "Operating Income": 5,
        "EBIT": 8,
        "Net Income": 3
    },
    "2021-12-31": {
        "Diluted EPS": 0.04,
        "Total Revenue": 94,
        "Gross Profit": 29,
        "Operating Income": 5,
        "EBIT": 8,
        "Net Income": 1
    },
    "2021-09-30": {
        "Diluted EPS": -0.04,
        "Total Revenue": 80,
        "Gross Profit": 23,
        "Operating Income": -1,
        "EBIT": 2,
        "Net Income": -1
    },
    "2021-06-30": {
        "Diluted EPS": 0.01,
        "Total Revenue": 79,
        "Gross Profit": 25,
        "Operating Income": 2,
        "EBIT": 5,
        "Net Income": 0
    },
    "2021-03-31": {
        "Diluted EPS": 0.03,
        "Total Revenue": 72,
        "Gross Profit": 24,
        "Operating Income": 3,
        "EBIT": 6,
        "Net Income": 1
    },
    "2020-12-31": {
        "Diluted EPS": 0.05,
        "Total Revenue": 83,
        "Gross Profit": 26,
        "Operating Income": 4,
        "EBIT": 7,
        "Net Income": 2
    },
    "2020-09-30": {
        "Diluted EPS": -0.01,
        "Total Revenue": 77,
        "Gross Profit": 25,
        "Operating Income": 1,
        "EBIT": 4,
        "Net Income": 0
    },
    "2020-06-30": {
        "Diluted EPS": 0.09,
        "Total Revenue": 75,
        "Gross Profit": 26,
        "Operating Income": 4,
        "EBIT": 7,
        "Net Income": 3
    },
    "2020-03-31": {
        "Diluted EPS": 0.1,
        "Total Revenue": 80,
        "Gross Profit": 28,
        "Operating Income": 4,
        "EBIT": 7,
        "Net Income": 3
    },
    "2019-12-31": {
        "Diluted EPS": 0.25,
        "Total Revenue": 89,
        "Gross Profit": 30,
        "Operating Income": 7,
        "EBIT": 10,
        "Net Income": 8
    },
    "2019-09-30": {
        "Diluted EPS": 0.05,
        "Total Revenue": 85,
        "Gross Profit": 29,
        "Operating Income": 4,
        "EBIT": 7,
        "Net Income": 2
    },
    "2019-06-30": {
        "Diluted EPS": 0.15,
        "Total Revenue": 81,
        "Gross Profit": 27,
        "Operating Income": 2,
        "EBIT": 5,
        "Net Income": 6
    },
    "2019-03-31": {
        "Diluted EPS": 0.05,
        "Total Revenue": 86,
        "Gross Profit": 28,
        "Operating Income": 5,
        "EBIT": 8,
        "Net Income": 2
    },
    "2018-12-31": {
        "Diluted EPS": 0.02,
        "Total Revenue": 94,
        "Gross Profit": 30,
        "Operating Income": 6,
        "EBIT": 9,
        "Net Income": 1
    },
    "2018-09-30": {
        "Diluted EPS": -0.37,
        "Total Revenue": 88,
        "Gross Profit": 29,
        "Operating Income": -10,
        "EBIT": -7,
        "Net Income": -13
    },
    "2018-06-30": {
        "Diluted EPS": -0.03,
        "Total Revenue": 81,
        "Gross Profit": 27,
        "Operating Income": 3,
        "EBIT": 6,
        "Net Income": -1
    },
    "2018-03-31": {
        "Diluted EPS": 0.17,
        "Total Revenue": 74,
        "Gross Profit": 26,
        "Operating Income": 12,
        "EBIT": 16,
        "Net Income": 6
    },
    "2017-12-31": {
        "Diluted EPS": -0.34,
        "Total Revenue": 74,
        "Gross Profit": 26,
        "Operating Income": -8,
        "EBIT": 4,
        "Net Income": -12
    },
    "2017-09-30": {
        "Diluted EPS": 0.09,
        "Total Revenue": 85,
        "Gross Profit": 27,
        "Operating Income": 6,
        "EBIT": 10,
        "Net Income": 3
    },
    "2017-06-30": {
        "Diluted EPS": 0.16,
        "Total Revenue": 94,
        "Gross Profit": 28,
        "Operating Income": 9,
        "EBIT": 13,
        "Net Income": 5
    },
    "2017-03-31": {
        "Diluted EPS": 0.0,
        "Total Revenue": 93,
        "Gross Profit": 32,
        "Operating Income": 1,
        "EBIT": 5,
        "Net Income": 0
    },
    "2016-12-31": {
        "Diluted EPS": -1.5,
        "Total Revenue": 100,
        "Gross Profit": 36,
        "Operating Income": -50,
        "EBIT": 11,
        "Net Income": -51
    },
    "2016-09-30": {
        "Diluted EPS": 0.17,
        "Total Revenue": 102,
        "Gross Profit": 34,
        "Operating Income": 10,
        "EBIT": 15,
        "Net Income": 6
    },
    "2016-06-30": {
        "Diluted EPS": 0.12,
        "Total Revenue": 112,
        "Gross Profit": 34,
        "Operating Income": 9,
        "EBIT": 14,
        "Net Income": 4
    },
    "2016-03-31": {
        "Diluted EPS": 0.09,
        "Total Revenue": 103,
        "Gross Profit": 32,
        "Operating Income": 6,
        "EBIT": 11,
        "Net Income": 3
    },
    "2015-12-31": {
        "Diluted EPS": -0.11,
        "Total Revenue": 101,
        "Gross Profit": 31,
        "Operating Income": 0,
        "EBIT": 8,
        "Net Income": -3
    },
    "2015-09-30": {
        "Diluted EPS": -0.17,
        "Total Revenue": 98,
        "Gross Profit": 31,
        "Operating Income": -2,
        "EBIT": 2,
        "Net Income": -5
    },
    "2015-06-30": {
        "Diluted EPS": 0.08,
        "Total Revenue": 87,
        "Gross Profit": 27,
        "Operating Income": 4,
        "EBIT": 8,
        "Net Income": 2
    },
    "2015-03-31": {
        "Diluted EPS": 0.01,
        "Total Revenue": 81,
        "Gross Profit": 21,
        "Operating Income": 3,
        "EBIT": 6,
        "Net Income": 0
    },
    "2014-12-31": {
        "Diluted EPS": 0.07,
        "Total Revenue": 76,
        "Gross Profit": 23,
        "Operating Income": 4,
        "EBIT": 7,
        "Net Income": 2
    },
    "2014-09-30": {
        "Diluted EPS": 0.14,
        "Total Revenue": 63,
        "Gross Profit": 21,
        "Operating Income": 5,
        "EBIT": 8,
        "Net Income": 4
    },
    "2014-06-30": {
        "Diluted EPS": 0.17,
        "Total Revenue": 67,
        "Gross Profit": 21,
        "Operating Income": 7,
        "EBIT": 10,
        "Net Income": 4
    },
    "2014-03-31": {
        "Diluted EPS": 0.12,
        "Total Revenue": 57,
        "Gross Profit": 20,
        "Operating Income": 5,
        "EBIT": 8,
        "Net Income": 3
    },
    "2013-12-31": {
        "Diluted EPS": 0.1,
        "Total Revenue": 69,
        "Gross Profit": 22,
        "Operating Income": 4,
        "EBIT": 7,
        "Net Income": 3
    },
    "2013-09-30": {
        "Diluted EPS": -0.07,
        "Total Revenue": 50,
        "Gross Profit": 15,
        "Operating Income": -3,
        "EBIT": -1,
        "Net Income": -1
    },
    "2013-06-30": {
        "Diluted EPS": 0.17,
        "Total Revenue": 44,
        "Gross Profit": 14,
        "Operating Income": 3,
        "EBIT": 4,
        "Net Income": 3
    },
    "2013-03-31": {
        "Diluted EPS": 0.12,
        "Total Revenue": 34,
        "Gross Profit": 11,
        "Operating Income": 3,
        "EBIT": 4,
        "Net Income": 2
    },
    "2012-12-31": {
        "Diluted EPS": 0.19,
        "Total Revenue": 34,
        "Gross Profit": 11,
        "Operating Income": 4,
        "EBIT": 5,
        "Net Income": 3
    },
    "2012-09-30": {
        "Diluted EPS": 0.19,
        "Total Revenue": 33,
        "Gross Profit": 11,
        "Operating Income": 4,
        "EBIT": 5,
        "Net Income": 3
    },
    "2012-06-30": {
        "Diluted EPS": 0.15,
        "Total Revenue": 35,
        "Gross Profit": 11,
        "Operating Income": 4,
        "EBIT": 5,
        "Net Income": 2
    },
    "2012-03-31": {
        "Diluted EPS": 0.12,
        "Total Revenue": 33,
        "Gross Profit": 10,
        "Operating Income": 4,
        "EBIT": 4,
        "Net Income": 2
    },
    "2011-12-31": {
        "Diluted EPS": 0.17,
        "Total Revenue": 38,
        "Gross Profit": 11,
        "Operating Income": 4,
        "EBIT": 4,
        "Net Income": 3
    },
    "2011-09-30": {
        "Diluted EPS": 0.14,
        "Total Revenue": 33,
        "Gross Profit": 10,
        "Operating Income": 3,
        "EBIT": 4,
        "Net Income": 2
    },
    "2011-06-30": {
        "Diluted EPS": 0.12,
        "Total Revenue": 33,
        "Gross Profit": 9,
        "Operating Income": 3,
        "EBIT": 3,
        "Net Income": 2
    },
    "2011-03-31": {
        "Diluted EPS": 0.08,
        "Total Revenue": 36,
        "Gross Profit": 8,
        "Operating Income": 2,
        "EBIT": 3,
        "Net Income": 1
    },
    "2010-12-31": {
        "Diluted EPS": 0.05,
        "Total Revenue": 37,
        "Gross Profit": 9,
        "Operating Income": 1,
        "EBIT": 2,
        "Net Income": 1
    },
    "2010-09-30": {
        "Diluted EPS": 0.05,
        "Total Revenue": 34,
        "Gross Profit": 8,
        "Operating Income": 2,
        "EBIT": 2,
        "Net Income": 1
    },
    "2010-06-30": {
        "Diluted EPS": 0.04,
        "Total Revenue": 35,
        "Gross Profit": 8,
        "Operating Income": 1,
        "EBIT": 2,
        "Net Income": 1
    },
    "2010-03-31": {
        "Diluted EPS": 0.01,
        "Total Revenue": 35,
        "Gross Profit": 8,
        "Operating Income": 1,
        "EBIT": 1,
        "Net Income": 0
    },
    "2009-12-31": {
        "Diluted EPS": -1.0,
        "Total Revenue": 37,
        "Gross Profit": 8,
        "Operating Income": -17,
        "EBIT": 1,
        "Net Income": -14
    },
    "2009-09-30": {
        "Diluted EPS": -0.05,
        "Total Revenue": 32,
        "Gross Profit": 7,
        "Operating Income": 0,
        "EBIT": 0,
        "Net Income": -1
    },
    "2009-06-30": {
        "Diluted EPS": -0.04,
        "Total Revenue": 32,
        "Gross Profit": 8,
        "Operating Income": 0,
        "EBIT": 0,
        "Net Income": -1
    },
    "2009-03-31": {
        "Diluted EPS": 0.03,
        "Total Revenue": 38,
        "Gross Profit": 9,
        "Operating Income": 1,
        "EBIT": 2,
        "Net Income": 0
    },
    "2023-06-30": {
        "Tax Effect Of Unusual Items": NaN,
        "Tax Rate For Calcs": NaN,
        "Normalized EBITDA": NaN,
        "Total Unusual Items": NaN,
        "Total Unusual Items Excluding Goodwill": NaN,
        "Net Income From Continuing Operation Net Minority Interest": NaN,
        "Reconciled Depreciation": NaN,
        "Reconciled Cost Of Revenue": NaN,
        "EBITDA": NaN,
        "EBIT": NaN,
        "Net Interest Income": NaN,
        "Interest Expense": NaN,
        "Normalized Income": NaN,
        "Net Income From Continuing And Discontinued Operation": NaN,
        "Total Expenses": NaN,
        "Total Operating Income As Reported": NaN,
        "Diluted Average Shares": 35143782.0,
        "Basic Average Shares": 34619216.0,
        "Diluted EPS": 0.11,
        "Basic EPS": 0.11,
        "Diluted NI Availto Com Stockholders": NaN,
        "Net Income Common Stockholders": NaN,
        "Net Income": NaN,
        "Minority Interests": NaN,
        "Net Income Including Noncontrolling Interests": NaN,
        "Net Income Continuous Operations": NaN,
        "Tax Provision": NaN,
        "Pretax Income": NaN,
        "Other Income Expense": NaN,
        "Other Non Operating Income Expenses": NaN,
        "Special Income Charges": NaN,
        "Other Special Charges": 158000.0,
        "Restructuring And Mergern Acquisition": NaN,
        "Net Non Operating Interest Income Expense": NaN,
        "Interest Expense Non Operating": NaN,
        "Operating Income": NaN,
        "Operating Expense": NaN,
        "Depreciation Amortization Depletion Income Statement": NaN,
        "Depreciation And Amortization In Income Statement": NaN,
        "Amortization": NaN,
        "Amortization Of Intangibles Income Statement": NaN,
        "Selling General And Administration": NaN,
        "Gross Profit": NaN,
        "Cost Of Revenue": NaN,
        "Total Revenue": NaN,
        "Operating Revenue": NaN
    },
    "2023-09-30": {
        "Tax Effect Of Unusual Items": NaN,
        "Tax Rate For Calcs": NaN,
        "Normalized EBITDA": NaN,
        "Total Unusual Items": NaN,
        "Total Unusual Items Excluding Goodwill": NaN,
        "Net Income From Continuing Operation Net Minority Interest": NaN,
        "Reconciled Depreciation": NaN,
        "Reconciled Cost Of Revenue": NaN,
        "EBITDA": NaN,
        "EBIT": NaN,
        "Net Interest Income": NaN,
        "Interest Expense": NaN,
        "Normalized Income": NaN,
        "Net Income From Continuing And Discontinued Operation": NaN,
        "Total Expenses": NaN,
        "Total Operating Income As Reported": NaN,
        "Diluted Average Shares": NaN,
        "Basic Average Shares": NaN,
        "Diluted EPS": NaN,
        "Basic EPS": NaN,
        "Diluted NI Availto Com Stockholders": NaN,
        "Net Income Common Stockholders": NaN,
        "Net Income": NaN,
        "Minority Interests": NaN,
        "Net Income Including Noncontrolling Interests": NaN,
        "Net Income Continuous Operations": NaN,
        "Tax Provision": NaN,
        "Pretax Income": NaN,
        "Other Income Expense": NaN,
        "Other Non Operating Income Expenses": NaN,
        "Special Income Charges": NaN,
        "Gain On Sale Of Business": NaN,
        "Other Special Charges": 1258000.0,
        "Restructuring And Mergern Acquisition": NaN,
        "Net Non Operating Interest Income Expense": NaN,
        "Interest Expense Non Operating": NaN,
        "Operating Income": NaN,
        "Operating Expense": NaN,
        "Other Operating Expenses": NaN,
        "Depreciation Amortization Depletion Income Statement": NaN,
        "Depreciation And Amortization In Income Statement": NaN,
        "Amortization": NaN,
        "Amortization Of Intangibles Income Statement": NaN,
        "Selling General And Administration": NaN,
        "Gross Profit": NaN,
        "Cost Of Revenue": NaN,
        "Total Revenue": NaN,
        "Operating Revenue": NaN
    },
    "2023-12-31": {
        "Tax Effect Of Unusual Items": NaN,
        "Tax Rate For Calcs": NaN,
        "Normalized EBITDA": NaN,
        "Total Unusual Items": NaN,
        "Total Unusual Items Excluding Goodwill": NaN,
        "Net Income From Continuing Operation Net Minority Interest": NaN,
        "Reconciled Depreciation": NaN,
        "Reconciled Cost Of Revenue": NaN,
        "EBITDA": NaN,
        "EBIT": NaN,
        "Net Interest Income": NaN,
        "Interest Expense": NaN,
        "Normalized Income": NaN,
        "Net Income From Continuing And Discontinued Operation": NaN,
        "Total Expenses": NaN,
        "Total Operating Income As Reported": NaN,
        "Diluted Average Shares": NaN,
        "Basic Average Shares": NaN,
        "Diluted EPS": NaN,
        "Basic EPS": NaN,
        "Diluted NI Availto Com Stockholders": NaN,
        "Net Income Common Stockholders": NaN,
        "Net Income": NaN,
        "Minority Interests": NaN,
        "Net Income Including Noncontrolling Interests": NaN,
        "Net Income Continuous Operations": NaN,
        "Tax Provision": NaN,
        "Pretax Income": NaN,
        "Other Income Expense": NaN,
        "Other Non Operating Income Expenses": NaN,
        "Special Income Charges": NaN,
        "Gain On Sale Of Business": NaN,
        "Other Special Charges": 48000.0,
        "Restructuring And Mergern Acquisition": NaN,
        "Net Non Operating Interest Income Expense": NaN,
        "Interest Expense Non Operating": NaN,
        "Operating Income": NaN,
        "Operating Expense": NaN,
        "Other Operating Expenses": NaN,
        "Depreciation Amortization Depletion Income Statement": NaN,
        "Depreciation And Amortization In Income Statement": NaN,
        "Amortization": NaN,
        "Amortization Of Intangibles Income Statement": NaN,
        "Selling General And Administration": NaN,
        "Gross Profit": NaN,
        "Cost Of Revenue": NaN,
        "Total Revenue": NaN,
        "Operating Revenue": NaN
    },
    "2024-03-31": {
        "Tax Effect Of Unusual Items": NaN,
        "Tax Rate For Calcs": NaN,
        "Normalized EBITDA": NaN,
        "Total Unusual Items": NaN,
        "Total Unusual Items Excluding Goodwill": NaN,
        "Net Income From Continuing Operation Net Minority Interest": NaN,
        "Reconciled Depreciation": NaN,
        "Reconciled Cost Of Revenue": NaN,
        "EBITDA": NaN,
        "EBIT": NaN,
        "Net Interest Income": NaN,
        "Interest Expense": NaN,
        "Normalized Income": NaN,
        "Net Income From Continuing And Discontinued Operation": NaN,
        "Total Expenses": NaN,
        "Total Operating Income As Reported": NaN,
        "Diluted Average Shares": NaN,
        "Basic Average Shares": NaN,
        "Diluted EPS": NaN,
        "Basic EPS": NaN,
        "Diluted NI Availto Com Stockholders": NaN,
        "Net Income Common Stockholders": NaN,
        "Net Income": NaN,
        "Minority Interests": NaN,
        "Net Income Including Noncontrolling Interests": NaN,
        "Net Income Continuous Operations": NaN,
        "Tax Provision": NaN,
        "Pretax Income": NaN,
        "Other Income Expense": NaN,
        "Other Non Operating Income Expenses": NaN,
        "Special Income Charges": NaN,
        "Gain On Sale Of Business": 0.0,
        "Other Special Charges": NaN,
        "Restructuring And Mergern Acquisition": NaN,
        "Net Non Operating Interest Income Expense": NaN,
        "Interest Expense Non Operating": NaN,
        "Operating Income": NaN,
        "Operating Expense": NaN,
        "Other Operating Expenses": 192000.0,
        "Depreciation Amortization Depletion Income Statement": NaN,
        "Depreciation And Amortization In Income Statement": NaN,
        "Amortization": NaN,
        "Amortization Of Intangibles Income Statement": NaN,
        "Selling General And Administration": NaN,
        "Gross Profit": NaN,
        "Cost Of Revenue": NaN,
        "Total Revenue": NaN,
        "Operating Revenue": NaN
    },
    "2024-06-30": {
        "Tax Effect Of Unusual Items": -35226.145755,
        "Tax Rate For Calcs": 0.074005,
        "Normalized EBITDA": 12515000.0,
        "Total Unusual Items": -476000.0,
        "Total Unusual Items Excluding Goodwill": -476000.0,
        "Net Income From Continuing Operation Net Minority Interest": 4485000.0,
        "Reconciled Depreciation": 3461000.0,
        "Reconciled Cost Of Revenue": 87224000.0,
        "EBITDA": 12039000.0,
        "EBIT": 8578000.0,
        "Net Interest Income": -3254000.0,
        "Interest Expense": 3254000.0,
        "Normalized Income": 4925773.854245,
        "Net Income From Continuing And Discontinued Operation": 4485000.0,
        "Total Expenses": 127789000.0,
        "Total Operating Income As Reported": 9257000.0,
        "Diluted Average Shares": 36302664.0,
        "Basic Average Shares": 34918412.0,
        "Diluted EPS": 0.12,
        "Basic EPS": 0.13,
        "Diluted NI Availto Com Stockholders": 4485000.0,
        "Net Income Common Stockholders": 4485000.0,
        "Net Income": 4485000.0,
        "Minority Interests": -445000.0,
        "Net Income Including Noncontrolling Interests": 4930000.0,
        "Net Income Continuous Operations": 4930000.0,
        "Tax Provision": 394000.0,
        "Pretax Income": 5324000.0,
        "Other Income Expense": -1155000.0,
        "Other Non Operating Income Expenses": -679000.0,
        "Special Income Charges": -476000.0,
        "Gain On Sale Of Business": 0.0,
        "Other Special Charges": 225000.0,
        "Restructuring And Mergern Acquisition": 476000.0,
        "Net Non Operating Interest Income Expense": -3254000.0,
        "Interest Expense Non Operating": 3254000.0,
        "Operating Income": 9733000.0,
        "Operating Expense": 39314000.0,
        "Other Operating Expenses": 639000.0,
        "Depreciation Amortization Depletion Income Statement": 2210000.0,
        "Depreciation And Amortization In Income Statement": 2210000.0,
        "Amortization": 2210000.0,
        "Amortization Of Intangibles Income Statement": 2210000.0,
        "Selling General And Administration": 36465000.0,
        "Gross Profit": 49047000.0,
        "Cost Of Revenue": 88475000.0,
        "Total Revenue": 137522000.0,
        "Operating Revenue": 137522000.0
    },
    "2024-09-30": {
        "Tax Effect Of Unusual Items": -464400.0,
        "Tax Rate For Calcs": 0.387,
        "Normalized EBITDA": 11552000.0,
        "Total Unusual Items": -1200000.0,
        "Total Unusual Items Excluding Goodwill": -1200000.0,
        "Net Income From Continuing Operation Net Minority Interest": 2086000.0,
        "Reconciled Depreciation": 3563000.0,
        "Reconciled Cost Of Revenue": 89301000.0,
        "EBITDA": 10352000.0,
        "EBIT": 6789000.0,
        "Net Interest Income": -2648000.0,
        "Interest Expense": 2648000.0,
        "Normalized Income": 2821600.0,
        "Net Income From Continuing And Discontinued Operation": 2086000.0,
        "Total Expenses": 127126000.0,
        "Total Operating Income As Reported": 7187000.0,
        "Diluted Average Shares": 36488788.0,
        "Basic Average Shares": 34966625.0,
        "Diluted EPS": 0.06,
        "Basic EPS": 0.06,
        "Diluted NI Availto Com Stockholders": 2086000.0,
        "Net Income Common Stockholders": 2086000.0,
        "Net Income": 2086000.0,
        "Minority Interests": -453000.0,
        "Net Income Including Noncontrolling Interests": 2539000.0,
        "Net Income Continuous Operations": 2539000.0,
        "Tax Provision": 1602000.0,
        "Pretax Income": 4141000.0,
        "Other Income Expense": -1598000.0,
        "Other Non Operating Income Expenses": -398000.0,
        "Special Income Charges": -1200000.0,
        "Gain On Sale Of Business": NaN,
        "Other Special Charges": NaN,
        "Restructuring And Mergern Acquisition": 1200000.0,
        "Net Non Operating Interest Income Expense": -2648000.0,
        "Interest Expense Non Operating": 2648000.0,
        "Operating Income": 8387000.0,
        "Operating Expense": 36879000.0,
        "Other Operating Expenses": NaN,
        "Depreciation Amortization Depletion Income Statement": 2617000.0,
        "Depreciation And Amortization In Income Statement": 2617000.0,
        "Amortization": 2617000.0,
        "Amortization Of Intangibles Income Statement": 2617000.0,
        "Selling General And Administration": 34262000.0,
        "Gross Profit": 45266000.0,
        "Cost Of Revenue": 90247000.0,
        "Total Revenue": 135513000.0,
        "Operating Revenue": 135513000.0
    },
    "2024-12-31": {
        "Tax Effect Of Unusual Items": -259096.597146,
        "Tax Rate For Calcs": 0.110867,
        "Normalized EBITDA": 15495000.0,
        "Total Unusual Items": -2337000.0,
        "Total Unusual Items Excluding Goodwill": -2337000.0,
        "Net Income From Continuing Operation Net Minority Interest": 4878000.0,
        "Reconciled Depreciation": 3987000.0,
        "Reconciled Cost Of Revenue": 99906000.0,
        "EBITDA": 13158000.0,
        "EBIT": 9171000.0,
        "Net Interest Income": -3705000.0,
        "Interest Expense": 3705000.0,
        "Normalized Income": 6955903.402854,
        "Net Income From Continuing And Discontinued Operation": 4878000.0,
        "Total Expenses": 144955000.0,
        "Total Operating Income As Reported": 11274000.0,
        "Diluted Average Shares": 36559198.0,
        "Basic Average Shares": 34978382.0,
        "Diluted EPS": 0.13,
        "Basic EPS": 0.14,
        "Diluted NI Availto Com Stockholders": 4878000.0,
        "Net Income Common Stockholders": 4878000.0,
        "Net Income": 4878000.0,
        "Minority Interests": 18000.0,
        "Net Income Including Noncontrolling Interests": 4860000.0,
        "Net Income Continuous Operations": 4860000.0,
        "Tax Provision": 606000.0,
        "Pretax Income": 5466000.0,
        "Other Income Expense": -4440000.0,
        "Other Non Operating Income Expenses": -2103000.0,
        "Special Income Charges": -2337000.0,
        "Gain On Sale Of Business": NaN,
        "Other Special Charges": 0.0,
        "Restructuring And Mergern Acquisition": 2337000.0,
        "Net Non Operating Interest Income Expense": -3705000.0,
        "Interest Expense Non Operating": 3705000.0,
        "Operating Income": 13611000.0,
        "Operating Expense": 43090000.0,
        "Other Operating Expenses": NaN,
        "Depreciation Amortization Depletion Income Statement": 2028000.0,
        "Depreciation And Amortization In Income Statement": 2028000.0,
        "Amortization": 2028000.0,
        "Amortization Of Intangibles Income Statement": 2028000.0,
        "Selling General And Administration": 41062000.0,
        "Gross Profit": 56701000.0,
        "Cost Of Revenue": 101865000.0,
        "Total Revenue": 158566000.0,
        "Operating Revenue": 158566000.0
    },
    "2025-03-31": {
        "Tax Effect Of Unusual Items": 19049342.0,
        "Tax Rate For Calcs": 0.338,
        "Normalized EBITDA": 10032000.0,
        "Total Unusual Items": 56359000.0,
        "Total Unusual Items Excluding Goodwill": 56359000.0,
        "Net Income From Continuing Operation Net Minority Interest": 35984000.0,
        "Reconciled Depreciation": 5115000.0,
        "Reconciled Cost Of Revenue": 112516000.0,
        "EBITDA": 66391000.0,
        "EBIT": 61276000.0,
        "Net Interest Income": -6217000.0,
        "Interest Expense": 6217000.0,
        "Normalized Income": -1325658.0,
        "Net Income From Continuing And Discontinued Operation": 35984000.0,
        "Total Expenses": 171186000.0,
        "Total Operating Income As Reported": 61870000.0,
        "Diluted Average Shares": 36689320.0,
        "Basic Average Shares": 35028301.0,
        "Diluted EPS": 0.98,
        "Basic EPS": 1.03,
        "Diluted NI Availto Com Stockholders": 35984000.0,
        "Net Income Common Stockholders": 35984000.0,
        "Net Income": 35984000.0,
        "Minority Interests": -458000.0,
        "Net Income Including Noncontrolling Interests": 36442000.0,
        "Net Income Continuous Operations": 36442000.0,
        "Tax Provision": 18617000.0,
        "Pretax Income": 55059000.0,
        "Other Income Expense": 55765000.0,
        "Other Non Operating Income Expenses": -594000.0,
        "Special Income Charges": 56359000.0,
        "Gain On Sale Of Business": 64502000.0,
        "Other Special Charges": NaN,
        "Restructuring And Mergern Acquisition": 8143000.0,
        "Net Non Operating Interest Income Expense": -6217000.0,
        "Interest Expense Non Operating": 6217000.0,
        "Operating Income": 5511000.0,
        "Operating Expense": 56651000.0,
        "Other Operating Expenses": 13000.0,
        "Depreciation Amortization Depletion Income Statement": 3096000.0,
        "Depreciation And Amortization In Income Statement": 3096000.0,
        "Amortization": 3096000.0,
        "Amortization Of Intangibles Income Statement": 3096000.0,
        "Selling General And Administration": 53542000.0,
        "Gross Profit": 62162000.0,
        "Cost Of Revenue": 114535000.0,
        "Total Revenue": 176697000.0,
        "Operating Revenue": 176697000.0
    },
    "2025-06-30": {
        "Tax Effect Of Unusual Items": -9875.624273,
        "Tax Rate For Calcs": 0.308613,
        "Normalized EBITDA": 24589000.0,
        "Total Unusual Items": -32000.0,
        "Total Unusual Items Excluding Goodwill": -32000.0,
        "Net Income From Continuing Operation Net Minority Interest": 9510000.0,
        "Reconciled Depreciation": 5042000.0,
        "Reconciled Cost Of Revenue": 116178000.0,
        "EBITDA": 24557000.0,
        "EBIT": 19515000.0,
        "Net Interest Income": -4898000.0,
        "Interest Expense": 4898000.0,
        "Normalized Income": 9532124.375727,
        "Net Income From Continuing And Discontinued Operation": 9510000.0,
        "Total Expenses": 167298000.0,
        "Total Operating Income As Reported": 18061000.0,
        "Diluted Average Shares": 36558493.0,
        "Basic Average Shares": 35286065.0,
        "Diluted EPS": 0.26,
        "Basic EPS": 0.27,
        "Diluted NI Availto Com Stockholders": 9510000.0,
        "Net Income Common Stockholders": 9510000.0,
        "Net Income": 9510000.0,
        "Minority Interests": -596000.0,
        "Net Income Including Noncontrolling Interests": 10106000.0,
        "Net Income Continuous Operations": 10106000.0,
        "Tax Provision": 4511000.0,
        "Pretax Income": 14617000.0,
        "Other Income Expense": 1422000.0,
        "Other Non Operating Income Expenses": 1454000.0,
        "Special Income Charges": -32000.0,
        "Gain On Sale Of Business": 0.0,
        "Other Special Charges": NaN,
        "Restructuring And Mergern Acquisition": 32000.0,
        "Net Non Operating Interest Income Expense": -4898000.0,
        "Interest Expense Non Operating": 4898000.0,
        "Operating Income": 18093000.0,
        "Operating Expense": 49015000.0,
        "Other Operating Expenses": -2738000.0,
        "Depreciation Amortization Depletion Income Statement": 2937000.0,
        "Depreciation And Amortization In Income Statement": 2937000.0,
        "Amortization": 2937000.0,
        "Amortization Of Intangibles Income Statement": 2937000.0,
        "Selling General And Administration": 48816000.0,
        "Gross Profit": 67108000.0,
        "Cost Of Revenue": 118283000.0,
        "Total Revenue": 185391000.0,
        "Operating Revenue": 185391000.0
    }
}