{
    "2023-03-31": {
        "Tax Effect Of Unusual Items": NaN,
        "Tax Rate For Calcs": NaN,
        "Normalized EBITDA": NaN,
        "Total Unusual Items": NaN,
        "Total Unusual Items Excluding Goodwill": NaN,
        "Net Income From Continuing Operation Net Minority Interest": NaN,
        "Reconciled Depreciation": NaN,
        "Reconciled Cost Of Revenue": NaN,
        "EBITDA": NaN,
        "EBIT": NaN,
        "Net Interest Income": NaN,
        "Interest Expense": NaN,
        "Normalized Income": NaN,
        "Net Income From Continuing And Discontinued Operation": NaN,
        "Total Expenses": NaN,
        "Diluted Average Shares": NaN,
        "Basic Average Shares": NaN,
        "Diluted EPS": NaN,
        "Basic EPS": NaN,
        "Diluted NI Availto Com Stockholders": NaN,
        "Net Income Common Stockholders": NaN,
        "Net Income": NaN,
        "Net Income Including Noncontrolling Interests": NaN,
        "Net Income Continuous Operations": NaN,
        "Tax Provision": NaN,
        "Pretax Income": NaN,
        "Other Income Expense": NaN,
        "Other Non Operating Income Expenses": NaN,
        "Special Income Charges": NaN,
        "Gain On Sale Of Ppe": NaN,
        "Other Special Charges": 1375000.0,
        "Net Non Operating Interest Income Expense": NaN,
        "Interest Expense Non Operating": NaN,
        "Operating Income": NaN,
        "Operating Expense": NaN,
        "Other Operating Expenses": NaN,
        "Selling General And Administration": NaN,
        "General And Administrative Expense": NaN,
        "Other Gand A": NaN,
        "Gross Profit": NaN,
        "Cost Of Revenue": NaN,
        "Total Revenue": NaN,
        "Operating Revenue": NaN
    },
    "2022-12-31": {
        "Tax Effect Of Unusual Items": NaN,
        "Tax Rate For Calcs": NaN,
        "Normalized EBITDA": NaN,
        "Total Unusual Items": NaN,
        "Total Unusual Items Excluding Goodwill": NaN,
        "Net Income From Continuing Operation Net Minority Interest": NaN,
        "Reconciled Depreciation": NaN,
        "Reconciled Cost Of Revenue": NaN,
        "EBITDA": NaN,
        "EBIT": NaN,
        "Net Interest Income": NaN,
        "Interest Expense": NaN,
        "Normalized Income": NaN,
        "Net Income From Continuing And Discontinued Operation": NaN,
        "Total Expenses": NaN,
        "Diluted Average Shares": NaN,
        "Basic Average Shares": NaN,
        "Diluted EPS": NaN,
        "Basic EPS": NaN,
        "Diluted NI Availto Com Stockholders": NaN,
        "Net Income Common Stockholders": NaN,
        "Net Income": NaN,
        "Net Income Including Noncontrolling Interests": NaN,
        "Net Income Continuous Operations": NaN,
        "Tax Provision": NaN,
        "Pretax Income": NaN,
        "Other Income Expense": NaN,
        "Other Non Operating Income Expenses": NaN,
        "Special Income Charges": NaN,
        "Gain On Sale Of Ppe": NaN,
        "Other Special Charges": 1262000.0,
        "Gain On Sale Of Security": 19547000.0,
        "Net Non Operating Interest Income Expense": NaN,
        "Interest Expense Non Operating": NaN,
        "Operating Income": NaN,
        "Operating Expense": NaN,
        "Other Operating Expenses": NaN,
        "Selling General And Administration": NaN,
        "General And Administrative Expense": NaN,
        "Other Gand A": NaN,
        "Gross Profit": NaN,
        "Cost Of Revenue": NaN,
        "Total Revenue": NaN,
        "Operating Revenue": NaN
    },
    "2022-09-30": {
        "Tax Effect Of Unusual Items": NaN,
        "Tax Rate For Calcs": NaN,
        "Normalized EBITDA": NaN,
        "Total Unusual Items": NaN,
        "Total Unusual Items Excluding Goodwill": NaN,
        "Net Income From Continuing Operation Net Minority Interest": NaN,
        "Reconciled Depreciation": NaN,
        "Reconciled Cost Of Revenue": NaN,
        "EBITDA": NaN,
        "EBIT": NaN,
        "Net Interest Income": NaN,
        "Interest Expense": NaN,
        "Normalized Income": NaN,
        "Net Income From Continuing And Discontinued Operation": NaN,
        "Total Expenses": NaN,
        "Diluted Average Shares": NaN,
        "Basic Average Shares": NaN,
        "Diluted EPS": NaN,
        "Basic EPS": NaN,
        "Diluted NI Availto Com Stockholders": NaN,
        "Net Income Common Stockholders": NaN,
        "Net Income": NaN,
        "Net Income Including Noncontrolling Interests": NaN,
        "Net Income Continuous Operations": NaN,
        "Tax Provision": NaN,
        "Pretax Income": NaN,
        "Other Income Expense": NaN,
        "Other Non Operating Income Expenses": NaN,
        "Special Income Charges": NaN,
        "Gain On Sale Of Ppe": NaN,
        "Other Special Charges": NaN,
        "Gain On Sale Of Security": -65000.0,
        "Net Non Operating Interest Income Expense": NaN,
        "Interest Expense Non Operating": NaN,
        "Operating Income": NaN,
        "Operating Expense": NaN,
        "Other Operating Expenses": NaN,
        "Selling General And Administration": NaN,
        "General And Administrative Expense": NaN,
        "Other Gand A": NaN,
        "Gross Profit": NaN,
        "Cost Of Revenue": NaN,
        "Total Revenue": NaN,
        "Operating Revenue": NaN
    },
    "2022-06-30": {
        "Tax Effect Of Unusual Items": -10780560.0,
        "Tax Rate For Calcs": 0.155,
        "Normalized EBITDA": 290067000.0,
        "Total Unusual Items": -69552000.0,
        "Total Unusual Items Excluding Goodwill": -69552000.0,
        "Net Income From Continuing Operation Net Minority Interest": 126291000.0,
        "Reconciled Depreciation": 57880000.0,
        "Reconciled Cost Of Revenue": 108291000.0,
        "EBITDA": 220515000.0,
        "EBIT": 162635000.0,
        "Net Interest Income": -13121000.0,
        "Interest Expense": 13121000.0,
        "Normalized Income": 185062440.0,
        "Net Income From Continuing And Discontinued Operation": 126291000.0,
        "Total Expenses": 380419000.0,
        "Diluted Average Shares": 35723474.0,
        "Basic Average Shares": 34846037.0,
        "Diluted EPS": 3.54,
        "Basic EPS": 3.62,
        "Diluted NI Availto Com Stockholders": 126291000.0,
        "Net Income Common Stockholders": 126291000.0,
        "Net Income": 126291000.0,
        "Net Income Including Noncontrolling Interests": 126291000.0,
        "Net Income Continuous Operations": 126291000.0,
        "Tax Provision": 23223000.0,
        "Pretax Income": 149514000.0,
        "Other Income Expense": -61828000.0,
        "Other Non Operating Income Expenses": 7724000.0,
        "Special Income Charges": -1200000.0,
        "Gain On Sale Of Ppe": 365000.0,
        "Other Special Charges": 1565000.0,
        "Gain On Sale Of Security": -68352000.0,
        "Net Non Operating Interest Income Expense": -13121000.0,
        "Interest Expense Non Operating": 13121000.0,
        "Operating Income": 224463000.0,
        "Operating Expense": 272128000.0,
        "Other Operating Expenses": 244764000.0,
        "Selling General And Administration": 27364000.0,
        "General And Administrative Expense": 27364000.0,
        "Other Gand A": 27364000.0,
        "Gross Profit": 496591000.0,
        "Cost Of Revenue": 108291000.0,
        "Total Revenue": 604882000.0,
        "Operating Revenue": 604882000.0
    },
    "2022-03-31": {
        "Diluted EPS": -0.13,
        "Total Revenue": 359,
        "Gross Profit": 320,
        "Operating Income": 9,
        "EBIT": 66,
        "Net Income": -4
    },
    "2021-12-31": {
        "Diluted EPS": 3.39,
        "Total Revenue": 481,
        "Gross Profit": 449,
        "Operating Income": 178,
        "EBIT": 237,
        "Net Income": 117
    },
    "2021-09-30": {
        "Diluted EPS": -3.3,
        "Total Revenue": 149,
        "Gross Profit": 130,
        "Operating Income": -138,
        "EBIT": -80,
        "Net Income": -114
    },
    "2021-06-30": {
        "Diluted EPS": 0.12,
        "Total Revenue": 287,
        "Gross Profit": 261,
        "Operating Income": 11,
        "EBIT": 66,
        "Net Income": 4
    },
    "2021-03-31": {
        "Diluted EPS": 0.75,
        "Total Revenue": 342,
        "Gross Profit": 315,
        "Operating Income": 46,
        "EBIT": 108,
        "Net Income": 26
    },
    "2020-12-31": {
        "Diluted EPS": 0.51,
        "Total Revenue": 325,
        "Gross Profit": 304,
        "Operating Income": 30,
        "EBIT": 87,
        "Net Income": 13
    },
    "2020-09-30": {
        "Diluted EPS": -0.28,
        "Total Revenue": 243,
        "Gross Profit": 230,
        "Operating Income": 11,
        "EBIT": 68,
        "Net Income": -7
    },
    "2020-06-30": {
        "Diluted EPS": -0.69,
        "Total Revenue": 163,
        "Gross Profit": 159,
        "Operating Income": -14,
        "EBIT": 34,
        "Net Income": -18
    },
    "2020-03-31": {
        "Diluted EPS": 0.09,
        "Total Revenue": 291,
        "Gross Profit": 288,
        "Operating Income": 3,
        "EBIT": 60,
        "Net Income": 2
    },
    "2019-12-31": {
        "Diluted EPS": 0.57,
        "Total Revenue": 343,
        "Gross Profit": 337,
        "Operating Income": 37,
        "EBIT": 95,
        "Net Income": 14
    },
    "2019-09-30": {
        "Diluted EPS": 0.16,
        "Total Revenue": 333,
        "Gross Profit": 330,
        "Operating Income": 26,
        "EBIT": 82,
        "Net Income": 4
    },
    "2019-06-30": {
        "Diluted EPS": 1.56,
        "Total Revenue": 384,
        "Gross Profit": 380,
        "Operating Income": 65,
        "EBIT": 112,
        "Net Income": 43
    },
    "2019-03-31": {
        "Diluted EPS": 0.52,
        "Total Revenue": 371,
        "Gross Profit": 364,
        "Operating Income": 61,
        "EBIT": 114,
        "Net Income": 14
    },
    "2018-12-31": {
        "Diluted EPS": 1.4,
        "Total Revenue": 382,
        "Gross Profit": 376,
        "Operating Income": 68,
        "EBIT": 115,
        "Net Income": 40
    },
    "2018-09-30": {
        "Diluted EPS": 0.2,
        "Total Revenue": 324,
        "Gross Profit": 322,
        "Operating Income": 29,
        "EBIT": 83,
        "Net Income": 6
    },
    "2018-06-30": {
        "Diluted EPS": 1.58,
        "Total Revenue": 415,
        "Gross Profit": 398,
        "Operating Income": 79,
        "EBIT": 136,
        "Net Income": 45
    },
    "2018-03-31": {
        "Diluted EPS": 2.2,
        "Total Revenue": 410,
        "Gross Profit": 392,
        "Operating Income": 100,
        "EBIT": 151,
        "Net Income": 62
    },
    "2017-12-31": {
        "Diluted EPS": -1.06,
        "Total Revenue": 352,
        "Gross Profit": 330,
        "Operating Income": 54,
        "EBIT": 102,
        "Net Income": -29
    },
    "2017-09-30": {
        "Diluted EPS": 0.28,
        "Total Revenue": 335,
        "Gross Profit": 314,
        "Operating Income": 16,
        "EBIT": 63,
        "Net Income": 8
    },
    "2017-06-30": {
        "Diluted EPS": 1.71,
        "Total Revenue": 352,
        "Gross Profit": 334,
        "Operating Income": 66,
        "EBIT": 91,
        "Net Income": 48
    },
    "2017-03-31": {
        "Diluted EPS": 1.47,
        "Total Revenue": 372,
        "Gross Profit": 360,
        "Operating Income": 60,
        "EBIT": 113,
        "Net Income": 41
    },
    "2016-12-31": {
        "Diluted EPS": 0.0,
        "Total Revenue": NaN,
        "Gross Profit": NaN,
        "Operating Income": NaN,
        "EBIT": NaN,
        "Net Income": NaN
    },
    "2016-09-30": {
        "Diluted EPS": 0.0,
        "Total Revenue": 295,
        "Gross Profit": 286,
        "Operating Income": 8,
        "EBIT": 8,
        "Net Income": 3
    },
    "2015-12-31": {
        "Diluted EPS": 0.0,
        "Total Revenue": NaN,
        "Gross Profit": NaN,
        "Operating Income": NaN,
        "EBIT": NaN,
        "Net Income": NaN
    },
    "2014-12-31": {
        "Diluted EPS": 0.0,
        "Total Revenue": NaN,
        "Gross Profit": NaN,
        "Operating Income": NaN,
        "EBIT": NaN,
        "Net Income": NaN
    },
    "2023-06-30": {
        "Tax Effect Of Unusual Items": NaN,
        "Tax Rate For Calcs": NaN,
        "Normalized EBITDA": NaN,
        "Total Unusual Items": NaN,
        "Total Unusual Items Excluding Goodwill": NaN,
        "Net Income From Continuing Operation Net Minority Interest": NaN,
        "Reconciled Depreciation": NaN,
        "Reconciled Cost Of Revenue": NaN,
        "EBITDA": NaN,
        "EBIT": NaN,
        "Net Interest Income": NaN,
        "Interest Expense": NaN,
        "Normalized Income": NaN,
        "Net Income From Continuing And Discontinued Operation": NaN,
        "Total Expenses": NaN,
        "Diluted Average Shares": NaN,
        "Basic Average Shares": NaN,
        "Diluted EPS": NaN,
        "Basic EPS": NaN,
        "Diluted NI Availto Com Stockholders": NaN,
        "Net Income Common Stockholders": NaN,
        "Net Income": NaN,
        "Net Income Including Noncontrolling Interests": NaN,
        "Net Income Continuous Operations": NaN,
        "Tax Provision": NaN,
        "Pretax Income": NaN,
        "Other Income Expense": NaN,
        "Other Non Operating Income Expenses": NaN,
        "Special Income Charges": NaN,
        "Gain On Sale Of Ppe": NaN,
        "Other Special Charges": 688000.0,
        "Net Non Operating Interest Income Expense": NaN,
        "Interest Expense Non Operating": NaN,
        "Operating Income": NaN,
        "Operating Expense": NaN,
        "Other Operating Expenses": NaN,
        "Selling General And Administration": NaN,
        "General And Administrative Expense": NaN,
        "Other Gand A": NaN,
        "Gross Profit": NaN,
        "Cost Of Revenue": NaN,
        "Total Revenue": NaN,
        "Operating Revenue": NaN
    },
    "2023-09-30": {
        "Tax Effect Of Unusual Items": 118332.0,
        "Tax Rate For Calcs": 0.173,
        "Normalized EBITDA": 186510000.0,
        "Total Unusual Items": 684000.0,
        "Total Unusual Items Excluding Goodwill": 684000.0,
        "Net Income From Continuing Operation Net Minority Interest": 100725000.0,
        "Reconciled Depreciation": 58792000.0,
        "Reconciled Cost Of Revenue": 127164000.0,
        "EBITDA": 187194000.0,
        "EBIT": 128402000.0,
        "Net Interest Income": -6645000.0,
        "Interest Expense": 6645000.0,
        "Normalized Income": 100159332.0,
        "Net Income From Continuing And Discontinued Operation": 100725000.0,
        "Total Expenses": 440800000.0,
        "Diluted Average Shares": 32392689.0,
        "Basic Average Shares": 31928295.0,
        "Diluted EPS": 3.11,
        "Basic EPS": 3.15,
        "Diluted NI Availto Com Stockholders": 100725000.0,
        "Net Income Common Stockholders": 100725000.0,
        "Net Income": 100725000.0,
        "Net Income Including Noncontrolling Interests": 100725000.0,
        "Net Income Continuous Operations": 100725000.0,
        "Tax Provision": 21032000.0,
        "Pretax Income": 121757000.0,
        "Other Income Expense": 28536000.0,
        "Other Non Operating Income Expenses": 27852000.0,
        "Special Income Charges": 684000.0,
        "Gain On Sale Of Ppe": 1346000.0,
        "Other Special Charges": 662000.0,
        "Net Non Operating Interest Income Expense": -6645000.0,
        "Interest Expense Non Operating": 6645000.0,
        "Operating Income": 99866000.0,
        "Operating Expense": 313636000.0,
        "Other Operating Expenses": 276323000.0,
        "Selling General And Administration": 37313000.0,
        "General And Administrative Expense": 37313000.0,
        "Other Gand A": 37313000.0,
        "Gross Profit": 413502000.0,
        "Cost Of Revenue": 127164000.0,
        "Total Revenue": 540666000.0,
        "Operating Revenue": 540666000.0
    },
    "2023-12-31": {
        "Tax Effect Of Unusual Items": 231269.675926,
        "Tax Rate For Calcs": 0.121785,
        "Normalized EBITDA": 240641000.0,
        "Total Unusual Items": 1899000.0,
        "Total Unusual Items Excluding Goodwill": 1899000.0,
        "Net Income From Continuing Operation Net Minority Interest": 157067000.0,
        "Reconciled Depreciation": 58446000.0,
        "Reconciled Cost Of Revenue": 135114000.0,
        "EBITDA": 242540000.0,
        "EBIT": 184094000.0,
        "Net Interest Income": 8351000.0,
        "Interest Expense": 5246000.0,
        "Normalized Income": 155399269.675926,
        "Net Income From Continuing And Discontinued Operation": 157067000.0,
        "Total Expenses": 448995000.0,
        "Diluted Average Shares": 31102376.0,
        "Basic Average Shares": 30857957.0,
        "Diluted EPS": 5.05,
        "Basic EPS": 5.09,
        "Diluted NI Availto Com Stockholders": 157067000.0,
        "Net Income Common Stockholders": 157067000.0,
        "Net Income": 157067000.0,
        "Net Income Including Noncontrolling Interests": 157067000.0,
        "Net Income Continuous Operations": 157067000.0,
        "Tax Provision": 21781000.0,
        "Pretax Income": 178848000.0,
        "Other Income Expense": -14857000.0,
        "Other Non Operating Income Expenses": -16756000.0,
        "Special Income Charges": 1899000.0,
        "Gain On Sale Of Ppe": 1899000.0,
        "Other Special Charges": 0.0,
        "Net Non Operating Interest Income Expense": 8351000.0,
        "Interest Expense Non Operating": 5246000.0,
        "Operating Income": 185354000.0,
        "Operating Expense": 313881000.0,
        "Other Operating Expenses": 290169000.0,
        "Selling General And Administration": 23712000.0,
        "General And Administrative Expense": 23712000.0,
        "Other Gand A": 23712000.0,
        "Gross Profit": 499235000.0,
        "Cost Of Revenue": 135114000.0,
        "Total Revenue": 634349000.0,
        "Operating Revenue": 634349000.0
    },
    "2024-03-31": {
        "Tax Effect Of Unusual Items": 862934.0,
        "Tax Rate For Calcs": 0.142,
        "Normalized EBITDA": 175060000.0,
        "Total Unusual Items": 6077000.0,
        "Total Unusual Items Excluding Goodwill": 6077000.0,
        "Net Income From Continuing Operation Net Minority Interest": 101891000.0,
        "Reconciled Depreciation": 56997000.0,
        "Reconciled Cost Of Revenue": 126839000.0,
        "EBITDA": 181137000.0,
        "EBIT": 124140000.0,
        "Net Interest Income": -5406000.0,
        "Interest Expense": 5406000.0,
        "Normalized Income": 96676934.0,
        "Net Income From Continuing And Discontinued Operation": 101891000.0,
        "Total Expenses": 440902000.0,
        "Diluted Average Shares": 30073662.0,
        "Basic Average Shares": 29951109.0,
        "Diluted EPS": 3.39,
        "Basic EPS": 3.4,
        "Diluted NI Availto Com Stockholders": 101891000.0,
        "Net Income Common Stockholders": 101891000.0,
        "Net Income": 101891000.0,
        "Net Income Including Noncontrolling Interests": 101891000.0,
        "Net Income Continuous Operations": 101891000.0,
        "Tax Provision": 16843000.0,
        "Pretax Income": 118734000.0,
        "Other Income Expense": 22745000.0,
        "Other Non Operating Income Expenses": 16668000.0,
        "Special Income Charges": 6077000.0,
        "Gain On Sale Of Ppe": 6077000.0,
        "Other Special Charges": NaN,
        "Net Non Operating Interest Income Expense": -5406000.0,
        "Interest Expense Non Operating": 5406000.0,
        "Operating Income": 101395000.0,
        "Operating Expense": 314063000.0,
        "Other Operating Expenses": 293430000.0,
        "Selling General And Administration": 20633000.0,
        "General And Administrative Expense": 20633000.0,
        "Other Gand A": 20633000.0,
        "Gross Profit": 415458000.0,
        "Cost Of Revenue": 126839000.0,
        "Total Revenue": 542297000.0,
        "Operating Revenue": 542297000.0
    },
    "2024-06-30": {
        "Tax Effect Of Unusual Items": 95445.0,
        "Tax Rate For Calcs": 0.135,
        "Normalized EBITDA": 126221000.0,
        "Total Unusual Items": 707000.0,
        "Total Unusual Items Excluding Goodwill": 707000.0,
        "Net Income From Continuing Operation Net Minority Interest": 58061000.0,
        "Reconciled Depreciation": 54847000.0,
        "Reconciled Cost Of Revenue": 120487000.0,
        "EBITDA": 126928000.0,
        "EBIT": 72081000.0,
        "Net Interest Income": -4993000.0,
        "Interest Expense": 4993000.0,
        "Normalized Income": 57449445.0,
        "Net Income From Continuing And Discontinued Operation": 58061000.0,
        "Total Expenses": 429042000.0,
        "Diluted Average Shares": 29686066.0,
        "Basic Average Shares": 29584862.0,
        "Diluted EPS": 1.96,
        "Basic EPS": 1.96,
        "Diluted NI Availto Com Stockholders": 58061000.0,
        "Net Income Common Stockholders": 58061000.0,
        "Net Income": 58061000.0,
        "Net Income Including Noncontrolling Interests": 58061000.0,
        "Net Income Continuous Operations": 58061000.0,
        "Tax Provision": 9027000.0,
        "Pretax Income": 67088000.0,
        "Other Income Expense": 14141000.0,
        "Other Non Operating Income Expenses": 13434000.0,
        "Special Income Charges": 707000.0,
        "Gain On Sale Of Ppe": 707000.0,
        "Other Special Charges": NaN,
        "Net Non Operating Interest Income Expense": -4993000.0,
        "Interest Expense Non Operating": 4993000.0,
        "Operating Income": 57940000.0,
        "Operating Expense": 308555000.0,
        "Other Operating Expenses": 287670000.0,
        "Selling General And Administration": 20885000.0,
        "General And Administrative Expense": 20885000.0,
        "Other Gand A": 20885000.0,
        "Gross Profit": 366495000.0,
        "Cost Of Revenue": 120487000.0,
        "Total Revenue": 486982000.0,
        "Operating Revenue": 486982000.0
    },
    "2024-09-30": {
        "Tax Effect Of Unusual Items": 27280.0,
        "Tax Rate For Calcs": 0.155,
        "Normalized EBITDA": 170988000.0,
        "Total Unusual Items": 176000.0,
        "Total Unusual Items Excluding Goodwill": 176000.0,
        "Net Income From Continuing Operation Net Minority Interest": 95632000.0,
        "Reconciled Depreciation": 53329000.0,
        "Reconciled Cost Of Revenue": 116735000.0,
        "EBITDA": 171164000.0,
        "EBIT": 117835000.0,
        "Net Interest Income": -4664000.0,
        "Interest Expense": 4664000.0,
        "Normalized Income": 95483280.0,
        "Net Income From Continuing And Discontinued Operation": 95632000.0,
        "Total Expenses": 457020000.0,
        "Diluted Average Shares": 29702055.0,
        "Basic Average Shares": 29580649.0,
        "Diluted EPS": 3.22,
        "Basic EPS": 3.23,
        "Diluted NI Availto Com Stockholders": 95632000.0,
        "Net Income Common Stockholders": 95632000.0,
        "Net Income": 95632000.0,
        "Net Income Including Noncontrolling Interests": 95632000.0,
        "Net Income Continuous Operations": 95632000.0,
        "Tax Provision": 17539000.0,
        "Pretax Income": 113171000.0,
        "Other Income Expense": 25220000.0,
        "Other Non Operating Income Expenses": 25044000.0,
        "Special Income Charges": 176000.0,
        "Gain On Sale Of Ppe": 176000.0,
        "Other Special Charges": NaN,
        "Net Non Operating Interest Income Expense": -4664000.0,
        "Interest Expense Non Operating": 4664000.0,
        "Operating Income": 92615000.0,
        "Operating Expense": 340285000.0,
        "Other Operating Expenses": 304134000.0,
        "Selling General And Administration": 36151000.0,
        "General And Administrative Expense": 36151000.0,
        "Other Gand A": 36151000.0,
        "Gross Profit": 432900000.0,
        "Cost Of Revenue": 116735000.0,
        "Total Revenue": 549635000.0,
        "Operating Revenue": 549635000.0
    }
}