{
    "2023-03-31": {
        "Tax Effect Of Unusual Items": NaN,
        "Tax Rate For Calcs": NaN,
        "Normalized EBITDA": NaN,
        "Total Unusual Items": NaN,
        "Total Unusual Items Excluding Goodwill": NaN,
        "Net Income From Continuing Operation Net Minority Interest": NaN,
        "Reconciled Depreciation": NaN,
        "Reconciled Cost Of Revenue": NaN,
        "EBITDA": NaN,
        "EBIT": NaN,
        "Net Interest Income": NaN,
        "Interest Income": NaN,
        "Normalized Income": NaN,
        "Net Income From Continuing And Discontinued Operation": NaN,
        "Total Expenses": NaN,
        "Total Operating Income As Reported": NaN,
        "Diluted Average Shares": NaN,
        "Basic Average Shares": NaN,
        "Diluted EPS": NaN,
        "Basic EPS": NaN,
        "Diluted NI Availto Com Stockholders": NaN,
        "Average Dilution Earnings": -7000.0,
        "Net Income Common Stockholders": NaN,
        "Otherunder Preferred Stock Dividend": 2934000.0,
        "Preferred Stock Dividends": NaN,
        "Net Income": NaN,
        "Net Income Including Noncontrolling Interests": NaN,
        "Net Income Continuous Operations": NaN,
        "Tax Provision": NaN,
        "Pretax Income": NaN,
        "Other Income Expense": NaN,
        "Gain On Sale Of Security": NaN,
        "Net Non Operating Interest Income Expense": NaN,
        "Interest Income Non Operating": NaN,
        "Operating Income": NaN,
        "Operating Expense": NaN,
        "Selling General And Administration": NaN,
        "Selling And Marketing Expense": 68905000.0,
        "Gross Profit": NaN,
        "Cost Of Revenue": NaN,
        "Total Revenue": NaN,
        "Operating Revenue": NaN
    },
    "2022-12-31": {
        "Tax Effect Of Unusual Items": NaN,
        "Tax Rate For Calcs": NaN,
        "Normalized EBITDA": NaN,
        "Total Unusual Items": NaN,
        "Total Unusual Items Excluding Goodwill": NaN,
        "Net Income From Continuing Operation Net Minority Interest": NaN,
        "Reconciled Depreciation": NaN,
        "Reconciled Cost Of Revenue": NaN,
        "EBITDA": NaN,
        "EBIT": NaN,
        "Net Interest Income": NaN,
        "Interest Income": NaN,
        "Normalized Income": NaN,
        "Net Income From Continuing And Discontinued Operation": NaN,
        "Total Expenses": NaN,
        "Total Operating Income As Reported": NaN,
        "Diluted Average Shares": NaN,
        "Basic Average Shares": NaN,
        "Diluted EPS": NaN,
        "Basic EPS": NaN,
        "Diluted NI Availto Com Stockholders": NaN,
        "Average Dilution Earnings": NaN,
        "Net Income Common Stockholders": NaN,
        "Otherunder Preferred Stock Dividend": NaN,
        "Preferred Stock Dividends": NaN,
        "Net Income": NaN,
        "Net Income Including Noncontrolling Interests": NaN,
        "Net Income Continuous Operations": NaN,
        "Tax Provision": NaN,
        "Pretax Income": NaN,
        "Other Income Expense": NaN,
        "Gain On Sale Of Security": NaN,
        "Net Non Operating Interest Income Expense": NaN,
        "Interest Income Non Operating": NaN,
        "Operating Income": NaN,
        "Operating Expense": NaN,
        "Selling General And Administration": NaN,
        "Selling And Marketing Expense": 89985000.0,
        "General And Administrative Expense": 21768000.0,
        "Other Gand A": 21768000.0,
        "Gross Profit": NaN,
        "Cost Of Revenue": NaN,
        "Total Revenue": NaN,
        "Operating Revenue": NaN
    },
    "2022-09-30": {
        "Tax Effect Of Unusual Items": NaN,
        "Tax Rate For Calcs": NaN,
        "Normalized EBITDA": NaN,
        "Total Unusual Items": NaN,
        "Total Unusual Items Excluding Goodwill": NaN,
        "Net Income From Continuing Operation Net Minority Interest": NaN,
        "Reconciled Depreciation": NaN,
        "Reconciled Cost Of Revenue": NaN,
        "EBITDA": NaN,
        "EBIT": NaN,
        "Net Interest Income": NaN,
        "Interest Income": NaN,
        "Normalized Income": NaN,
        "Net Income From Continuing And Discontinued Operation": NaN,
        "Total Expenses": NaN,
        "Total Operating Income As Reported": NaN,
        "Diluted Average Shares": 227388000.0,
        "Basic Average Shares": 227388000.0,
        "Diluted EPS": -0.82,
        "Basic EPS": -0.82,
        "Diluted NI Availto Com Stockholders": NaN,
        "Average Dilution Earnings": NaN,
        "Net Income Common Stockholders": NaN,
        "Otherunder Preferred Stock Dividend": 0.0,
        "Preferred Stock Dividends": NaN,
        "Net Income": NaN,
        "Net Income Including Noncontrolling Interests": NaN,
        "Net Income Continuous Operations": NaN,
        "Tax Provision": NaN,
        "Pretax Income": NaN,
        "Other Income Expense": NaN,
        "Gain On Sale Of Security": NaN,
        "Net Non Operating Interest Income Expense": NaN,
        "Interest Income Non Operating": NaN,
        "Operating Income": NaN,
        "Operating Expense": NaN,
        "Selling General And Administration": NaN,
        "Selling And Marketing Expense": 198756000.0,
        "General And Administrative Expense": 27493000.0,
        "Other Gand A": 27493000.0,
        "Gross Profit": NaN,
        "Cost Of Revenue": NaN,
        "Total Revenue": NaN,
        "Operating Revenue": NaN
    },
    "2022-06-30": {
        "Tax Effect Of Unusual Items": -120683.489305,
        "Tax Rate For Calcs": 0.234793,
        "Normalized EBITDA": 12930000.0,
        "Total Unusual Items": -514000.0,
        "Total Unusual Items Excluding Goodwill": -514000.0,
        "Net Income From Continuing Operation Net Minority Interest": 9158000.0,
        "Reconciled Depreciation": 445000.0,
        "Reconciled Cost Of Revenue": 94701000.0,
        "EBITDA": 12416000.0,
        "EBIT": 11971000.0,
        "Net Interest Income": 52000.0,
        "Interest Expense": 3000.0,
        "Interest Income": 55000.0,
        "Normalized Income": 9551316.510695,
        "Net Income From Continuing And Discontinued Operation": 9158000.0,
        "Total Expenses": 141590000.0,
        "Total Operating Income As Reported": 12430000.0,
        "Diluted Average Shares": 78372000.0,
        "Basic Average Shares": 75451000.0,
        "Diluted EPS": 0.12,
        "Basic EPS": 0.12,
        "Diluted NI Availto Com Stockholders": 9158000.0,
        "Net Income Common Stockholders": 9158000.0,
        "Preferred Stock Dividends": NaN,
        "Net Income": 9158000.0,
        "Net Income Including Noncontrolling Interests": 9158000.0,
        "Net Income Continuous Operations": 9158000.0,
        "Tax Provision": 2810000.0,
        "Pretax Income": 11968000.0,
        "Other Income Expense": -514000.0,
        "Gain On Sale Of Security": -514000.0,
        "Net Non Operating Interest Income Expense": 52000.0,
        "Interest Expense Non Operating": 3000.0,
        "Interest Income Non Operating": 55000.0,
        "Operating Income": 12430000.0,
        "Operating Expense": 46889000.0,
        "Selling General And Administration": 46889000.0,
        "Selling And Marketing Expense": 32475000.0,
        "General And Administrative Expense": 14414000.0,
        "Other Gand A": 14414000.0,
        "Gross Profit": 59319000.0,
        "Cost Of Revenue": 94701000.0,
        "Total Revenue": 154020000.0,
        "Operating Revenue": 154020000.0
    },
    "2022-03-31": {
        "Diluted EPS": 0.09,
        "Total Revenue": 133,
        "Gross Profit": 54,
        "Operating Income": 10,
        "EBIT": 11,
        "Net Income": 7
    },
    "2021-12-31": {
        "Diluted EPS": 0.16,
        "Total Revenue": 104,
        "Gross Profit": 42,
        "Operating Income": 3,
        "EBIT": 3,
        "Net Income": 12
    },
    "2021-09-30": {
        "Diluted EPS": -0.13,
        "Total Revenue": 95,
        "Gross Profit": 38,
        "Operating Income": -8,
        "EBIT": -8,
        "Net Income": -9
    },
    "2021-06-30": {
        "Diluted EPS": 0.01,
        "Total Revenue": 65,
        "Gross Profit": 28,
        "Operating Income": 0,
        "EBIT": 1,
        "Net Income": 1
    },
    "2021-03-31": {
        "Diluted EPS": 0.01,
        "Total Revenue": 50,
        "Gross Profit": 21,
        "Operating Income": 1,
        "EBIT": 1,
        "Net Income": 1
    },
    "2020-12-31": {
        "Diluted EPS": 0.02,
        "Total Revenue": 36,
        "Gross Profit": 17,
        "Operating Income": 1,
        "EBIT": 1,
        "Net Income": 2
    },
    "2020-09-30": {
        "Diluted EPS": 0.06,
        "Total Revenue": 37,
        "Gross Profit": 18,
        "Operating Income": 5,
        "EBIT": 5,
        "Net Income": 5
    },
    "2020-06-30": {
        "Diluted EPS": 0.02,
        "Total Revenue": 30,
        "Gross Profit": 13,
        "Operating Income": 1,
        "EBIT": 2,
        "Net Income": 2
    },
    "2020-03-31": {
        "Diluted EPS": 0.01,
        "Total Revenue": 28,
        "Gross Profit": 13,
        "Operating Income": 1,
        "EBIT": 1,
        "Net Income": 1
    },
    "2019-12-31": {
        "Diluted EPS": -0.03,
        "Total Revenue": 24,
        "Gross Profit": 10,
        "Operating Income": -1,
        "EBIT": -1,
        "Net Income": -1
    },
    "2019-09-30": {
        "Diluted EPS": 0.03,
        "Total Revenue": 20,
        "Gross Profit": 9,
        "Operating Income": 2,
        "EBIT": 2,
        "Net Income": 1
    },
    "2019-06-30": {
        "Diluted EPS": -0.03,
        "Total Revenue": 16,
        "Gross Profit": 7,
        "Operating Income": -1,
        "EBIT": -1,
        "Net Income": -1
    },
    "2019-03-31": {
        "Diluted EPS": 0.19,
        "Total Revenue": 14,
        "Gross Profit": 6,
        "Operating Income": -1,
        "EBIT": 0,
        "Net Income": 12
    },
    "2018-12-31": {
        "Diluted EPS": -0.02,
        "Total Revenue": 15,
        "Gross Profit": 5,
        "Operating Income": 0,
        "EBIT": 0,
        "Net Income": -1
    },
    "2018-09-30": {
        "Diluted EPS": -0.08,
        "Total Revenue": 17,
        "Gross Profit": 7,
        "Operating Income": -4,
        "EBIT": -4,
        "Net Income": -4
    },
    "2018-06-30": {
        "Diluted EPS": -0.07,
        "Total Revenue": 9,
        "Gross Profit": 4,
        "Operating Income": -3,
        "EBIT": -3,
        "Net Income": -3
    },
    "2018-03-31": {
        "Diluted EPS": -0.06,
        "Total Revenue": 12,
        "Gross Profit": 5,
        "Operating Income": -3,
        "EBIT": -3,
        "Net Income": -3
    },
    "2017-12-31": {
        "Diluted EPS": -0.11,
        "Total Revenue": 9,
        "Gross Profit": 4,
        "Operating Income": -5,
        "EBIT": -5,
        "Net Income": -5
    },
    "2017-09-30": {
        "Diluted EPS": -0.04,
        "Total Revenue": 11,
        "Gross Profit": 5,
        "Operating Income": -2,
        "EBIT": -2,
        "Net Income": -2
    },
    "2017-06-30": {
        "Diluted EPS": 0.01,
        "Total Revenue": 10,
        "Gross Profit": 5,
        "Operating Income": 1,
        "EBIT": 1,
        "Net Income": 0
    },
    "2017-03-31": {
        "Diluted EPS": -0.05,
        "Total Revenue": 6,
        "Gross Profit": 2,
        "Operating Income": -2,
        "EBIT": -2,
        "Net Income": -2
    },
    "2016-12-31": {
        "Diluted EPS": -0.02,
        "Total Revenue": 6,
        "Gross Profit": 3,
        "Operating Income": 0,
        "EBIT": 0,
        "Net Income": -1
    },
    "2016-09-30": {
        "Diluted EPS": 0.0,
        "Total Revenue": 7,
        "Gross Profit": 3,
        "Operating Income": 0,
        "EBIT": 0,
        "Net Income": 0
    },
    "2016-06-30": {
        "Diluted EPS": -0.04,
        "Total Revenue": 6,
        "Gross Profit": 3,
        "Operating Income": -1,
        "EBIT": -1,
        "Net Income": -2
    },
    "2016-03-31": {
        "Diluted EPS": -0.03,
        "Total Revenue": 4,
        "Gross Profit": 2,
        "Operating Income": -1,
        "EBIT": -1,
        "Net Income": -1
    },
    "2015-12-31": {
        "Diluted EPS": -0.03,
        "Total Revenue": 4,
        "Gross Profit": 4,
        "Operating Income": 4,
        "EBIT": 4,
        "Net Income": -1
    },
    "2015-09-30": {
        "Diluted EPS": -0.02,
        "Total Revenue": 4,
        "Gross Profit": 2,
        "Operating Income": -1,
        "EBIT": -1,
        "Net Income": -1
    },
    "2015-06-30": {
        "Diluted EPS": -0.02,
        "Total Revenue": 5,
        "Gross Profit": 5,
        "Operating Income": 5,
        "EBIT": 5,
        "Net Income": -1
    },
    "2015-03-31": {
        "Diluted EPS": 0.01,
        "Total Revenue": 5,
        "Gross Profit": 5,
        "Operating Income": 5,
        "EBIT": 5,
        "Net Income": 0
    },
    "2014-12-31": {
        "Diluted EPS": 0.0,
        "Total Revenue": 5,
        "Gross Profit": 5,
        "Operating Income": 5,
        "EBIT": 5,
        "Net Income": 0
    },
    "2014-09-30": {
        "Diluted EPS": -0.04,
        "Total Revenue": 3,
        "Gross Profit": 3,
        "Operating Income": 3,
        "EBIT": 3,
        "Net Income": -1
    },
    "2014-06-30": {
        "Diluted EPS": -0.04,
        "Total Revenue": 3,
        "Gross Profit": 3,
        "Operating Income": 3,
        "EBIT": 3,
        "Net Income": -1
    },
    "2014-03-31": {
        "Diluted EPS": -0.03,
        "Total Revenue": 4,
        "Gross Profit": 4,
        "Operating Income": 4,
        "EBIT": 4,
        "Net Income": -1
    },
    "2013-12-31": {
        "Diluted EPS": -0.02,
        "Total Revenue": 3,
        "Gross Profit": 3,
        "Operating Income": 3,
        "EBIT": 3,
        "Net Income": 0
    },
    "2013-09-30": {
        "Diluted EPS": -0.04,
        "Total Revenue": 2,
        "Gross Profit": 2,
        "Operating Income": 2,
        "EBIT": 2,
        "Net Income": -1
    },
    "2013-06-30": {
        "Diluted EPS": -0.01,
        "Total Revenue": 3,
        "Gross Profit": 3,
        "Operating Income": 3,
        "EBIT": 3,
        "Net Income": 0
    },
    "2013-03-31": {
        "Diluted EPS": -0.02,
        "Total Revenue": 2,
        "Gross Profit": 1,
        "Operating Income": 0,
        "EBIT": 0,
        "Net Income": 0
    },
    "2012-12-31": {
        "Diluted EPS": -0.02,
        "Total Revenue": 2,
        "Gross Profit": 2,
        "Operating Income": 2,
        "EBIT": 2,
        "Net Income": 0
    },
    "2012-09-30": {
        "Diluted EPS": -0.04,
        "Total Revenue": 1,
        "Gross Profit": 0,
        "Operating Income": -1,
        "EBIT": -1,
        "Net Income": -1
    },
    "2012-06-30": {
        "Diluted EPS": 0.0,
        "Total Revenue": 2,
        "Gross Profit": 0,
        "Operating Income": -1,
        "EBIT": -1,
        "Net Income": -1
    },
    "2011-09-30": {
        "Diluted EPS": -0.01,
        "Total Revenue": 3,
        "Gross Profit": 3,
        "Operating Income": 3,
        "EBIT": 3,
        "Net Income": 0
    },
    "2011-06-30": {
        "Diluted EPS": -0.02,
        "Total Revenue": 2,
        "Gross Profit": 1,
        "Operating Income": 0,
        "EBIT": 0,
        "Net Income": 0
    },
    "2011-03-31": {
        "Diluted EPS": -0.02,
        "Total Revenue": 2,
        "Gross Profit": 2,
        "Operating Income": 2,
        "EBIT": 2,
        "Net Income": 0
    },
    "2010-12-31": {
        "Diluted EPS": -0.3,
        "Total Revenue": 0,
        "Gross Profit": 0,
        "Operating Income": 0,
        "EBIT": 0,
        "Net Income": -6
    },
    "2010-09-30": {
        "Diluted EPS": -0.27,
        "Total Revenue": 2,
        "Gross Profit": 0,
        "Operating Income": -5,
        "EBIT": -5,
        "Net Income": -5
    },
    "2010-06-30": {
        "Diluted EPS": -0.16,
        "Total Revenue": 4,
        "Gross Profit": 2,
        "Operating Income": -3,
        "EBIT": -3,
        "Net Income": -3
    },
    "2010-03-31": {
        "Diluted EPS": -0.4,
        "Total Revenue": 2,
        "Gross Profit": 1,
        "Operating Income": -5,
        "EBIT": -5,
        "Net Income": -6
    },
    "2009-12-31": {
        "Diluted EPS": -0.3,
        "Total Revenue": 2,
        "Gross Profit": 1,
        "Operating Income": -2,
        "EBIT": -2,
        "Net Income": -2
    },
    "2009-09-30": {
        "Diluted EPS": -0.02,
        "Total Revenue": 1,
        "Gross Profit": 1,
        "Operating Income": -3,
        "EBIT": -3,
        "Net Income": -3
    },
    "2009-06-30": {
        "Diluted EPS": -0.01,
        "Total Revenue": 1,
        "Gross Profit": 0,
        "Operating Income": -1,
        "EBIT": -1,
        "Net Income": -1
    },
    "2009-03-31": {
        "Diluted EPS": -0.01,
        "Total Revenue": 1,
        "Gross Profit": 0,
        "Operating Income": -1,
        "EBIT": -1,
        "Net Income": -1
    },
    "2023-06-30": {
        "Tax Effect Of Unusual Items": NaN,
        "Tax Rate For Calcs": NaN,
        "Normalized EBITDA": NaN,
        "Total Unusual Items": NaN,
        "Total Unusual Items Excluding Goodwill": NaN,
        "Net Income From Continuing Operation Net Minority Interest": NaN,
        "Reconciled Depreciation": NaN,
        "Reconciled Cost Of Revenue": NaN,
        "EBITDA": NaN,
        "EBIT": NaN,
        "Net Interest Income": NaN,
        "Interest Income": NaN,
        "Normalized Income": NaN,
        "Net Income From Continuing And Discontinued Operation": NaN,
        "Total Expenses": NaN,
        "Total Operating Income As Reported": NaN,
        "Diluted Average Shares": 236832000.0,
        "Basic Average Shares": 230535000.0,
        "Diluted EPS": 0.17,
        "Basic EPS": 0.18,
        "Diluted NI Availto Com Stockholders": NaN,
        "Average Dilution Earnings": 95000.0,
        "Net Income Common Stockholders": NaN,
        "Otherunder Preferred Stock Dividend": NaN,
        "Preferred Stock Dividends": NaN,
        "Net Income": NaN,
        "Net Income Including Noncontrolling Interests": NaN,
        "Net Income Continuous Operations": NaN,
        "Tax Provision": NaN,
        "Pretax Income": NaN,
        "Other Income Expense": NaN,
        "Gain On Sale Of Security": NaN,
        "Net Non Operating Interest Income Expense": NaN,
        "Interest Income Non Operating": NaN,
        "Operating Income": NaN,
        "Operating Expense": NaN,
        "Selling General And Administration": NaN,
        "Gross Profit": NaN,
        "Cost Of Revenue": NaN,
        "Total Revenue": NaN,
        "Operating Revenue": NaN
    },
    "2023-09-30": {
        "Tax Effect Of Unusual Items": NaN,
        "Tax Rate For Calcs": NaN,
        "Normalized EBITDA": NaN,
        "Total Unusual Items": NaN,
        "Total Unusual Items Excluding Goodwill": NaN,
        "Net Income From Continuing Operation Net Minority Interest": NaN,
        "Reconciled Depreciation": NaN,
        "Reconciled Cost Of Revenue": NaN,
        "EBITDA": NaN,
        "EBIT": NaN,
        "Net Interest Income": NaN,
        "Interest Income": NaN,
        "Normalized Income": NaN,
        "Net Income From Continuing And Discontinued Operation": NaN,
        "Total Expenses": NaN,
        "Total Operating Income As Reported": NaN,
        "Diluted Average Shares": 237273000.0,
        "Basic Average Shares": 231006000.0,
        "Diluted EPS": 0.296667,
        "Basic EPS": 0.306667,
        "Diluted NI Availto Com Stockholders": NaN,
        "Average Dilution Earnings": NaN,
        "Net Income Common Stockholders": NaN,
        "Otherunder Preferred Stock Dividend": 6702000.0,
        "Preferred Stock Dividends": NaN,
        "Net Income": NaN,
        "Net Income Including Noncontrolling Interests": NaN,
        "Net Income Continuous Operations": NaN,
        "Tax Provision": NaN,
        "Pretax Income": NaN,
        "Other Income Expense": NaN,
        "Gain On Sale Of Security": NaN,
        "Net Non Operating Interest Income Expense": NaN,
        "Interest Income Non Operating": NaN,
        "Operating Income": NaN,
        "Operating Expense": NaN,
        "Selling General And Administration": NaN,
        "Gross Profit": NaN,
        "Cost Of Revenue": NaN,
        "Total Revenue": NaN,
        "Operating Revenue": NaN
    },
    "2023-12-31": {
        "Tax Effect Of Unusual Items": NaN,
        "Tax Rate For Calcs": NaN,
        "Normalized EBITDA": NaN,
        "Total Unusual Items": -20000.0,
        "Total Unusual Items Excluding Goodwill": -20000.0,
        "Net Income From Continuing Operation Net Minority Interest": NaN,
        "Reconciled Depreciation": NaN,
        "Reconciled Cost Of Revenue": NaN,
        "EBITDA": NaN,
        "EBIT": NaN,
        "Net Interest Income": NaN,
        "Interest Expense": NaN,
        "Interest Income": NaN,
        "Normalized Income": NaN,
        "Net Income From Continuing And Discontinued Operation": NaN,
        "Total Expenses": NaN,
        "Total Operating Income As Reported": NaN,
        "Diluted Average Shares": NaN,
        "Basic Average Shares": NaN,
        "Diluted EPS": NaN,
        "Basic EPS": NaN,
        "Diluted NI Availto Com Stockholders": NaN,
        "Average Dilution Earnings": NaN,
        "Net Income Common Stockholders": NaN,
        "Otherunder Preferred Stock Dividend": 4085000.0,
        "Preferred Stock Dividends": NaN,
        "Net Income": NaN,
        "Net Income Including Noncontrolling Interests": NaN,
        "Net Income Continuous Operations": NaN,
        "Tax Provision": NaN,
        "Pretax Income": NaN,
        "Other Income Expense": NaN,
        "Other Non Operating Income Expenses": NaN,
        "Gain On Sale Of Security": -20000.0,
        "Net Non Operating Interest Income Expense": NaN,
        "Interest Expense Non Operating": NaN,
        "Interest Income Non Operating": NaN,
        "Operating Income": NaN,
        "Operating Expense": NaN,
        "Selling General And Administration": NaN,
        "Gross Profit": NaN,
        "Cost Of Revenue": NaN,
        "Total Revenue": NaN,
        "Operating Revenue": NaN
    },
    "2024-03-31": {
        "Tax Effect Of Unusual Items": NaN,
        "Tax Rate For Calcs": NaN,
        "Normalized EBITDA": NaN,
        "Total Unusual Items": -369000.0,
        "Total Unusual Items Excluding Goodwill": -369000.0,
        "Net Income From Continuing Operation Net Minority Interest": NaN,
        "Reconciled Depreciation": NaN,
        "Reconciled Cost Of Revenue": NaN,
        "EBITDA": NaN,
        "EBIT": NaN,
        "Net Interest Income": NaN,
        "Interest Expense": NaN,
        "Interest Income": NaN,
        "Normalized Income": NaN,
        "Net Income From Continuing And Discontinued Operation": NaN,
        "Total Expenses": NaN,
        "Total Operating Income As Reported": NaN,
        "Diluted Average Shares": NaN,
        "Basic Average Shares": NaN,
        "Diluted EPS": NaN,
        "Basic EPS": NaN,
        "Diluted NI Availto Com Stockholders": NaN,
        "Average Dilution Earnings": 112000.0,
        "Net Income Common Stockholders": NaN,
        "Otherunder Preferred Stock Dividend": 6128000.0,
        "Preferred Stock Dividends": NaN,
        "Net Income": NaN,
        "Net Income Including Noncontrolling Interests": NaN,
        "Net Income Continuous Operations": NaN,
        "Tax Provision": NaN,
        "Pretax Income": NaN,
        "Other Income Expense": NaN,
        "Other Non Operating Income Expenses": -341000.0,
        "Gain On Sale Of Security": -369000.0,
        "Net Non Operating Interest Income Expense": NaN,
        "Interest Expense Non Operating": NaN,
        "Interest Income Non Operating": NaN,
        "Operating Income": NaN,
        "Operating Expense": NaN,
        "Selling General And Administration": NaN,
        "Gross Profit": NaN,
        "Cost Of Revenue": NaN,
        "Total Revenue": NaN,
        "Operating Revenue": NaN
    },
    "2024-06-30": {
        "Tax Effect Of Unusual Items": 0.0,
        "Tax Rate For Calcs": 0.237482,
        "Normalized EBITDA": 106050000.0,
        "Total Unusual Items": -264000.0,
        "Total Unusual Items Excluding Goodwill": -264000.0,
        "Net Income From Continuing Operation Net Minority Interest": 79783000.0,
        "Reconciled Depreciation": 1419000.0,
        "Reconciled Cost Of Revenue": 192879000.0,
        "EBITDA": 106050000.0,
        "EBIT": 104631000.0,
        "Net Interest Income": 10647000.0,
        "Interest Expense": 0.0,
        "Interest Income": 10647000.0,
        "Normalized Income": 79783000.0,
        "Net Income From Continuing And Discontinued Operation": 79783000.0,
        "Total Expenses": 307729000.0,
        "Total Operating Income As Reported": 94248000.0,
        "Diluted Average Shares": 237595000.0,
        "Basic Average Shares": 233197000.0,
        "Diluted EPS": 0.28,
        "Basic EPS": 0.29,
        "Diluted NI Availto Com Stockholders": 66764000.0,
        "Average Dilution Earnings": 108000.0,
        "Net Income Common Stockholders": 66656000.0,
        "Otherunder Preferred Stock Dividend": NaN,
        "Preferred Stock Dividends": 13127000.0,
        "Net Income": 79783000.0,
        "Net Income Including Noncontrolling Interests": 79783000.0,
        "Net Income Continuous Operations": 79783000.0,
        "Tax Provision": 24848000.0,
        "Pretax Income": 104631000.0,
        "Other Income Expense": -264000.0,
        "Other Non Operating Income Expenses": -264000.0,
        "Gain On Sale Of Security": -264000.0,
        "Net Non Operating Interest Income Expense": 10647000.0,
        "Interest Expense Non Operating": 0.0,
        "Interest Income Non Operating": 10647000.0,
        "Operating Income": 94248000.0,
        "Operating Expense": 114850000.0,
        "Selling General And Administration": 114850000.0,
        "Gross Profit": 209098000.0,
        "Cost Of Revenue": 192879000.0,
        "Total Revenue": 401977000.0,
        "Operating Revenue": 401977000.0
    },
    "2024-09-30": {
        "Tax Effect Of Unusual Items": 61771.0,
        "Tax Rate For Calcs": 0.223,
        "Normalized EBITDA": -1251000.0,
        "Total Unusual Items": 277000.0,
        "Total Unusual Items Excluding Goodwill": 277000.0,
        "Net Income From Continuing Operation Net Minority Interest": 6356000.0,
        "Reconciled Depreciation": 2240000.0,
        "Reconciled Cost Of Revenue": 143519000.0,
        "EBITDA": -974000.0,
        "EBIT": -3214000.0,
        "Net Interest Income": 11112000.0,
        "Interest Expense": NaN,
        "Interest Income": 11112000.0,
        "Normalized Income": 6140771.0,
        "Net Income From Continuing And Discontinued Operation": 6356000.0,
        "Total Expenses": 268962000.0,
        "Total Operating Income As Reported": -3214000.0,
        "Diluted Average Shares": 233696000.0,
        "Basic Average Shares": 233696000.0,
        "Diluted EPS": -0.002383,
        "Basic EPS": -0.002383,
        "Diluted NI Availto Com Stockholders": -557000.0,
        "Average Dilution Earnings": NaN,
        "Net Income Common Stockholders": -557000.0,
        "Otherunder Preferred Stock Dividend": 0.0,
        "Preferred Stock Dividends": 6913000.0,
        "Net Income": 6356000.0,
        "Net Income Including Noncontrolling Interests": 6356000.0,
        "Net Income Continuous Operations": 6356000.0,
        "Tax Provision": 1819000.0,
        "Pretax Income": 8175000.0,
        "Other Income Expense": 277000.0,
        "Other Non Operating Income Expenses": NaN,
        "Gain On Sale Of Security": 277000.0,
        "Net Non Operating Interest Income Expense": 11112000.0,
        "Interest Expense Non Operating": NaN,
        "Interest Income Non Operating": 11112000.0,
        "Operating Income": -3214000.0,
        "Operating Expense": 125443000.0,
        "Selling General And Administration": 125443000.0,
        "Gross Profit": 122229000.0,
        "Cost Of Revenue": 143519000.0,
        "Total Revenue": 265748000.0,
        "Operating Revenue": 265748000.0
    },
    "2024-12-31": {
        "Tax Effect Of Unusual Items": -289380.0,
        "Tax Rate For Calcs": 0.21,
        "Normalized EBITDA": -14732000.0,
        "Total Unusual Items": -1378000.0,
        "Total Unusual Items Excluding Goodwill": -1378000.0,
        "Net Income From Continuing Operation Net Minority Interest": -18876000.0,
        "Reconciled Depreciation": 2386000.0,
        "Reconciled Cost Of Revenue": 165524000.0,
        "EBITDA": -16110000.0,
        "EBIT": -18496000.0,
        "Net Interest Income": 7864000.0,
        "Interest Expense": NaN,
        "Interest Income": 7864000.0,
        "Normalized Income": -17787380.0,
        "Net Income From Continuing And Discontinued Operation": -18876000.0,
        "Total Expenses": 350693000.0,
        "Total Operating Income As Reported": -18496000.0,
        "Diluted Average Shares": 257880000.0,
        "Basic Average Shares": 257880000.0,
        "Diluted EPS": -0.11,
        "Basic EPS": -0.1,
        "Diluted NI Availto Com Stockholders": -23402000.0,
        "Average Dilution Earnings": NaN,
        "Net Income Common Stockholders": -23548000.0,
        "Otherunder Preferred Stock Dividend": -2240000.0,
        "Preferred Stock Dividends": 6912000.0,
        "Net Income": -18876000.0,
        "Net Income Including Noncontrolling Interests": -18876000.0,
        "Net Income Continuous Operations": -18876000.0,
        "Tax Provision": 8659000.0,
        "Pretax Income": -10217000.0,
        "Other Income Expense": 415000.0,
        "Other Non Operating Income Expenses": NaN,
        "Gain On Sale Of Security": -1378000.0,
        "Net Non Operating Interest Income Expense": 7864000.0,
        "Interest Expense Non Operating": NaN,
        "Interest Income Non Operating": 7864000.0,
        "Operating Income": -18496000.0,
        "Operating Expense": 185169000.0,
        "Selling General And Administration": 185169000.0,
        "Gross Profit": 166673000.0,
        "Cost Of Revenue": 165524000.0,
        "Total Revenue": 332197000.0,
        "Operating Revenue": 332197000.0
    },
    "2025-03-31": {
        "Tax Effect Of Unusual Items": 0.0,
        "Tax Rate For Calcs": 0.272,
        "Normalized EBITDA": 54642000.0,
        "Total Unusual Items": NaN,
        "Total Unusual Items Excluding Goodwill": NaN,
        "Net Income From Continuing Operation Net Minority Interest": 44419000.0,
        "Reconciled Depreciation": 2611000.0,
        "Reconciled Cost Of Revenue": 156903000.0,
        "EBITDA": 54642000.0,
        "EBIT": 52031000.0,
        "Net Interest Income": 7846000.0,
        "Interest Expense": NaN,
        "Interest Income": 7846000.0,
        "Normalized Income": 44419000.0,
        "Net Income From Continuing And Discontinued Operation": 44419000.0,
        "Total Expenses": 277245000.0,
        "Total Operating Income As Reported": 52031000.0,
        "Diluted Average Shares": 237172000.0,
        "Basic Average Shares": 235191000.0,
        "Diluted EPS": 0.15,
        "Basic EPS": 0.15,
        "Diluted NI Availto Com Stockholders": 34443000.0,
        "Average Dilution Earnings": 24000.0,
        "Net Income Common Stockholders": 34419000.0,
        "Otherunder Preferred Stock Dividend": 3219000.0,
        "Preferred Stock Dividends": 6781000.0,
        "Net Income": 44419000.0,
        "Net Income Including Noncontrolling Interests": 44419000.0,
        "Net Income Continuous Operations": 44419000.0,
        "Tax Provision": 16574000.0,
        "Pretax Income": 60993000.0,
        "Other Income Expense": 1116000.0,
        "Other Non Operating Income Expenses": 1116000.0,
        "Gain On Sale Of Security": NaN,
        "Net Non Operating Interest Income Expense": 7846000.0,
        "Interest Expense Non Operating": NaN,
        "Interest Income Non Operating": 7846000.0,
        "Operating Income": 52031000.0,
        "Operating Expense": 120342000.0,
        "Selling General And Administration": 120342000.0,
        "Gross Profit": 172373000.0,
        "Cost Of Revenue": 156903000.0,
        "Total Revenue": 329276000.0,
        "Operating Revenue": 329276000.0
    },
    "2025-06-30": {
        "Tax Effect Of Unusual Items": 0.0,
        "Tax Rate For Calcs": 0.22871,
        "Normalized EBITDA": 156664000.0,
        "Total Unusual Items": NaN,
        "Total Unusual Items Excluding Goodwill": NaN,
        "Net Income From Continuing Operation Net Minority Interest": 99855000.0,
        "Reconciled Depreciation": 9119000.0,
        "Reconciled Cost Of Revenue": 358408000.0,
        "EBITDA": 156664000.0,
        "EBIT": 147545000.0,
        "Net Interest Income": -14042000.0,
        "Interest Expense": 18080000.0,
        "Interest Income": 4038000.0,
        "Normalized Income": 99855000.0,
        "Net Income From Continuing And Discontinued Operation": 99855000.0,
        "Total Expenses": 596294000.0,
        "Total Operating Income As Reported": 142965000.0,
        "Diluted Average Shares": 260211000.0,
        "Basic Average Shares": 257750000.0,
        "Diluted EPS": 0.33,
        "Basic EPS": 0.33,
        "Diluted NI Availto Com Stockholders": 85754000.0,
        "Average Dilution Earnings": 64000.0,
        "Net Income Common Stockholders": 85690000.0,
        "Otherunder Preferred Stock Dividend": NaN,
        "Preferred Stock Dividends": 14165000.0,
        "Net Income": 99855000.0,
        "Net Income Including Noncontrolling Interests": 99855000.0,
        "Net Income Continuous Operations": 99855000.0,
        "Tax Provision": 29610000.0,
        "Pretax Income": 129465000.0,
        "Other Income Expense": 542000.0,
        "Other Non Operating Income Expenses": 542000.0,
        "Gain On Sale Of Security": NaN,
        "Net Non Operating Interest Income Expense": -14042000.0,
        "Interest Expense Non Operating": 18080000.0,
        "Interest Income Non Operating": 4038000.0,
        "Operating Income": 142965000.0,
        "Operating Expense": 237886000.0,
        "Selling General And Administration": 237886000.0,
        "Gross Profit": 380851000.0,
        "Cost Of Revenue": 358408000.0,
        "Total Revenue": 739259000.0,
        "Operating Revenue": 739259000.0
    }
}