{
    "2023-03-31": {
        "Tax Effect Of Unusual Items": 0.0,
        "Tax Rate For Calcs": 0.239,
        "Normalized EBITDA": 100931000.0,
        "Net Income From Continuing Operation Net Minority Interest": 48115000.0,
        "Reconciled Depreciation": 22109000.0,
        "Reconciled Cost Of Revenue": 649366000.0,
        "EBITDA": 100931000.0,
        "EBIT": 78822000.0,
        "Net Interest Income": -14690000.0,
        "Interest Expense": 14876000.0,
        "Interest Income": 186000.0,
        "Normalized Income": 48115000.0,
        "Net Income From Continuing And Discontinued Operation": 48115000.0,
        "Total Expenses": 830963000.0,
        "Total Operating Income As Reported": 78041000.0,
        "Diluted Average Shares": 66918000.0,
        "Basic Average Shares": 65554000.0,
        "Diluted EPS": 0.72,
        "Basic EPS": 0.73,
        "Diluted NI Availto Com Stockholders": 48115000.0,
        "Average Dilution Earnings": NaN,
        "Net Income Common Stockholders": 48115000.0,
        "Net Income": 48115000.0,
        "Minority Interests": -563000.0,
        "Net Income Including Noncontrolling Interests": 48678000.0,
        "Net Income Continuous Operations": 48678000.0,
        "Tax Provision": 15268000.0,
        "Pretax Income": 63946000.0,
        "Other Income Expense": 595000.0,
        "Other Non Operating Income Expenses": 595000.0,
        "Net Non Operating Interest Income Expense": -14690000.0,
        "Interest Expense Non Operating": 14876000.0,
        "Interest Income Non Operating": 186000.0,
        "Operating Income": 78041000.0,
        "Operating Expense": 181597000.0,
        "Selling General And Administration": 181597000.0,
        "Gross Profit": 259638000.0,
        "Cost Of Revenue": 649366000.0,
        "Total Revenue": 909004000.0,
        "Operating Revenue": 909004000.0
    },
    "2022-12-31": {
        "Tax Effect Of Unusual Items": NaN,
        "Tax Rate For Calcs": NaN,
        "Normalized EBITDA": NaN,
        "Net Income From Continuing Operation Net Minority Interest": NaN,
        "Reconciled Depreciation": NaN,
        "Reconciled Cost Of Revenue": NaN,
        "EBITDA": NaN,
        "EBIT": NaN,
        "Net Interest Income": NaN,
        "Interest Expense": NaN,
        "Interest Income": NaN,
        "Normalized Income": NaN,
        "Net Income From Continuing And Discontinued Operation": NaN,
        "Total Expenses": NaN,
        "Total Operating Income As Reported": NaN,
        "Diluted Average Shares": NaN,
        "Basic Average Shares": NaN,
        "Diluted EPS": NaN,
        "Basic EPS": NaN,
        "Diluted NI Availto Com Stockholders": NaN,
        "Average Dilution Earnings": 0.0,
        "Net Income Common Stockholders": NaN,
        "Net Income": NaN,
        "Minority Interests": NaN,
        "Net Income Including Noncontrolling Interests": NaN,
        "Net Income Continuous Operations": NaN,
        "Tax Provision": NaN,
        "Pretax Income": NaN,
        "Other Income Expense": NaN,
        "Other Non Operating Income Expenses": NaN,
        "Net Non Operating Interest Income Expense": NaN,
        "Interest Expense Non Operating": NaN,
        "Interest Income Non Operating": NaN,
        "Operating Income": NaN,
        "Operating Expense": NaN,
        "Selling General And Administration": NaN,
        "Gross Profit": NaN,
        "Cost Of Revenue": NaN,
        "Total Revenue": NaN,
        "Operating Revenue": NaN
    },
    "2022-09-30": {
        "Tax Effect Of Unusual Items": 0.0,
        "Tax Rate For Calcs": 0.314493,
        "Normalized EBITDA": 33785000.0,
        "Net Income From Continuing Operation Net Minority Interest": -1990000.0,
        "Reconciled Depreciation": 22615000.0,
        "Reconciled Cost Of Revenue": 507751000.0,
        "EBITDA": 33785000.0,
        "EBIT": 11170000.0,
        "Net Interest Income": -14089000.0,
        "Interest Expense": 14620000.0,
        "Interest Income": 531000.0,
        "Normalized Income": -1990000.0,
        "Net Income From Continuing And Discontinued Operation": -1990000.0,
        "Total Expenses": 694544000.0,
        "Total Operating Income As Reported": 12898000.0,
        "Diluted Average Shares": 52718000.0,
        "Basic Average Shares": 52718000.0,
        "Diluted EPS": -0.04,
        "Basic EPS": -0.04,
        "Diluted NI Availto Com Stockholders": -1990000.0,
        "Net Income Common Stockholders": -1990000.0,
        "Net Income": -1990000.0,
        "Minority Interests": 375000.0,
        "Net Income Including Noncontrolling Interests": -2365000.0,
        "Net Income Continuous Operations": -2365000.0,
        "Tax Provision": -1085000.0,
        "Pretax Income": -3450000.0,
        "Other Income Expense": -2259000.0,
        "Other Non Operating Income Expenses": -2259000.0,
        "Net Non Operating Interest Income Expense": -14089000.0,
        "Interest Expense Non Operating": 14620000.0,
        "Interest Income Non Operating": 531000.0,
        "Operating Income": 12898000.0,
        "Operating Expense": 186793000.0,
        "Selling General And Administration": 186793000.0,
        "Gross Profit": 199691000.0,
        "Cost Of Revenue": 507751000.0,
        "Total Revenue": 707442000.0,
        "Operating Revenue": 707442000.0
    },
    "2022-06-30": {
        "Tax Effect Of Unusual Items": 0.0,
        "Tax Rate For Calcs": 0.237,
        "Normalized EBITDA": 113407000.0,
        "Net Income From Continuing Operation Net Minority Interest": 75420000.0,
        "Reconciled Depreciation": 19884000.0,
        "Reconciled Cost Of Revenue": 707752000.0,
        "EBITDA": 113407000.0,
        "EBIT": 113407000.0,
        "Net Interest Income": -14335000.0,
        "Interest Expense": 14422000.0,
        "Interest Income": 87000.0,
        "Normalized Income": 75420000.0,
        "Net Income From Continuing And Discontinued Operation": 75420000.0,
        "Total Expenses": 901299000.0,
        "Total Operating Income As Reported": 114079000.0,
        "Diluted Average Shares": 54329000.0,
        "Basic Average Shares": 53237000.0,
        "Diluted EPS": 1.39,
        "Basic EPS": 1.42,
        "Diluted NI Availto Com Stockholders": 75420000.0,
        "Net Income Common Stockholders": 75420000.0,
        "Net Income": 75420000.0,
        "Minority Interests": -135000.0,
        "Net Income Including Noncontrolling Interests": 75555000.0,
        "Net Income Continuous Operations": 75555000.0,
        "Tax Provision": 23430000.0,
        "Pretax Income": 98985000.0,
        "Other Income Expense": -759000.0,
        "Other Non Operating Income Expenses": -759000.0,
        "Net Non Operating Interest Income Expense": -14335000.0,
        "Interest Expense Non Operating": 14422000.0,
        "Interest Income Non Operating": 87000.0,
        "Operating Income": 114079000.0,
        "Operating Expense": 193547000.0,
        "Selling General And Administration": 193547000.0,
        "Gross Profit": 307626000.0,
        "Cost Of Revenue": 707752000.0,
        "Total Revenue": 1015378000.0,
        "Operating Revenue": 1015378000.0
    },
    "2023-06-30": {
        "Tax Effect Of Unusual Items": NaN,
        "Tax Rate For Calcs": NaN,
        "Normalized EBITDA": NaN,
        "Net Income From Continuing Operation Net Minority Interest": NaN,
        "Reconciled Depreciation": NaN,
        "Reconciled Cost Of Revenue": NaN,
        "EBITDA": NaN,
        "EBIT": NaN,
        "Net Interest Income": NaN,
        "Interest Expense": NaN,
        "Interest Income": NaN,
        "Normalized Income": NaN,
        "Net Income From Continuing And Discontinued Operation": NaN,
        "Total Expenses": NaN,
        "Total Operating Income As Reported": NaN,
        "Diluted Average Shares": NaN,
        "Basic Average Shares": NaN,
        "Diluted EPS": NaN,
        "Basic EPS": NaN,
        "Diluted NI Availto Com Stockholders": NaN,
        "Average Dilution Earnings": 0.0,
        "Net Income Common Stockholders": NaN,
        "Net Income": NaN,
        "Minority Interests": NaN,
        "Net Income Including Noncontrolling Interests": NaN,
        "Net Income Continuous Operations": NaN,
        "Tax Provision": NaN,
        "Pretax Income": NaN,
        "Other Income Expense": NaN,
        "Other Non Operating Income Expenses": NaN,
        "Net Non Operating Interest Income Expense": NaN,
        "Interest Expense Non Operating": NaN,
        "Interest Income Non Operating": NaN,
        "Operating Income": NaN,
        "Operating Expense": NaN,
        "Selling General And Administration": NaN,
        "Gross Profit": NaN,
        "Cost Of Revenue": NaN,
        "Total Revenue": NaN,
        "Operating Revenue": NaN
    },
    "2022-03-31": {
        "Diluted EPS": 1.27,
        "Total Revenue": 954,
        "Gross Profit": 287,
        "Operating Income": 107,
        "EBIT": 126,
        "Net Income": 70
    },
    "2021-12-31": {
        "Diluted EPS": 0.16,
        "Total Revenue": 661,
        "Gross Profit": 198,
        "Operating Income": 26,
        "EBIT": 47,
        "Net Income": 9
    },
    "2021-09-30": {
        "Diluted EPS": -0.04,
        "Total Revenue": 739,
        "Gross Profit": 213,
        "Operating Income": 10,
        "EBIT": 32,
        "Net Income": -3
    },
    "2021-06-30": {
        "Diluted EPS": 1.37,
        "Total Revenue": NaN,
        "Gross Profit": 320,
        "Operating Income": 113,
        "EBIT": 135,
        "Net Income": 76
    },
    "2021-03-31": {
        "Diluted EPS": 1.32,
        "Total Revenue": 935,
        "Gross Profit": 272,
        "Operating Income": 105,
        "EBIT": 124,
        "Net Income": 73
    },
    "2020-12-31": {
        "Diluted EPS": 0.1,
        "Total Revenue": 592,
        "Gross Profit": 165,
        "Operating Income": 27,
        "EBIT": 40,
        "Net Income": 6
    },
    "2020-09-30": {
        "Diluted EPS": 0.23,
        "Total Revenue": 676,
        "Gross Profit": 196,
        "Operating Income": 25,
        "EBIT": 41,
        "Net Income": 14
    },
    "2020-06-30": {
        "Diluted EPS": 1.27,
        "Total Revenue": 833,
        "Gross Profit": 262,
        "Operating Income": 105,
        "EBIT": 118,
        "Net Income": 69
    },
    "2020-03-31": {
        "Diluted EPS": 0.78,
        "Total Revenue": 703,
        "Gross Profit": 207,
        "Operating Income": 66,
        "EBIT": 80,
        "Net Income": 43
    },
    "2019-12-31": {
        "Diluted EPS": -0.08,
        "Total Revenue": 483,
        "Gross Profit": 131,
        "Operating Income": 2,
        "EBIT": 16,
        "Net Income": -4
    },
    "2019-09-30": {
        "Diluted EPS": 0.05,
        "Total Revenue": 541,
        "Gross Profit": 149,
        "Operating Income": 11,
        "EBIT": 25,
        "Net Income": 2
    },
    "2019-06-30": {
        "Diluted EPS": 0.8,
        "Total Revenue": 707,
        "Gross Profit": 219,
        "Operating Income": 69,
        "EBIT": 82,
        "Net Income": 46
    },
    "2019-03-31": {
        "Diluted EPS": 0.73,
        "Total Revenue": 674,
        "Gross Profit": 206,
        "Operating Income": 62,
        "EBIT": 74,
        "Net Income": 42
    },
    "2018-12-31": {
        "Diluted EPS": 0.03,
        "Total Revenue": 462,
        "Gross Profit": 130,
        "Operating Income": 10,
        "EBIT": 23,
        "Net Income": 2
    },
    "2018-09-30": {
        "Diluted EPS": 0.17,
        "Total Revenue": 502,
        "Gross Profit": 147,
        "Operating Income": 18,
        "EBIT": 31,
        "Net Income": 11
    },
    "2018-06-30": {
        "Diluted EPS": 0.79,
        "Total Revenue": 658,
        "Gross Profit": 202,
        "Operating Income": 61,
        "EBIT": 74,
        "Net Income": 42
    },
    "2018-03-31": {
        "Diluted EPS": 0.86,
        "Total Revenue": 613,
        "Gross Profit": 194,
        "Operating Income": 66,
        "EBIT": 77,
        "Net Income": 45
    },
    "2017-12-31": {
        "Diluted EPS": 0.5,
        "Total Revenue": 442,
        "Gross Profit": 132,
        "Operating Income": 23,
        "EBIT": 34,
        "Net Income": 26
    },
    "2017-09-30": {
        "Diluted EPS": 0.08,
        "Total Revenue": 490,
        "Gross Profit": 145,
        "Operating Income": 14,
        "EBIT": 26,
        "Net Income": 4
    },
    "2017-06-30": {
        "Diluted EPS": 0.62,
        "Total Revenue": 575,
        "Gross Profit": 183,
        "Operating Income": 58,
        "EBIT": 69,
        "Net Income": 32
    },
    "2017-03-31": {
        "Diluted EPS": 0.67,
        "Total Revenue": 570,
        "Gross Profit": 184,
        "Operating Income": 64,
        "EBIT": 75,
        "Net Income": 35
    },
    "2016-12-31": {
        "Diluted EPS": 0.15,
        "Total Revenue": 419,
        "Gross Profit": 121,
        "Operating Income": 20,
        "EBIT": 30,
        "Net Income": 8
    },
    "2016-09-30": {
        "Diluted EPS": -0.11,
        "Total Revenue": 413,
        "Gross Profit": 120,
        "Operating Income": 13,
        "EBIT": 24,
        "Net Income": -6
    },
    "2016-06-30": {
        "Diluted EPS": 0.51,
        "Total Revenue": 515,
        "Gross Profit": 164,
        "Operating Income": 48,
        "EBIT": 60,
        "Net Income": 26
    },
    "2016-03-31": {
        "Diluted EPS": 0.65,
        "Total Revenue": 541,
        "Gross Profit": 169,
        "Operating Income": 59,
        "EBIT": 69,
        "Net Income": 33
    },
    "2015-12-31": {
        "Diluted EPS": -0.18,
        "Total Revenue": 360,
        "Gross Profit": 100,
        "Operating Income": 9,
        "EBIT": 18,
        "Net Income": -9
    },
    "2015-09-30": {
        "Diluted EPS": -0.09,
        "Total Revenue": 386,
        "Gross Profit": 108,
        "Operating Income": 1,
        "EBIT": 10,
        "Net Income": -4
    },
    "2015-06-30": {
        "Diluted EPS": 0.38,
        "Total Revenue": 459,
        "Gross Profit": 142,
        "Operating Income": 39,
        "EBIT": 48,
        "Net Income": 19
    },
    "2015-03-31": {
        "Diluted EPS": 0.47,
        "Total Revenue": 498,
        "Gross Profit": 150,
        "Operating Income": 50,
        "EBIT": 59,
        "Net Income": 23
    },
    "2014-12-31": {
        "Diluted EPS": -0.12,
        "Total Revenue": 307,
        "Gross Profit": 88,
        "Operating Income": 1,
        "EBIT": 10,
        "Net Income": -6
    },
    "2014-09-30": {
        "Diluted EPS": -0.08,
        "Total Revenue": 374,
        "Gross Profit": 108,
        "Operating Income": 1,
        "EBIT": 13,
        "Net Income": -4
    },
    "2014-06-30": {
        "Diluted EPS": 0.09,
        "Total Revenue": 438,
        "Gross Profit": 119,
        "Operating Income": 18,
        "EBIT": 28,
        "Net Income": 5
    },
    "2014-03-31": {
        "Diluted EPS": 0.43,
        "Total Revenue": 502,
        "Gross Profit": 148,
        "Operating Income": 45,
        "EBIT": 54,
        "Net Income": 21
    },
    "2013-12-31": {
        "Diluted EPS": -0.26,
        "Total Revenue": 291,
        "Gross Profit": 80,
        "Operating Income": -8,
        "EBIT": 0,
        "Net Income": -13
    },
    "2013-09-30": {
        "Diluted EPS": -0.46,
        "Total Revenue": 369,
        "Gross Profit": 81,
        "Operating Income": -26,
        "EBIT": -15,
        "Net Income": -23
    },
    "2013-06-30": {
        "Diluted EPS": 0.28,
        "Total Revenue": 494,
        "Gross Profit": 152,
        "Operating Income": 33,
        "EBIT": 41,
        "Net Income": 14
    },
    "2013-03-31": {
        "Diluted EPS": 0.46,
        "Total Revenue": 498,
        "Gross Profit": 153,
        "Operating Income": 47,
        "EBIT": 55,
        "Net Income": 22
    },
    "2012-12-31": {
        "Diluted EPS": -0.32,
        "Total Revenue": 292,
        "Gross Profit": 77,
        "Operating Income": -13,
        "EBIT": -5,
        "Net Income": -15
    },
    "2012-09-30": {
        "Diluted EPS": -0.21,
        "Total Revenue": 397,
        "Gross Profit": 105,
        "Operating Income": -8,
        "EBIT": -1,
        "Net Income": -10
    },
    "2012-06-30": {
        "Diluted EPS": 0.47,
        "Total Revenue": 534,
        "Gross Profit": 181,
        "Operating Income": 49,
        "EBIT": 57,
        "Net Income": 23
    },
    "2012-03-31": {
        "Diluted EPS": 0.45,
        "Total Revenue": 467,
        "Gross Profit": 148,
        "Operating Income": 45,
        "EBIT": 53,
        "Net Income": 22
    },
    "2011-12-31": {
        "Diluted EPS": -0.27,
        "Total Revenue": 302,
        "Gross Profit": 81,
        "Operating Income": -11,
        "EBIT": -4,
        "Net Income": -13
    },
    "2011-09-30": {
        "Diluted EPS": -0.19,
        "Total Revenue": 377,
        "Gross Profit": 98,
        "Operating Income": -5,
        "EBIT": 3,
        "Net Income": -11
    },
    "2011-06-30": {
        "Diluted EPS": 0.31,
        "Total Revenue": 484,
        "Gross Profit": 149,
        "Operating Income": 37,
        "EBIT": 44,
        "Net Income": 17
    },
    "2011-03-31": {
        "Diluted EPS": 0.54,
        "Total Revenue": 486,
        "Gross Profit": 163,
        "Operating Income": 60,
        "EBIT": 67,
        "Net Income": 32
    },
    "2010-12-31": {
        "Diluted EPS": -0.16,
        "Total Revenue": 282,
        "Gross Profit": 83,
        "Operating Income": -6,
        "EBIT": 1,
        "Net Income": -10
    },
    "2010-09-30": {
        "Diluted EPS": -0.15,
        "Total Revenue": 347,
        "Gross Profit": 103,
        "Operating Income": -5,
        "EBIT": 15,
        "Net Income": -9
    },
    "2010-06-30": {
        "Diluted EPS": 0.4,
        "Total Revenue": 465,
        "Gross Profit": 163,
        "Operating Income": 53,
        "EBIT": 60,
        "Net Income": 26
    },
    "2010-03-31": {
        "Diluted EPS": 0.49,
        "Total Revenue": 442,
        "Gross Profit": 161,
        "Operating Income": 61,
        "EBIT": 68,
        "Net Income": 32
    },
    "2009-12-31": {
        "Diluted EPS": -0.04,
        "Total Revenue": 269,
        "Gross Profit": 88,
        "Operating Income": 1,
        "EBIT": 8,
        "Net Income": -3
    },
    "2009-09-30": {
        "Diluted EPS": 0.12,
        "Total Revenue": 363,
        "Gross Profit": 116,
        "Operating Income": 20,
        "EBIT": 27,
        "Net Income": 8
    },
    "2009-06-30": {
        "Diluted EPS": 0.44,
        "Total Revenue": 482,
        "Gross Profit": 165,
        "Operating Income": 52,
        "EBIT": 59,
        "Net Income": 31
    },
    "2009-03-31": {
        "Diluted EPS": 0.47,
        "Total Revenue": 476,
        "Gross Profit": 161,
        "Operating Income": 57,
        "EBIT": 64,
        "Net Income": 33
    },
    "2023-09-30": {
        "Tax Effect Of Unusual Items": NaN,
        "Tax Rate For Calcs": NaN,
        "Normalized EBITDA": NaN,
        "Net Income From Continuing Operation Net Minority Interest": NaN,
        "Reconciled Depreciation": NaN,
        "Reconciled Cost Of Revenue": NaN,
        "EBITDA": NaN,
        "EBIT": NaN,
        "Net Interest Income": NaN,
        "Interest Expense": NaN,
        "Interest Income": NaN,
        "Normalized Income": NaN,
        "Net Income From Continuing And Discontinued Operation": NaN,
        "Total Expenses": NaN,
        "Total Operating Income As Reported": NaN,
        "Diluted Average Shares": 66671250.0,
        "Basic Average Shares": 65265000.0,
        "Diluted EPS": 0.04,
        "Basic EPS": 0.04,
        "Diluted NI Availto Com Stockholders": NaN,
        "Average Dilution Earnings": NaN,
        "Net Income Common Stockholders": NaN,
        "Net Income": NaN,
        "Minority Interests": NaN,
        "Net Income Including Noncontrolling Interests": NaN,
        "Net Income Continuous Operations": NaN,
        "Tax Provision": NaN,
        "Pretax Income": NaN,
        "Other Income Expense": NaN,
        "Other Non Operating Income Expenses": NaN,
        "Net Non Operating Interest Income Expense": NaN,
        "Interest Expense Non Operating": NaN,
        "Interest Income Non Operating": NaN,
        "Operating Income": NaN,
        "Operating Expense": NaN,
        "Selling General And Administration": NaN,
        "Gross Profit": NaN,
        "Cost Of Revenue": NaN,
        "Total Revenue": NaN,
        "Operating Revenue": NaN
    },
    "2023-12-31": {
        "Tax Effect Of Unusual Items": NaN,
        "Tax Rate For Calcs": NaN,
        "Normalized EBITDA": NaN,
        "Net Income From Continuing Operation Net Minority Interest": NaN,
        "Reconciled Depreciation": NaN,
        "Reconciled Cost Of Revenue": NaN,
        "EBITDA": NaN,
        "EBIT": NaN,
        "Net Interest Income": NaN,
        "Interest Expense": NaN,
        "Interest Income": NaN,
        "Normalized Income": NaN,
        "Net Income From Continuing And Discontinued Operation": NaN,
        "Total Expenses": NaN,
        "Total Operating Income As Reported": NaN,
        "Diluted Average Shares": NaN,
        "Basic Average Shares": NaN,
        "Diluted EPS": NaN,
        "Basic EPS": NaN,
        "Diluted NI Availto Com Stockholders": NaN,
        "Average Dilution Earnings": 0.0,
        "Net Income Common Stockholders": NaN,
        "Net Income": NaN,
        "Minority Interests": NaN,
        "Net Income Including Noncontrolling Interests": NaN,
        "Net Income Continuous Operations": NaN,
        "Tax Provision": NaN,
        "Pretax Income": NaN,
        "Other Income Expense": NaN,
        "Other Non Operating Income Expenses": NaN,
        "Net Non Operating Interest Income Expense": NaN,
        "Interest Expense Non Operating": NaN,
        "Interest Income Non Operating": NaN,
        "Operating Income": NaN,
        "Operating Expense": NaN,
        "Selling General And Administration": NaN,
        "Gross Profit": NaN,
        "Cost Of Revenue": NaN,
        "Total Revenue": NaN,
        "Operating Revenue": NaN
    },
    "2024-03-31": {
        "Tax Effect Of Unusual Items": NaN,
        "Tax Rate For Calcs": NaN,
        "Normalized EBITDA": NaN,
        "Net Income From Continuing Operation Net Minority Interest": NaN,
        "Reconciled Depreciation": NaN,
        "Reconciled Cost Of Revenue": NaN,
        "EBITDA": NaN,
        "EBIT": NaN,
        "Net Interest Income": NaN,
        "Interest Expense": NaN,
        "Interest Income": NaN,
        "Normalized Income": NaN,
        "Net Income From Continuing And Discontinued Operation": NaN,
        "Total Expenses": NaN,
        "Total Operating Income As Reported": NaN,
        "Diluted Average Shares": NaN,
        "Basic Average Shares": NaN,
        "Diluted EPS": NaN,
        "Basic EPS": NaN,
        "Diluted NI Availto Com Stockholders": NaN,
        "Average Dilution Earnings": 0.0,
        "Net Income Common Stockholders": NaN,
        "Net Income": NaN,
        "Minority Interests": NaN,
        "Net Income Including Noncontrolling Interests": NaN,
        "Net Income Continuous Operations": NaN,
        "Tax Provision": NaN,
        "Pretax Income": NaN,
        "Other Income Expense": NaN,
        "Other Non Operating Income Expenses": NaN,
        "Net Non Operating Interest Income Expense": NaN,
        "Interest Expense Non Operating": NaN,
        "Interest Income Non Operating": NaN,
        "Operating Income": NaN,
        "Operating Expense": NaN,
        "Selling General And Administration": NaN,
        "Gross Profit": NaN,
        "Cost Of Revenue": NaN,
        "Total Revenue": NaN,
        "Operating Revenue": NaN
    },
    "2024-06-30": {
        "Tax Effect Of Unusual Items": 0.0,
        "Tax Rate For Calcs": 0.240389,
        "Normalized EBITDA": 143377000.0,
        "Net Income From Continuing Operation Net Minority Interest": 79724000.0,
        "Reconciled Depreciation": 22712000.0,
        "Reconciled Cost Of Revenue": 679290000.0,
        "EBITDA": 143377000.0,
        "EBIT": 120665000.0,
        "Net Interest Income": -10216000.0,
        "Interest Expense": 14720000.0,
        "Interest Income": 4504000.0,
        "Normalized Income": 79724000.0,
        "Net Income From Continuing And Discontinued Operation": 79724000.0,
        "Total Expenses": 880412000.0,
        "Total Operating Income As Reported": 115936000.0,
        "Diluted Average Shares": 66945000.0,
        "Basic Average Shares": 65850000.0,
        "Diluted EPS": 1.19,
        "Basic EPS": 1.21,
        "Diluted NI Availto Com Stockholders": 79724000.0,
        "Average Dilution Earnings": 0.0,
        "Net Income Common Stockholders": 79724000.0,
        "Net Income": 79724000.0,
        "Minority Interests": -753000.0,
        "Net Income Including Noncontrolling Interests": 80477000.0,
        "Net Income Continuous Operations": 80477000.0,
        "Tax Provision": 25468000.0,
        "Pretax Income": 105945000.0,
        "Other Income Expense": 225000.0,
        "Other Non Operating Income Expenses": 225000.0,
        "Net Non Operating Interest Income Expense": -10216000.0,
        "Interest Expense Non Operating": 14720000.0,
        "Interest Income Non Operating": 4504000.0,
        "Operating Income": 115936000.0,
        "Operating Expense": 201122000.0,
        "Selling General And Administration": 201122000.0,
        "Gross Profit": 317058000.0,
        "Cost Of Revenue": 679290000.0,
        "Total Revenue": 996348000.0,
        "Operating Revenue": 996348000.0
    },
    "2024-09-30": {
        "Tax Effect Of Unusual Items": 0.0,
        "Tax Rate For Calcs": 0.235912,
        "Normalized EBITDA": -8168000.0,
        "Net Income From Continuing Operation Net Minority Interest": -34158000.0,
        "Reconciled Depreciation": 22738000.0,
        "Reconciled Cost Of Revenue": 500537000.0,
        "EBITDA": -8168000.0,
        "EBIT": -30906000.0,
        "Net Interest Income": -6476000.0,
        "Interest Expense": 14115000.0,
        "Interest Income": 7639000.0,
        "Normalized Income": -34158000.0,
        "Net Income From Continuing And Discontinued Operation": -34158000.0,
        "Total Expenses": 701897000.0,
        "Total Operating Income As Reported": -32408000.0,
        "Diluted Average Shares": 66917000.0,
        "Basic Average Shares": 65939000.0,
        "Diluted EPS": -0.52,
        "Basic EPS": -0.52,
        "Diluted NI Availto Com Stockholders": -34158000.0,
        "Average Dilution Earnings": NaN,
        "Net Income Common Stockholders": -34158000.0,
        "Net Income": -34158000.0,
        "Minority Interests": 242000.0,
        "Net Income Including Noncontrolling Interests": -34400000.0,
        "Net Income Continuous Operations": -34400000.0,
        "Tax Provision": -10621000.0,
        "Pretax Income": -45021000.0,
        "Other Income Expense": -6137000.0,
        "Other Non Operating Income Expenses": -6137000.0,
        "Net Non Operating Interest Income Expense": -6476000.0,
        "Interest Expense Non Operating": 14115000.0,
        "Interest Income Non Operating": 7639000.0,
        "Operating Income": -32408000.0,
        "Operating Expense": 201360000.0,
        "Selling General And Administration": 201360000.0,
        "Gross Profit": 168952000.0,
        "Cost Of Revenue": 500537000.0,
        "Total Revenue": 669489000.0,
        "Operating Revenue": 669489000.0
    },
    "2024-12-31": {
        "Tax Effect Of Unusual Items": 0.0,
        "Tax Rate For Calcs": 0.235,
        "Normalized EBITDA": 54949000.0,
        "Net Income From Continuing Operation Net Minority Interest": 14009000.0,
        "Reconciled Depreciation": 21934000.0,
        "Reconciled Cost Of Revenue": 460737000.0,
        "EBITDA": 54949000.0,
        "EBIT": 33015000.0,
        "Net Interest Income": -7730000.0,
        "Interest Expense": 14470000.0,
        "Interest Income": 6740000.0,
        "Normalized Income": 14009000.0,
        "Net Income From Continuing And Discontinued Operation": 14009000.0,
        "Total Expenses": 628444000.0,
        "Total Operating Income As Reported": 27992000.0,
        "Diluted Average Shares": 65449000.0,
        "Basic Average Shares": 64552000.0,
        "Diluted EPS": 0.21,
        "Basic EPS": 0.22,
        "Diluted NI Availto Com Stockholders": 14009000.0,
        "Average Dilution Earnings": 0.0,
        "Net Income Common Stockholders": 14009000.0,
        "Net Income": 14009000.0,
        "Minority Interests": -172000.0,
        "Net Income Including Noncontrolling Interests": 14181000.0,
        "Net Income Continuous Operations": 14181000.0,
        "Tax Provision": 4364000.0,
        "Pretax Income": 18545000.0,
        "Other Income Expense": -1717000.0,
        "Other Non Operating Income Expenses": -1717000.0,
        "Net Non Operating Interest Income Expense": -7730000.0,
        "Interest Expense Non Operating": 14470000.0,
        "Interest Income Non Operating": 6740000.0,
        "Operating Income": 27992000.0,
        "Operating Expense": 167707000.0,
        "Selling General And Administration": 167707000.0,
        "Gross Profit": 195699000.0,
        "Cost Of Revenue": 460737000.0,
        "Total Revenue": 656436000.0,
        "Operating Revenue": 656436000.0
    },
    "2025-03-31": {
        "Tax Effect Of Unusual Items": 0.0,
        "Tax Rate For Calcs": 0.235,
        "Normalized EBITDA": 119866000.0,
        "Net Income From Continuing Operation Net Minority Interest": 63633000.0,
        "Reconciled Depreciation": 20646000.0,
        "Reconciled Cost Of Revenue": 560454000.0,
        "EBITDA": 119866000.0,
        "EBIT": 99220000.0,
        "Net Interest Income": -9358000.0,
        "Interest Expense": 14510000.0,
        "Interest Income": 5152000.0,
        "Normalized Income": 63633000.0,
        "Net Income From Continuing And Discontinued Operation": 63633000.0,
        "Total Expenses": 740213000.0,
        "Total Operating Income As Reported": 93324000.0,
        "Diluted Average Shares": 64879000.0,
        "Basic Average Shares": 64140000.0,
        "Diluted EPS": 0.98,
        "Basic EPS": 0.99,
        "Diluted NI Availto Com Stockholders": 63633000.0,
        "Average Dilution Earnings": 0.0,
        "Net Income Common Stockholders": 63633000.0,
        "Net Income": 63633000.0,
        "Minority Interests": -1174000.0,
        "Net Income Including Noncontrolling Interests": 64807000.0,
        "Net Income Continuous Operations": 64807000.0,
        "Tax Provision": 19903000.0,
        "Pretax Income": 84710000.0,
        "Other Income Expense": 744000.0,
        "Other Non Operating Income Expenses": 744000.0,
        "Net Non Operating Interest Income Expense": -9358000.0,
        "Interest Expense Non Operating": 14510000.0,
        "Interest Income Non Operating": 5152000.0,
        "Operating Income": 93324000.0,
        "Operating Expense": 179759000.0,
        "Selling General And Administration": 179759000.0,
        "Gross Profit": 273083000.0,
        "Cost Of Revenue": 560454000.0,
        "Total Revenue": 833537000.0,
        "Operating Revenue": 833537000.0
    },
    "2025-06-30": {
        "Tax Effect Of Unusual Items": 0.0,
        "Tax Rate For Calcs": 0.251,
        "Normalized EBITDA": 163195000.0,
        "Net Income From Continuing Operation Net Minority Interest": 95007000.0,
        "Reconciled Depreciation": 21483000.0,
        "Reconciled Cost Of Revenue": 628903000.0,
        "EBITDA": 163195000.0,
        "EBIT": 141712000.0,
        "Net Interest Income": -8843000.0,
        "Interest Expense": 14360000.0,
        "Interest Income": 5517000.0,
        "Normalized Income": 95007000.0,
        "Net Income From Continuing And Discontinued Operation": 95007000.0,
        "Total Expenses": 825787000.0,
        "Total Operating Income As Reported": 135126000.0,
        "Diluted Average Shares": 62610000.0,
        "Basic Average Shares": 61980000.0,
        "Diluted EPS": 1.52,
        "Basic EPS": 1.53,
        "Diluted NI Availto Com Stockholders": 95007000.0,
        "Average Dilution Earnings": NaN,
        "Net Income Common Stockholders": 95007000.0,
        "Net Income": 95007000.0,
        "Minority Interests": -404000.0,
        "Net Income Including Noncontrolling Interests": 95411000.0,
        "Net Income Continuous Operations": 95411000.0,
        "Tax Provision": 31941000.0,
        "Pretax Income": 127352000.0,
        "Other Income Expense": 1069000.0,
        "Other Non Operating Income Expenses": 1069000.0,
        "Net Non Operating Interest Income Expense": -8843000.0,
        "Interest Expense Non Operating": 14360000.0,
        "Interest Income Non Operating": 5517000.0,
        "Operating Income": 135126000.0,
        "Operating Expense": 196884000.0,
        "Selling General And Administration": 196884000.0,
        "Gross Profit": 332010000.0,
        "Cost Of Revenue": 628903000.0,
        "Total Revenue": 960913000.0,
        "Operating Revenue": 960913000.0
    }
}