{
    "2023-03-31": {
        "Tax Effect Of Unusual Items": NaN,
        "Tax Rate For Calcs": NaN,
        "Normalized EBITDA": NaN,
        "Total Unusual Items": NaN,
        "Total Unusual Items Excluding Goodwill": NaN,
        "Net Income From Continuing Operation Net Minority Interest": NaN,
        "Reconciled Depreciation": NaN,
        "Reconciled Cost Of Revenue": NaN,
        "EBITDA": NaN,
        "EBIT": NaN,
        "Net Interest Income": NaN,
        "Interest Expense": NaN,
        "Interest Income": NaN,
        "Normalized Income": NaN,
        "Net Income From Continuing And Discontinued Operation": NaN,
        "Total Expenses": NaN,
        "Total Operating Income As Reported": NaN,
        "Diluted Average Shares": NaN,
        "Basic Average Shares": NaN,
        "Diluted EPS": NaN,
        "Basic EPS": NaN,
        "Diluted NI Availto Com Stockholders": NaN,
        "Net Income Common Stockholders": NaN,
        "Net Income": NaN,
        "Minority Interests": NaN,
        "Net Income Including Noncontrolling Interests": NaN,
        "Net Income Continuous Operations": NaN,
        "Tax Provision": NaN,
        "Pretax Income": NaN,
        "Other Income Expense": NaN,
        "Other Non Operating Income Expenses": NaN,
        "Special Income Charges": NaN,
        "Gain On Sale Of Ppe": 6598000.0,
        "Other Special Charges": 31305000.0,
        "Write Off": -4661399000.0,
        "Impairment Of Capital Assets": NaN,
        "Restructuring And Mergern Acquisition": NaN,
        "Earnings From Equity Interest": NaN,
        "Gain On Sale Of Security": NaN,
        "Net Non Operating Interest Income Expense": NaN,
        "Total Other Finance Cost": 1320578000.0,
        "Interest Expense Non Operating": NaN,
        "Interest Income Non Operating": NaN,
        "Operating Income": NaN,
        "Operating Expense": NaN,
        "Other Operating Expenses": NaN,
        "Other Taxes": 1523802000.0,
        "Provision For Doubtful Accounts": 3786000.0,
        "Depreciation Amortization Depletion Income Statement": 275239000.0,
        "Depreciation And Amortization In Income Statement": 275239000.0,
        "Amortization": 0.0,
        "Amortization Of Intangibles Income Statement": 0.0,
        "Depreciation Income Statement": 275239000.0,
        "Selling General And Administration": NaN,
        "General And Administrative Expense": 7331863000.0,
        "Other Gand A": 3268686000.0,
        "Insurance And Claims": 96688000.0,
        "Salaries And Wages": 3966489000.0,
        "Gross Profit": NaN,
        "Cost Of Revenue": NaN,
        "Total Revenue": NaN,
        "Operating Revenue": NaN
    },
    "2022-12-31": {
        "Tax Effect Of Unusual Items": NaN,
        "Tax Rate For Calcs": NaN,
        "Normalized EBITDA": NaN,
        "Total Unusual Items": 29595178000.0,
        "Total Unusual Items Excluding Goodwill": 29595178000.0,
        "Net Income From Continuing Operation Net Minority Interest": NaN,
        "Reconciled Depreciation": NaN,
        "Reconciled Cost Of Revenue": NaN,
        "EBITDA": NaN,
        "EBIT": NaN,
        "Net Interest Income": NaN,
        "Interest Expense": NaN,
        "Interest Income": NaN,
        "Normalized Income": NaN,
        "Net Income From Continuing And Discontinued Operation": NaN,
        "Total Expenses": NaN,
        "Total Operating Income As Reported": NaN,
        "Diluted Average Shares": 150202767.0,
        "Basic Average Shares": 150202767.0,
        "Diluted EPS": 15.9,
        "Basic EPS": 15.9,
        "Diluted NI Availto Com Stockholders": NaN,
        "Net Income Common Stockholders": NaN,
        "Net Income": NaN,
        "Minority Interests": NaN,
        "Net Income Including Noncontrolling Interests": NaN,
        "Net Income Continuous Operations": NaN,
        "Tax Provision": NaN,
        "Pretax Income": NaN,
        "Other Income Expense": NaN,
        "Other Non Operating Income Expenses": NaN,
        "Earnings From Equity Interest": NaN,
        "Gain On Sale Of Security": 30534577000.0,
        "Net Non Operating Interest Income Expense": NaN,
        "Interest Expense Non Operating": NaN,
        "Interest Income Non Operating": NaN,
        "Operating Income": NaN,
        "Operating Expense": NaN,
        "Other Operating Expenses": NaN,
        "Selling General And Administration": NaN,
        "Gross Profit": NaN,
        "Cost Of Revenue": NaN,
        "Total Revenue": NaN,
        "Operating Revenue": NaN
    },
    "2022-06-30": {
        "Tax Effect Of Unusual Items": -1504329600.663215,
        "Tax Rate For Calcs": 0.314749,
        "Normalized EBITDA": 15147200000.0,
        "Total Unusual Items": -4779453000.0,
        "Total Unusual Items Excluding Goodwill": -4779453000.0,
        "Net Income From Continuing Operation Net Minority Interest": 2309604000.0,
        "Reconciled Depreciation": 1514590000.0,
        "Reconciled Cost Of Revenue": 10490515000.0,
        "EBITDA": 10367747000.0,
        "EBIT": 10367747000.0,
        "Net Interest Income": -4681278000.0,
        "Interest Expense": 6924518000.0,
        "Interest Income": 2243240000.0,
        "Normalized Income": 5584727399.336785,
        "Net Income From Continuing And Discontinued Operation": 2309604000.0,
        "Total Expenses": 6554478000.0,
        "Total Operating Income As Reported": 12594263000.0,
        "Diluted Average Shares": 150424502.0,
        "Basic Average Shares": 150424502.0,
        "Diluted EPS": 33.1,
        "Basic EPS": 33.1,
        "Diluted NI Availto Com Stockholders": 2309604000.0,
        "Net Income Common Stockholders": 2309604000.0,
        "Net Income": 2309604000.0,
        "Minority Interests": -49871000.0,
        "Net Income Including Noncontrolling Interests": 2359475000.0,
        "Net Income Continuous Operations": 2359475000.0,
        "Tax Provision": 1083754000.0,
        "Pretax Income": 3443229000.0,
        "Other Income Expense": -4469756000.0,
        "Special Income Charges": 0.0,
        "Impairment Of Capital Assets": 0.0,
        "Restructuring And Mergern Acquisition": NaN,
        "Earnings From Equity Interest": 309697000.0,
        "Gain On Sale Of Security": -4779453000.0,
        "Net Non Operating Interest Income Expense": -4681278000.0,
        "Interest Expense Non Operating": 6924518000.0,
        "Interest Income Non Operating": 2243240000.0,
        "Operating Income": 12594263000.0,
        "Operating Expense": -3936037000.0,
        "Other Operating Expenses": -5260826000.0,
        "Selling General And Administration": 1324789000.0,
        "Gross Profit": 8658226000.0,
        "Cost Of Revenue": 10490515000.0,
        "Total Revenue": 19148741000.0,
        "Operating Revenue": 19148741000.0
    },
    "2022-09-30": {
        "Tax Effect Of Unusual Items": -8153664866.36971,
        "Tax Rate For Calcs": 0.399944,
        "Normalized EBITDA": 86295105000.0,
        "Total Unusual Items": -20387000000.0,
        "Total Unusual Items Excluding Goodwill": -20387000000.0,
        "Net Income From Continuing Operation Net Minority Interest": 10777000000.0,
        "Reconciled Depreciation": 23323105000.0,
        "Reconciled Cost Of Revenue": 26389000000.0,
        "EBITDA": 65908105000.0,
        "EBIT": 42585000000.0,
        "Net Interest Income": -2127000000.0,
        "Interest Expense": 24625000000.0,
        "Interest Income": 22498000000.0,
        "Normalized Income": 23010335133.63029,
        "Net Income From Continuing And Discontinued Operation": 10777000000.0,
        "Total Expenses": 8356000000.0,
        "Total Operating Income As Reported": 39971000000.0,
        "Diluted Average Shares": 150306834.0,
        "Basic Average Shares": 150306834.0,
        "Diluted EPS": 71.7,
        "Basic EPS": 71.7,
        "Diluted NI Availto Com Stockholders": 10777000000.0,
        "Net Income Common Stockholders": 10777000000.0,
        "Net Income": 10777000000.0,
        "Minority Interests": NaN,
        "Net Income Including Noncontrolling Interests": 10777000000.0,
        "Net Income Continuous Operations": 10777000000.0,
        "Tax Provision": 7183000000.0,
        "Pretax Income": 17960000000.0,
        "Other Income Expense": -19883000000.0,
        "Special Income Charges": NaN,
        "Impairment Of Capital Assets": NaN,
        "Restructuring And Mergern Acquisition": NaN,
        "Earnings From Equity Interest": 504000000.0,
        "Gain On Sale Of Security": -20387000000.0,
        "Net Non Operating Interest Income Expense": -2127000000.0,
        "Interest Expense Non Operating": 24625000000.0,
        "Interest Income Non Operating": 22498000000.0,
        "Operating Income": 39970000000.0,
        "Operating Expense": -18033000000.0,
        "Other Operating Expenses": -21732000000.0,
        "Selling General And Administration": 3699000000.0,
        "Gross Profit": 21937000000.0,
        "Cost Of Revenue": 26389000000.0,
        "Total Revenue": 48327000000.0,
        "Operating Revenue": 48327000000.0
    },
    "2022-03-31": {
        "Diluted EPS": 0.3,
        "Total Revenue": 161,
        "Gross Profit": 90,
        "Operating Income": 122,
        "EBIT": 148,
        "Net Income": 45
    },
    "2021-12-31": {
        "Diluted EPS": 0.03,
        "Total Revenue": 218,
        "Gross Profit": 109,
        "Operating Income": 99,
        "EBIT": 138,
        "Net Income": 4
    },
    "2021-09-30": {
        "Diluted EPS": 0.18,
        "Total Revenue": 137,
        "Gross Profit": 66,
        "Operating Income": 58,
        "EBIT": 85,
        "Net Income": 28
    },
    "2021-06-30": {
        "Diluted EPS": -0.31,
        "Total Revenue": 130,
        "Gross Profit": 59,
        "Operating Income": 25,
        "EBIT": 50,
        "Net Income": -47
    },
    "2021-03-31": {
        "Diluted EPS": 0.05,
        "Total Revenue": 115,
        "Gross Profit": 56,
        "Operating Income": 88,
        "EBIT": 109,
        "Net Income": 7
    },
    "2020-12-31": {
        "Diluted EPS": 0.13,
        "Total Revenue": 180,
        "Gross Profit": 95,
        "Operating Income": 109,
        "EBIT": 141,
        "Net Income": 19
    },
    "2020-09-30": {
        "Diluted EPS": 0.21,
        "Total Revenue": 124,
        "Gross Profit": 75,
        "Operating Income": 89,
        "EBIT": 105,
        "Net Income": 31
    },
    "2020-06-30": {
        "Diluted EPS": 0.22,
        "Total Revenue": 106,
        "Gross Profit": 56,
        "Operating Income": 94,
        "EBIT": 112,
        "Net Income": 32
    },
    "2020-03-31": {
        "Diluted EPS": 0.1,
        "Total Revenue": 130,
        "Gross Profit": 76,
        "Operating Income": 105,
        "EBIT": 124,
        "Net Income": 15
    },
    "2019-12-31": {
        "Diluted EPS": 0.26,
        "Total Revenue": 294,
        "Gross Profit": 135,
        "Operating Income": 114,
        "EBIT": 150,
        "Net Income": 39
    },
    "2019-09-30": {
        "Diluted EPS": 0.56,
        "Total Revenue": 158,
        "Gross Profit": 93,
        "Operating Income": 273,
        "EBIT": 287,
        "Net Income": 85
    },
    "2019-06-30": {
        "Diluted EPS": 0.18,
        "Total Revenue": 133,
        "Gross Profit": 58,
        "Operating Income": 65,
        "EBIT": 73,
        "Net Income": 26
    },
    "2019-03-31": {
        "Diluted EPS": 0.21,
        "Total Revenue": 160,
        "Gross Profit": 66,
        "Operating Income": 129,
        "EBIT": 141,
        "Net Income": 32
    },
    "2018-12-31": {
        "Diluted EPS": -0.81,
        "Total Revenue": 211,
        "Gross Profit": 98,
        "Operating Income": 75,
        "EBIT": 119,
        "Net Income": -105
    },
    "2018-09-30": {
        "Diluted EPS": 1.21,
        "Total Revenue": 112,
        "Gross Profit": 74,
        "Operating Income": 278,
        "EBIT": 280,
        "Net Income": 173
    },
    "2018-06-30": {
        "Diluted EPS": 1.19,
        "Total Revenue": 91,
        "Gross Profit": 50,
        "Operating Income": 241,
        "EBIT": 243,
        "Net Income": 171
    },
    "2018-03-31": {
        "Diluted EPS": 2.55,
        "Total Revenue": 92,
        "Gross Profit": 54,
        "Operating Income": 489,
        "EBIT": 493,
        "Net Income": 383
    },
    "2017-09-30": {
        "Diluted EPS": 0.31,
        "Total Revenue": 126,
        "Gross Profit": 66,
        "Operating Income": 67,
        "EBIT": 67,
        "Net Income": 47
    },
    "2016-12-31": {
        "Diluted EPS": 0.0,
        "Total Revenue": NaN,
        "Gross Profit": NaN,
        "Operating Income": NaN,
        "EBIT": NaN,
        "Net Income": NaN
    },
    "2023-06-30": {
        "Tax Effect Of Unusual Items": NaN,
        "Tax Rate For Calcs": NaN,
        "Normalized EBITDA": NaN,
        "Total Unusual Items": NaN,
        "Total Unusual Items Excluding Goodwill": NaN,
        "Net Income From Continuing Operation Net Minority Interest": NaN,
        "Reconciled Depreciation": NaN,
        "Reconciled Cost Of Revenue": NaN,
        "EBITDA": NaN,
        "EBIT": NaN,
        "Net Interest Income": NaN,
        "Interest Expense": NaN,
        "Interest Income": NaN,
        "Normalized Income": NaN,
        "Net Income From Continuing And Discontinued Operation": NaN,
        "Total Expenses": NaN,
        "Total Operating Income As Reported": NaN,
        "Diluted Average Shares": NaN,
        "Basic Average Shares": NaN,
        "Diluted EPS": NaN,
        "Basic EPS": NaN,
        "Diluted NI Availto Com Stockholders": NaN,
        "Net Income Common Stockholders": NaN,
        "Net Income": NaN,
        "Minority Interests": NaN,
        "Net Income Including Noncontrolling Interests": NaN,
        "Net Income Continuous Operations": NaN,
        "Tax Provision": NaN,
        "Pretax Income": NaN,
        "Other Income Expense": NaN,
        "Other Non Operating Income Expenses": -39432195000.0,
        "Special Income Charges": 4332970000.0,
        "Gain On Sale Of Ppe": 0.0,
        "Other Special Charges": -113092000.0,
        "Write Off": -4219878000.0,
        "Impairment Of Capital Assets": NaN,
        "Restructuring And Mergern Acquisition": NaN,
        "Earnings From Equity Interest": NaN,
        "Gain On Sale Of Security": 45352779000.0,
        "Net Non Operating Interest Income Expense": NaN,
        "Total Other Finance Cost": 1044985000.0,
        "Interest Expense Non Operating": NaN,
        "Interest Income Non Operating": NaN,
        "Operating Income": NaN,
        "Operating Expense": NaN,
        "Other Operating Expenses": NaN,
        "Other Taxes": 2684856000.0,
        "Provision For Doubtful Accounts": -36239000.0,
        "Depreciation Amortization Depletion Income Statement": 815051000.0,
        "Depreciation And Amortization In Income Statement": 815051000.0,
        "Amortization": 0.0,
        "Amortization Of Intangibles Income Statement": 0.0,
        "Depreciation Income Statement": 815051000.0,
        "Selling General And Administration": NaN,
        "General And Administrative Expense": 11194680000.0,
        "Other Gand A": 4862944000.0,
        "Insurance And Claims": NaN,
        "Salaries And Wages": 6331736000.0,
        "Gross Profit": NaN,
        "Cost Of Revenue": NaN,
        "Total Revenue": NaN,
        "Operating Revenue": NaN
    },
    "2023-09-30": {
        "Tax Effect Of Unusual Items": NaN,
        "Tax Rate For Calcs": NaN,
        "Normalized EBITDA": NaN,
        "Total Unusual Items": NaN,
        "Total Unusual Items Excluding Goodwill": NaN,
        "Net Income From Continuing Operation Net Minority Interest": NaN,
        "Reconciled Depreciation": NaN,
        "Reconciled Cost Of Revenue": NaN,
        "EBITDA": NaN,
        "EBIT": NaN,
        "Net Interest Income": NaN,
        "Interest Expense": NaN,
        "Interest Income": NaN,
        "Normalized Income": NaN,
        "Net Income From Continuing And Discontinued Operation": NaN,
        "Total Expenses": NaN,
        "Total Operating Income As Reported": NaN,
        "Diluted Average Shares": 150310542.0,
        "Basic Average Shares": 150310542.0,
        "Diluted EPS": 92.3,
        "Basic EPS": 92.3,
        "Diluted NI Availto Com Stockholders": NaN,
        "Net Income Common Stockholders": NaN,
        "Net Income": NaN,
        "Minority Interests": NaN,
        "Net Income Including Noncontrolling Interests": NaN,
        "Net Income Continuous Operations": NaN,
        "Tax Provision": NaN,
        "Pretax Income": NaN,
        "Other Income Expense": NaN,
        "Other Non Operating Income Expenses": -90416283000.0,
        "Special Income Charges": 4313610000.0,
        "Gain On Sale Of Ppe": -292711000.0,
        "Other Special Charges": 91678000.0,
        "Write Off": -4697999000.0,
        "Impairment Of Capital Assets": 0.0,
        "Restructuring And Mergern Acquisition": 0.0,
        "Earnings From Equity Interest": NaN,
        "Gain On Sale Of Security": NaN,
        "Net Non Operating Interest Income Expense": NaN,
        "Total Other Finance Cost": 917378000.0,
        "Interest Expense Non Operating": NaN,
        "Interest Income Non Operating": NaN,
        "Operating Income": NaN,
        "Operating Expense": NaN,
        "Other Operating Expenses": NaN,
        "Other Taxes": 1676347000.0,
        "Provision For Doubtful Accounts": 14813000.0,
        "Depreciation Amortization Depletion Income Statement": NaN,
        "Depreciation And Amortization In Income Statement": NaN,
        "Amortization": NaN,
        "Amortization Of Intangibles Income Statement": NaN,
        "Depreciation Income Statement": NaN,
        "Selling General And Administration": NaN,
        "General And Administrative Expense": NaN,
        "Other Gand A": NaN,
        "Insurance And Claims": NaN,
        "Salaries And Wages": NaN,
        "Gross Profit": NaN,
        "Cost Of Revenue": NaN,
        "Total Revenue": NaN,
        "Operating Revenue": NaN
    },
    "2023-12-31": {
        "Tax Effect Of Unusual Items": 3480960360.23914,
        "Tax Rate For Calcs": 0.022021,
        "Normalized EBITDA": -53662973000.0,
        "Total Unusual Items": 158073453000.0,
        "Total Unusual Items Excluding Goodwill": 158073453000.0,
        "Net Income From Continuing Operation Net Minority Interest": 136962909000.0,
        "Reconciled Depreciation": 37940243000.0,
        "Reconciled Cost Of Revenue": 103636596000.0,
        "EBITDA": 104410480000.0,
        "EBIT": 66470237000.0,
        "Net Interest Income": 37420265000.0,
        "Interest Expense": -72780029000.0,
        "Interest Income": -32338387000.0,
        "Normalized Income": -17629583639.76086,
        "Net Income From Continuing And Discontinued Operation": 136962909000.0,
        "Total Expenses": 217777535000.0,
        "Total Operating Income As Reported": 210722453000.0,
        "Diluted Average Shares": 144411326.0,
        "Basic Average Shares": 144411326.0,
        "Diluted EPS": 872.3,
        "Basic EPS": 872.3,
        "Diluted NI Availto Com Stockholders": 136962909000.0,
        "Net Income Common Stockholders": 136962909000.0,
        "Net Income": 136962909000.0,
        "Minority Interests": 779095000.0,
        "Net Income Including Noncontrolling Interests": 136183814000.0,
        "Net Income Continuous Operations": 136183814000.0,
        "Tax Provision": 3066452000.0,
        "Pretax Income": 139250266000.0,
        "Other Income Expense": 163108699000.0,
        "Other Non Operating Income Expenses": NaN,
        "Special Income Charges": NaN,
        "Gain On Sale Of Ppe": NaN,
        "Other Special Charges": NaN,
        "Write Off": NaN,
        "Impairment Of Capital Assets": NaN,
        "Restructuring And Mergern Acquisition": NaN,
        "Earnings From Equity Interest": 5035246000.0,
        "Gain On Sale Of Security": 37470412000.0,
        "Net Non Operating Interest Income Expense": 37420265000.0,
        "Total Other Finance Cost": NaN,
        "Interest Expense Non Operating": -72780029000.0,
        "Interest Income Non Operating": -32338387000.0,
        "Operating Income": -61278698000.0,
        "Operating Expense": 114140939000.0,
        "Other Operating Expenses": 94127877000.0,
        "Other Taxes": NaN,
        "Provision For Doubtful Accounts": NaN,
        "Depreciation Amortization Depletion Income Statement": NaN,
        "Depreciation And Amortization In Income Statement": NaN,
        "Amortization": NaN,
        "Amortization Of Intangibles Income Statement": NaN,
        "Depreciation Income Statement": NaN,
        "Selling General And Administration": 10494672000.0,
        "General And Administrative Expense": NaN,
        "Other Gand A": NaN,
        "Insurance And Claims": NaN,
        "Salaries And Wages": NaN,
        "Gross Profit": 52862241000.0,
        "Cost Of Revenue": 103636596000.0,
        "Total Revenue": 156498837000.0,
        "Operating Revenue": 156498837000.0
    },
    "2024-03-31": {
        "Tax Effect Of Unusual Items": NaN,
        "Tax Rate For Calcs": NaN,
        "Normalized EBITDA": NaN,
        "Total Unusual Items": NaN,
        "Total Unusual Items Excluding Goodwill": NaN,
        "Net Income From Continuing Operation Net Minority Interest": NaN,
        "Reconciled Depreciation": NaN,
        "Reconciled Cost Of Revenue": NaN,
        "EBITDA": NaN,
        "EBIT": NaN,
        "Net Interest Income": NaN,
        "Interest Expense": NaN,
        "Interest Income": NaN,
        "Normalized Income": NaN,
        "Net Income From Continuing And Discontinued Operation": NaN,
        "Total Expenses": NaN,
        "Total Operating Income As Reported": NaN,
        "Diluted Average Shares": NaN,
        "Basic Average Shares": NaN,
        "Diluted EPS": NaN,
        "Basic EPS": NaN,
        "Diluted NI Availto Com Stockholders": NaN,
        "Net Income Common Stockholders": NaN,
        "Net Income": NaN,
        "Minority Interests": NaN,
        "Net Income Including Noncontrolling Interests": NaN,
        "Net Income Continuous Operations": NaN,
        "Tax Provision": NaN,
        "Pretax Income": NaN,
        "Other Income Expense": NaN,
        "Other Non Operating Income Expenses": NaN,
        "Special Income Charges": NaN,
        "Gain On Sale Of Ppe": 10047000.0,
        "Other Special Charges": NaN,
        "Write Off": NaN,
        "Impairment Of Capital Assets": NaN,
        "Restructuring And Mergern Acquisition": NaN,
        "Earnings From Equity Interest": NaN,
        "Gain On Sale Of Security": NaN,
        "Net Non Operating Interest Income Expense": NaN,
        "Total Other Finance Cost": NaN,
        "Interest Expense Non Operating": NaN,
        "Interest Income Non Operating": NaN,
        "Operating Income": NaN,
        "Operating Expense": NaN,
        "Other Operating Expenses": NaN,
        "Other Taxes": NaN,
        "Provision For Doubtful Accounts": 4563000.0,
        "Depreciation Amortization Depletion Income Statement": 323330000.0,
        "Depreciation And Amortization In Income Statement": 323330000.0,
        "Amortization": 0.0,
        "Amortization Of Intangibles Income Statement": 0.0,
        "Depreciation Income Statement": 323330000.0,
        "Selling General And Administration": NaN,
        "General And Administrative Expense": 10579182000.0,
        "Other Gand A": 5088088000.0,
        "Insurance And Claims": 60436000.0,
        "Salaries And Wages": 5430658000.0,
        "Gross Profit": NaN,
        "Cost Of Revenue": NaN,
        "Total Revenue": NaN,
        "Operating Revenue": NaN
    },
    "2024-06-30": {
        "Tax Effect Of Unusual Items": 8849899100.0,
        "Tax Rate For Calcs": 0.35,
        "Normalized EBITDA": 69485149000.0,
        "Total Unusual Items": 25285426000.0,
        "Total Unusual Items Excluding Goodwill": 25285426000.0,
        "Net Income From Continuing Operation Net Minority Interest": 8378836000.0,
        "Reconciled Depreciation": 33381669000.0,
        "Reconciled Cost Of Revenue": 97858558000.0,
        "EBITDA": 94770575000.0,
        "EBIT": 61388906000.0,
        "Net Interest Income": -13464564000.0,
        "Interest Expense": 18899809000.0,
        "Interest Income": 6797796000.0,
        "Normalized Income": -8056690900.0,
        "Net Income From Continuing And Discontinued Operation": 8378836000.0,
        "Total Expenses": 192749324000.0,
        "Total Operating Income As Reported": 58557982000.0,
        "Diluted Average Shares": 150274463.0,
        "Basic Average Shares": 150274463.0,
        "Diluted EPS": 39.9,
        "Basic EPS": 39.9,
        "Diluted NI Availto Com Stockholders": 8378836000.0,
        "Net Income Common Stockholders": 8378836000.0,
        "Net Income": 8378836000.0,
        "Minority Interests": -1435492000.0,
        "Net Income Including Noncontrolling Interests": 9814328000.0,
        "Net Income Continuous Operations": 9814328000.0,
        "Tax Provision": 32674769000.0,
        "Pretax Income": 42489097000.0,
        "Other Income Expense": 34764259000.0,
        "Other Non Operating Income Expenses": -25876000.0,
        "Special Income Charges": 9552697000.0,
        "Gain On Sale Of Ppe": 34080000.0,
        "Other Special Charges": 443931000.0,
        "Write Off": -9518617000.0,
        "Impairment Of Capital Assets": NaN,
        "Restructuring And Mergern Acquisition": -815000000.0,
        "Earnings From Equity Interest": 9504709000.0,
        "Gain On Sale Of Security": 15732729000.0,
        "Net Non Operating Interest Income Expense": -13464564000.0,
        "Total Other Finance Cost": 1362551000.0,
        "Interest Expense Non Operating": 18899809000.0,
        "Interest Income Non Operating": 6797796000.0,
        "Operating Income": 21189402000.0,
        "Operating Expense": 61532016000.0,
        "Other Operating Expenses": 44665262000.0,
        "Other Taxes": 3000297000.0,
        "Provision For Doubtful Accounts": 29519000.0,
        "Depreciation Amortization Depletion Income Statement": 22919000.0,
        "Depreciation And Amortization In Income Statement": 22919000.0,
        "Amortization": 0.0,
        "Amortization Of Intangibles Income Statement": 0.0,
        "Depreciation Income Statement": 22919000.0,
        "Selling General And Administration": 13748966000.0,
        "General And Administrative Expense": 13748966000.0,
        "Other Gand A": 5247038000.0,
        "Insurance And Claims": -55687000.0,
        "Salaries And Wages": 8557615000.0,
        "Gross Profit": 82721418000.0,
        "Cost Of Revenue": 131217308000.0,
        "Total Revenue": 213938726000.0,
        "Operating Revenue": 213938726000.0
    },
    "2024-09-30": {
        "Tax Effect Of Unusual Items": 2982850150.0,
        "Tax Rate For Calcs": 0.35,
        "Normalized EBITDA": 128287208000.0,
        "Total Unusual Items": 8522429000.0,
        "Total Unusual Items Excluding Goodwill": 8522429000.0,
        "Net Income From Continuing Operation Net Minority Interest": 50246862000.0,
        "Reconciled Depreciation": 36373874000.0,
        "Reconciled Cost Of Revenue": 141575855000.0,
        "EBITDA": 136809637000.0,
        "EBIT": 100435763000.0,
        "Net Interest Income": -5759926000.0,
        "Interest Expense": 13594772000.0,
        "Interest Income": 9079488000.0,
        "Normalized Income": 44707283150.0,
        "Net Income From Continuing And Discontinued Operation": 50246862000.0,
        "Total Expenses": 157441433000.0,
        "Total Operating Income As Reported": 99939251000.0,
        "Diluted Average Shares": 150259755.0,
        "Basic Average Shares": 150259755.0,
        "Diluted EPS": 334.4,
        "Basic EPS": 334.4,
        "Diluted NI Availto Com Stockholders": 50246862000.0,
        "Net Income Common Stockholders": 50246862000.0,
        "Net Income": 50246862000.0,
        "Minority Interests": -607960000.0,
        "Net Income Including Noncontrolling Interests": 50854822000.0,
        "Net Income Continuous Operations": 50854822000.0,
        "Tax Provision": 35986169000.0,
        "Pretax Income": 86840991000.0,
        "Other Income Expense": 13075328000.0,
        "Other Non Operating Income Expenses": -5617003000.0,
        "Special Income Charges": 904946000.0,
        "Gain On Sale Of Ppe": 6373000.0,
        "Other Special Charges": -5721508000.0,
        "Write Off": 4816562000.0,
        "Impairment Of Capital Assets": 0.0,
        "Restructuring And Mergern Acquisition": -1859000000.0,
        "Earnings From Equity Interest": 10169902000.0,
        "Gain On Sale Of Security": 7617483000.0,
        "Net Non Operating Interest Income Expense": -5759926000.0,
        "Total Other Finance Cost": 1244642000.0,
        "Interest Expense Non Operating": 13594772000.0,
        "Interest Income Non Operating": 9079488000.0,
        "Operating Income": 79517192000.0,
        "Operating Expense": 15865578000.0,
        "Other Operating Expenses": -5899057000.0,
        "Other Taxes": 387346000.0,
        "Provision For Doubtful Accounts": 1942000.0,
        "Depreciation Amortization Depletion Income Statement": NaN,
        "Depreciation And Amortization In Income Statement": NaN,
        "Amortization": NaN,
        "Amortization Of Intangibles Income Statement": NaN,
        "Depreciation Income Statement": NaN,
        "Selling General And Administration": 21377289000.0,
        "General And Administrative Expense": NaN,
        "Other Gand A": NaN,
        "Insurance And Claims": NaN,
        "Salaries And Wages": NaN,
        "Gross Profit": 95382770000.0,
        "Cost Of Revenue": 141575855000.0,
        "Total Revenue": 236958625000.0,
        "Operating Revenue": 236958625000.0
    },
    "2024-12-31": {
        "Tax Effect Of Unusual Items": -28941506650.0,
        "Tax Rate For Calcs": 0.35,
        "Normalized EBITDA": 114007525000.0,
        "Total Unusual Items": -82690019000.0,
        "Total Unusual Items Excluding Goodwill": -82690019000.0,
        "Net Income From Continuing Operation Net Minority Interest": -26786372000.0,
        "Reconciled Depreciation": 33842345000.0,
        "Reconciled Cost Of Revenue": 136720093000.0,
        "EBITDA": 31317506000.0,
        "EBIT": -2524839000.0,
        "Net Interest Income": 1783181000.0,
        "Interest Expense": 15379521000.0,
        "Interest Income": 7810517000.0,
        "Normalized Income": 26962140350.0,
        "Net Income From Continuing And Discontinued Operation": -26786372000.0,
        "Total Expenses": 149245682000.0,
        "Total Operating Income As Reported": -21601730000.0,
        "Diluted Average Shares": 150516690.0,
        "Basic Average Shares": 150516690.0,
        "Diluted EPS": -218.7,
        "Basic EPS": -218.7,
        "Diluted NI Availto Com Stockholders": -26786372000.0,
        "Net Income Common Stockholders": -26786372000.0,
        "Net Income": -26786372000.0,
        "Minority Interests": -4990147000.0,
        "Net Income Including Noncontrolling Interests": -21796225000.0,
        "Net Income Continuous Operations": -21796225000.0,
        "Tax Provision": 3891865000.0,
        "Pretax Income": -17904360000.0,
        "Other Income Expense": -85580160000.0,
        "Other Non Operating Income Expenses": -7993667000.0,
        "Special Income Charges": -110890383000.0,
        "Gain On Sale Of Ppe": -47139000.0,
        "Other Special Charges": -4485805000.0,
        "Write Off": 13247579000.0,
        "Impairment Of Capital Assets": NaN,
        "Restructuring And Mergern Acquisition": NaN,
        "Earnings From Equity Interest": 5103526000.0,
        "Gain On Sale Of Security": 28200364000.0,
        "Net Non Operating Interest Income Expense": 1783181000.0,
        "Total Other Finance Cost": -9352185000.0,
        "Interest Expense Non Operating": 15379521000.0,
        "Interest Income Non Operating": 7810517000.0,
        "Operating Income": 65892619000.0,
        "Operating Expense": 12525589000.0,
        "Other Operating Expenses": -17054101000.0,
        "Other Taxes": 10374314000.0,
        "Provision For Doubtful Accounts": 20993000.0,
        "Depreciation Amortization Depletion Income Statement": NaN,
        "Depreciation And Amortization In Income Statement": NaN,
        "Amortization": NaN,
        "Amortization Of Intangibles Income Statement": NaN,
        "Depreciation Income Statement": NaN,
        "Selling General And Administration": 16737354000.0,
        "General And Administrative Expense": NaN,
        "Other Gand A": NaN,
        "Insurance And Claims": NaN,
        "Salaries And Wages": NaN,
        "Gross Profit": 78418208000.0,
        "Cost Of Revenue": 136720093000.0,
        "Total Revenue": 215138301000.0,
        "Operating Revenue": 215138301000.0
    },
    "2025-06-30": {
        "Tax Effect Of Unusual Items": 14191056950.0,
        "Tax Rate For Calcs": 0.35,
        "Normalized EBITDA": 85168786000.0,
        "Total Unusual Items": 40545877000.0,
        "Total Unusual Items Excluding Goodwill": 40545877000.0,
        "Net Income From Continuing Operation Net Minority Interest": 85641743000.0,
        "Reconciled Depreciation": 33541567000.0,
        "Reconciled Cost Of Revenue": 122095897000.0,
        "EBITDA": 125714663000.0,
        "EBIT": 92173096000.0,
        "Net Interest Income": -3128784000.0,
        "Interest Expense": 8623974000.0,
        "Interest Income": 6643467000.0,
        "Normalized Income": 59286922950.0,
        "Net Income From Continuing And Discontinued Operation": 85641743000.0,
        "Total Expenses": 174940672000.0,
        "Total Operating Income As Reported": 71438805000.0,
        "Diluted Average Shares": 150248672.0,
        "Basic Average Shares": 150248672.0,
        "Diluted EPS": 570.0,
        "Basic EPS": 570.0,
        "Diluted NI Availto Com Stockholders": 85641743000.0,
        "Net Income Common Stockholders": 85641743000.0,
        "Net Income": 85641743000.0,
        "Minority Interests": 622055000.0,
        "Net Income Including Noncontrolling Interests": 85019688000.0,
        "Net Income Continuous Operations": 85019688000.0,
        "Tax Provision": -1470566000.0,
        "Pretax Income": 83549122000.0,
        "Other Income Expense": 47102273000.0,
        "Other Non Operating Income Expenses": -4024243000.0,
        "Special Income Charges": 13171894000.0,
        "Gain On Sale Of Ppe": 0.0,
        "Other Special Charges": -6557914000.0,
        "Write Off": -6613980000.0,
        "Impairment Of Capital Assets": NaN,
        "Restructuring And Mergern Acquisition": NaN,
        "Earnings From Equity Interest": 10580639000.0,
        "Gain On Sale Of Security": 27373983000.0,
        "Net Non Operating Interest Income Expense": -3128784000.0,
        "Total Other Finance Cost": 1148277000.0,
        "Interest Expense Non Operating": 8623974000.0,
        "Interest Income Non Operating": 6643467000.0,
        "Operating Income": 39575633000.0,
        "Operating Expense": 20114455000.0,
        "Other Operating Expenses": 2193498000.0,
        "Other Taxes": 3049163000.0,
        "Provision For Doubtful Accounts": 57938000.0,
        "Depreciation Amortization Depletion Income Statement": 811247000.0,
        "Depreciation And Amortization In Income Statement": 811247000.0,
        "Amortization": 0.0,
        "Amortization Of Intangibles Income Statement": 0.0,
        "Depreciation Income Statement": 811247000.0,
        "Selling General And Administration": 13860085000.0,
        "General And Administrative Expense": 13860085000.0,
        "Other Gand A": 8016549000.0,
        "Insurance And Claims": 43765000.0,
        "Salaries And Wages": 5799771000.0,
        "Gross Profit": 59690088000.0,
        "Cost Of Revenue": 154826217000.0,
        "Total Revenue": 214516305000.0,
        "Operating Revenue": 214516305000.0
    },
    "2025-09-30": {
        "Tax Effect Of Unusual Items": 10273769100.0,
        "Tax Rate For Calcs": 0.35,
        "Normalized EBITDA": 133116556000.0,
        "Total Unusual Items": 29353626000.0,
        "Total Unusual Items Excluding Goodwill": 29353626000.0,
        "Net Income From Continuing Operation Net Minority Interest": 139795312000.0,
        "Reconciled Depreciation": 28984537000.0,
        "Reconciled Cost Of Revenue": 188023468000.0,
        "EBITDA": 162470182000.0,
        "EBIT": 133485645000.0,
        "Net Interest Income": -7266380000.0,
        "Interest Expense": 14411655000.0,
        "Interest Income": 8053550000.0,
        "Normalized Income": 120715455100.0,
        "Net Income From Continuing And Discontinued Operation": 139795312000.0,
        "Total Expenses": 215480077000.0,
        "Total Operating Income As Reported": 142070854000.0,
        "Diluted Average Shares": 150269066.0,
        "Basic Average Shares": 150269066.0,
        "Diluted EPS": 930.3,
        "Basic EPS": 930.3,
        "Diluted NI Availto Com Stockholders": 139795312000.0,
        "Net Income Common Stockholders": 139795312000.0,
        "Net Income": 139795312000.0,
        "Minority Interests": -156947000.0,
        "Net Income Including Noncontrolling Interests": 139952259000.0,
        "Net Income Continuous Operations": 139952259000.0,
        "Tax Provision": -20878269000.0,
        "Pretax Income": 119073990000.0,
        "Other Income Expense": 22227957000.0,
        "Other Non Operating Income Expenses": -6789942000.0,
        "Special Income Charges": 5471279000.0,
        "Gain On Sale Of Ppe": NaN,
        "Other Special Charges": 311979000.0,
        "Write Off": -5783258000.0,
        "Impairment Of Capital Assets": NaN,
        "Restructuring And Mergern Acquisition": NaN,
        "Earnings From Equity Interest": -335727000.0,
        "Gain On Sale Of Security": 23882347000.0,
        "Net Non Operating Interest Income Expense": -7266380000.0,
        "Total Other Finance Cost": 908275000.0,
        "Interest Expense Non Operating": 14411655000.0,
        "Interest Income Non Operating": 8053550000.0,
        "Operating Income": 104112413000.0,
        "Operating Expense": 27456609000.0,
        "Other Operating Expenses": 2886125000.0,
        "Other Taxes": -100581000.0,
        "Provision For Doubtful Accounts": NaN,
        "Depreciation Amortization Depletion Income Statement": NaN,
        "Depreciation And Amortization In Income Statement": NaN,
        "Amortization": NaN,
        "Amortization Of Intangibles Income Statement": NaN,
        "Depreciation Income Statement": NaN,
        "Selling General And Administration": 24671065000.0,
        "General And Administrative Expense": NaN,
        "Other Gand A": NaN,
        "Insurance And Claims": NaN,
        "Salaries And Wages": NaN,
        "Gross Profit": 131569022000.0,
        "Cost Of Revenue": 188023468000.0,
        "Total Revenue": 319592490000.0,
        "Operating Revenue": 319592490000.0
    }
}