{
    "2023-03-31": {
        "Tax Effect Of Unusual Items": NaN,
        "Tax Rate For Calcs": NaN,
        "Normalized EBITDA": NaN,
        "Total Unusual Items": NaN,
        "Total Unusual Items Excluding Goodwill": NaN,
        "Net Income From Continuing Operation Net Minority Interest": NaN,
        "Reconciled Depreciation": NaN,
        "Reconciled Cost Of Revenue": NaN,
        "EBITDA": NaN,
        "EBIT": NaN,
        "Net Interest Income": NaN,
        "Interest Expense": NaN,
        "Normalized Income": NaN,
        "Net Income From Continuing And Discontinued Operation": NaN,
        "Total Expenses": NaN,
        "Total Operating Income As Reported": NaN,
        "Diluted Average Shares": 159727412.0,
        "Basic Average Shares": 158177025.0,
        "Diluted EPS": 0.01,
        "Basic EPS": 0.01,
        "Diluted NI Availto Com Stockholders": NaN,
        "Net Income Common Stockholders": NaN,
        "Net Income": NaN,
        "Net Income Including Noncontrolling Interests": NaN,
        "Net Income Continuous Operations": NaN,
        "Tax Provision": NaN,
        "Pretax Income": NaN,
        "Other Income Expense": NaN,
        "Other Non Operating Income Expenses": NaN,
        "Special Income Charges": NaN,
        "Impairment Of Capital Assets": NaN,
        "Net Non Operating Interest Income Expense": NaN,
        "Interest Expense Non Operating": NaN,
        "Operating Income": NaN,
        "Operating Expense": NaN,
        "Depreciation Amortization Depletion Income Statement": NaN,
        "Depreciation And Amortization In Income Statement": NaN,
        "Amortization": NaN,
        "Amortization Of Intangibles Income Statement": NaN,
        "Depreciation Income Statement": NaN,
        "Research And Development": NaN,
        "Selling General And Administration": NaN,
        "Selling And Marketing Expense": NaN,
        "General And Administrative Expense": NaN,
        "Other Gand A": NaN,
        "Salaries And Wages": NaN,
        "Gross Profit": NaN,
        "Cost Of Revenue": NaN,
        "Total Revenue": NaN,
        "Operating Revenue": NaN
    },
    "2022-12-31": {
        "Tax Effect Of Unusual Items": NaN,
        "Tax Rate For Calcs": NaN,
        "Normalized EBITDA": NaN,
        "Total Unusual Items": NaN,
        "Total Unusual Items Excluding Goodwill": NaN,
        "Net Income From Continuing Operation Net Minority Interest": NaN,
        "Reconciled Depreciation": NaN,
        "Reconciled Cost Of Revenue": NaN,
        "EBITDA": NaN,
        "EBIT": NaN,
        "Net Interest Income": NaN,
        "Interest Expense": NaN,
        "Normalized Income": NaN,
        "Net Income From Continuing And Discontinued Operation": NaN,
        "Total Expenses": NaN,
        "Total Operating Income As Reported": NaN,
        "Diluted Average Shares": 159241217.0,
        "Basic Average Shares": 157927161.0,
        "Diluted EPS": 0.06,
        "Basic EPS": 0.06,
        "Diluted NI Availto Com Stockholders": NaN,
        "Net Income Common Stockholders": NaN,
        "Net Income": NaN,
        "Net Income Including Noncontrolling Interests": NaN,
        "Net Income Continuous Operations": NaN,
        "Tax Provision": NaN,
        "Pretax Income": NaN,
        "Other Income Expense": NaN,
        "Other Non Operating Income Expenses": NaN,
        "Special Income Charges": NaN,
        "Impairment Of Capital Assets": NaN,
        "Net Non Operating Interest Income Expense": NaN,
        "Interest Expense Non Operating": NaN,
        "Operating Income": NaN,
        "Operating Expense": NaN,
        "Depreciation Amortization Depletion Income Statement": NaN,
        "Depreciation And Amortization In Income Statement": NaN,
        "Amortization": NaN,
        "Amortization Of Intangibles Income Statement": NaN,
        "Depreciation Income Statement": NaN,
        "Research And Development": NaN,
        "Selling General And Administration": NaN,
        "Selling And Marketing Expense": NaN,
        "General And Administrative Expense": NaN,
        "Other Gand A": NaN,
        "Salaries And Wages": NaN,
        "Gross Profit": NaN,
        "Cost Of Revenue": NaN,
        "Total Revenue": NaN,
        "Operating Revenue": NaN
    },
    "2022-09-30": {
        "Tax Effect Of Unusual Items": NaN,
        "Tax Rate For Calcs": NaN,
        "Normalized EBITDA": NaN,
        "Total Unusual Items": 0.0,
        "Total Unusual Items Excluding Goodwill": 0.0,
        "Net Income From Continuing Operation Net Minority Interest": NaN,
        "Reconciled Depreciation": NaN,
        "Reconciled Cost Of Revenue": NaN,
        "EBITDA": NaN,
        "EBIT": NaN,
        "Net Interest Income": NaN,
        "Interest Expense": NaN,
        "Normalized Income": NaN,
        "Net Income From Continuing And Discontinued Operation": NaN,
        "Total Expenses": NaN,
        "Total Operating Income As Reported": NaN,
        "Diluted Average Shares": NaN,
        "Basic Average Shares": NaN,
        "Diluted EPS": NaN,
        "Basic EPS": NaN,
        "Diluted NI Availto Com Stockholders": NaN,
        "Net Income Common Stockholders": NaN,
        "Net Income": NaN,
        "Net Income Including Noncontrolling Interests": NaN,
        "Net Income Continuous Operations": NaN,
        "Tax Provision": NaN,
        "Pretax Income": NaN,
        "Other Income Expense": NaN,
        "Other Non Operating Income Expenses": NaN,
        "Special Income Charges": 0.0,
        "Impairment Of Capital Assets": 0.0,
        "Net Non Operating Interest Income Expense": NaN,
        "Interest Expense Non Operating": NaN,
        "Operating Income": NaN,
        "Operating Expense": NaN,
        "Depreciation Amortization Depletion Income Statement": NaN,
        "Depreciation And Amortization In Income Statement": NaN,
        "Amortization": NaN,
        "Amortization Of Intangibles Income Statement": NaN,
        "Depreciation Income Statement": NaN,
        "Research And Development": NaN,
        "Selling General And Administration": NaN,
        "Selling And Marketing Expense": NaN,
        "General And Administrative Expense": NaN,
        "Other Gand A": NaN,
        "Salaries And Wages": NaN,
        "Gross Profit": NaN,
        "Cost Of Revenue": NaN,
        "Total Revenue": NaN,
        "Operating Revenue": NaN
    },
    "2022-06-30": {
        "Tax Effect Of Unusual Items": 0.0,
        "Tax Rate For Calcs": 0.4,
        "Normalized EBITDA": 19803000.0,
        "Net Income From Continuing Operation Net Minority Interest": -589000.0,
        "Reconciled Depreciation": 13133000.0,
        "Reconciled Cost Of Revenue": 32838000.0,
        "EBITDA": 19803000.0,
        "EBIT": 6670000.0,
        "Net Interest Income": -3879000.0,
        "Interest Expense": 3879000.0,
        "Normalized Income": -589000.0,
        "Net Income From Continuing And Discontinued Operation": -589000.0,
        "Total Expenses": 78611000.0,
        "Total Operating Income As Reported": 4149000.0,
        "Diluted Average Shares": 156478724.0,
        "Basic Average Shares": 156478724.0,
        "Diluted EPS": -0.003764,
        "Basic EPS": -0.003764,
        "Diluted NI Availto Com Stockholders": -589000.0,
        "Net Income Common Stockholders": -589000.0,
        "Net Income": -589000.0,
        "Net Income Including Noncontrolling Interests": -589000.0,
        "Net Income Continuous Operations": -589000.0,
        "Tax Provision": 3380000.0,
        "Pretax Income": 2791000.0,
        "Other Income Expense": 2521000.0,
        "Other Non Operating Income Expenses": 2521000.0,
        "Net Non Operating Interest Income Expense": -3879000.0,
        "Interest Expense Non Operating": 3879000.0,
        "Operating Income": 4149000.0,
        "Operating Expense": 43417000.0,
        "Depreciation Amortization Depletion Income Statement": 10777000.0,
        "Depreciation And Amortization In Income Statement": 10777000.0,
        "Amortization": 10355000.0,
        "Amortization Of Intangibles Income Statement": 10355000.0,
        "Depreciation Income Statement": 422000.0,
        "Research And Development": 7741000.0,
        "Selling General And Administration": 24899000.0,
        "Selling And Marketing Expense": 7121000.0,
        "General And Administrative Expense": 17778000.0,
        "Other Gand A": 17778000.0,
        "Salaries And Wages": NaN,
        "Gross Profit": 47566000.0,
        "Cost Of Revenue": 35194000.0,
        "Total Revenue": 82760000.0,
        "Operating Revenue": 82760000.0
    },
    "2022-03-31": {
        "Diluted EPS": 0.01,
        "Total Revenue": 82,
        "Gross Profit": 49,
        "Operating Income": 6,
        "EBIT": 19,
        "Net Income": 2
    },
    "2021-12-31": {
        "Diluted EPS": -0.07,
        "Total Revenue": 75,
        "Gross Profit": 46,
        "Operating Income": 3,
        "EBIT": 17,
        "Net Income": -10
    },
    "2021-09-30": {
        "Diluted EPS": -0.01,
        "Total Revenue": 74,
        "Gross Profit": 45,
        "Operating Income": -1,
        "EBIT": 10,
        "Net Income": -2
    },
    "2021-06-30": {
        "Diluted EPS": -0.02,
        "Total Revenue": 70,
        "Gross Profit": 43,
        "Operating Income": 5,
        "EBIT": 16,
        "Net Income": -3
    },
    "2021-03-31": {
        "Diluted EPS": 0.01,
        "Total Revenue": 67,
        "Gross Profit": 41,
        "Operating Income": 6,
        "EBIT": 17,
        "Net Income": 1
    },
    "2020-12-31": {
        "Diluted EPS": -0.41,
        "Total Revenue": 65,
        "Gross Profit": 30,
        "Operating Income": -54,
        "EBIT": -42,
        "Net Income": -54
    },
    "2020-09-30": {
        "Diluted EPS": 0.01,
        "Total Revenue": 60,
        "Gross Profit": 37,
        "Operating Income": 7,
        "EBIT": 18,
        "Net Income": 1
    },
    "2020-06-30": {
        "Diluted EPS": 0.02,
        "Total Revenue": 61,
        "Gross Profit": 40,
        "Operating Income": 14,
        "EBIT": 25,
        "Net Income": 3
    },
    "2020-03-31": {
        "Diluted EPS": 0.01,
        "Total Revenue": 57,
        "Gross Profit": 35,
        "Operating Income": 8,
        "EBIT": 19,
        "Net Income": 1
    },
    "2019-12-31": {
        "Diluted EPS": 0.0,
        "Total Revenue": NaN,
        "Gross Profit": NaN,
        "Operating Income": NaN,
        "EBIT": NaN,
        "Net Income": NaN
    },
    "2019-09-30": {
        "Diluted EPS": 0.0,
        "Total Revenue": NaN,
        "Gross Profit": NaN,
        "Operating Income": NaN,
        "EBIT": NaN,
        "Net Income": NaN
    },
    "2018-12-31": {
        "Diluted EPS": 0.0,
        "Total Revenue": NaN,
        "Gross Profit": NaN,
        "Operating Income": NaN,
        "EBIT": NaN,
        "Net Income": NaN
    },
    "2023-06-30": {
        "Tax Effect Of Unusual Items": NaN,
        "Tax Rate For Calcs": NaN,
        "Normalized EBITDA": NaN,
        "Total Unusual Items": NaN,
        "Total Unusual Items Excluding Goodwill": NaN,
        "Net Income From Continuing Operation Net Minority Interest": NaN,
        "Reconciled Depreciation": NaN,
        "Reconciled Cost Of Revenue": NaN,
        "EBITDA": NaN,
        "EBIT": NaN,
        "Net Interest Income": NaN,
        "Interest Expense": NaN,
        "Normalized Income": NaN,
        "Net Income From Continuing And Discontinued Operation": NaN,
        "Total Expenses": NaN,
        "Total Operating Income As Reported": NaN,
        "Diluted Average Shares": 159906972.0,
        "Basic Average Shares": 158955822.0,
        "Diluted EPS": 0.03,
        "Basic EPS": 0.03,
        "Diluted NI Availto Com Stockholders": NaN,
        "Net Income Common Stockholders": NaN,
        "Net Income": NaN,
        "Net Income Including Noncontrolling Interests": NaN,
        "Net Income Continuous Operations": NaN,
        "Tax Provision": NaN,
        "Pretax Income": NaN,
        "Other Income Expense": NaN,
        "Other Non Operating Income Expenses": NaN,
        "Special Income Charges": NaN,
        "Impairment Of Capital Assets": NaN,
        "Net Non Operating Interest Income Expense": NaN,
        "Interest Expense Non Operating": NaN,
        "Operating Income": NaN,
        "Operating Expense": NaN,
        "Depreciation Amortization Depletion Income Statement": NaN,
        "Depreciation And Amortization In Income Statement": NaN,
        "Amortization": NaN,
        "Amortization Of Intangibles Income Statement": NaN,
        "Depreciation Income Statement": NaN,
        "Research And Development": NaN,
        "Selling General And Administration": NaN,
        "Selling And Marketing Expense": NaN,
        "General And Administrative Expense": NaN,
        "Other Gand A": NaN,
        "Salaries And Wages": -698000.0,
        "Gross Profit": NaN,
        "Cost Of Revenue": NaN,
        "Total Revenue": NaN,
        "Operating Revenue": NaN
    },
    "2023-09-30": {
        "Tax Effect Of Unusual Items": NaN,
        "Tax Rate For Calcs": NaN,
        "Normalized EBITDA": NaN,
        "Total Unusual Items": -46984000.0,
        "Total Unusual Items Excluding Goodwill": -46984000.0,
        "Net Income From Continuing Operation Net Minority Interest": NaN,
        "Reconciled Depreciation": NaN,
        "Reconciled Cost Of Revenue": NaN,
        "EBITDA": NaN,
        "EBIT": NaN,
        "Net Interest Income": NaN,
        "Interest Expense": NaN,
        "Normalized Income": NaN,
        "Net Income From Continuing And Discontinued Operation": NaN,
        "Total Expenses": NaN,
        "Total Operating Income As Reported": NaN,
        "Diluted Average Shares": 159165206.0,
        "Basic Average Shares": 159165206.0,
        "Diluted EPS": -0.31,
        "Basic EPS": -0.31,
        "Diluted NI Availto Com Stockholders": NaN,
        "Net Income Common Stockholders": NaN,
        "Net Income": NaN,
        "Net Income Including Noncontrolling Interests": NaN,
        "Net Income Continuous Operations": NaN,
        "Tax Provision": NaN,
        "Pretax Income": NaN,
        "Other Income Expense": NaN,
        "Other Non Operating Income Expenses": NaN,
        "Special Income Charges": -46984000.0,
        "Impairment Of Capital Assets": 46984000.0,
        "Net Non Operating Interest Income Expense": NaN,
        "Interest Expense Non Operating": NaN,
        "Operating Income": NaN,
        "Operating Expense": NaN,
        "Depreciation Amortization Depletion Income Statement": NaN,
        "Depreciation And Amortization In Income Statement": NaN,
        "Amortization": NaN,
        "Amortization Of Intangibles Income Statement": NaN,
        "Depreciation Income Statement": NaN,
        "Research And Development": NaN,
        "Selling General And Administration": NaN,
        "Selling And Marketing Expense": NaN,
        "General And Administrative Expense": NaN,
        "Other Gand A": NaN,
        "Gross Profit": NaN,
        "Cost Of Revenue": NaN,
        "Total Revenue": NaN,
        "Operating Revenue": NaN
    },
    "2023-12-31": {
        "Tax Effect Of Unusual Items": 0.0,
        "Tax Rate For Calcs": 0.21,
        "Normalized EBITDA": 8319000.0,
        "Total Unusual Items": 0.0,
        "Total Unusual Items Excluding Goodwill": 0.0,
        "Net Income From Continuing Operation Net Minority Interest": -12456000.0,
        "Reconciled Depreciation": 14833000.0,
        "Reconciled Cost Of Revenue": 31347000.0,
        "EBITDA": 8319000.0,
        "EBIT": -6514000.0,
        "Net Interest Income": -5870000.0,
        "Interest Expense": 5870000.0,
        "Normalized Income": -12456000.0,
        "Net Income From Continuing And Discontinued Operation": -12456000.0,
        "Total Expenses": 96477000.0,
        "Total Operating Income As Reported": -8467000.0,
        "Diluted Average Shares": NaN,
        "Basic Average Shares": NaN,
        "Diluted EPS": NaN,
        "Basic EPS": NaN,
        "Diluted NI Availto Com Stockholders": -12456000.0,
        "Net Income Common Stockholders": -12456000.0,
        "Net Income": -12456000.0,
        "Net Income Including Noncontrolling Interests": -12456000.0,
        "Net Income Continuous Operations": -12456000.0,
        "Tax Provision": 72000.0,
        "Pretax Income": -12384000.0,
        "Other Income Expense": 1953000.0,
        "Other Non Operating Income Expenses": 1953000.0,
        "Special Income Charges": 0.0,
        "Impairment Of Capital Assets": 0.0,
        "Net Non Operating Interest Income Expense": -5870000.0,
        "Interest Expense Non Operating": 5870000.0,
        "Operating Income": -8467000.0,
        "Operating Expense": 62411000.0,
        "Depreciation Amortization Depletion Income Statement": 12114000.0,
        "Depreciation And Amortization In Income Statement": 12114000.0,
        "Amortization": 11701000.0,
        "Amortization Of Intangibles Income Statement": 11701000.0,
        "Depreciation Income Statement": 413000.0,
        "Research And Development": 8018000.0,
        "Selling General And Administration": 42279000.0,
        "Selling And Marketing Expense": 8671000.0,
        "General And Administrative Expense": 33608000.0,
        "Other Gand A": 33608000.0,
        "Gross Profit": 53944000.0,
        "Cost Of Revenue": 34066000.0,
        "Total Revenue": 88010000.0,
        "Operating Revenue": 88010000.0
    },
    "2024-03-31": {
        "Tax Effect Of Unusual Items": 0.0,
        "Tax Rate For Calcs": 0.14,
        "Normalized EBITDA": 16745000.0,
        "Total Unusual Items": NaN,
        "Total Unusual Items Excluding Goodwill": NaN,
        "Net Income From Continuing Operation Net Minority Interest": -4683000.0,
        "Reconciled Depreciation": 16428000.0,
        "Reconciled Cost Of Revenue": 35852000.0,
        "EBITDA": 16745000.0,
        "EBIT": 317000.0,
        "Net Interest Income": -5751000.0,
        "Interest Expense": 5751000.0,
        "Normalized Income": -4683000.0,
        "Net Income From Continuing And Discontinued Operation": -4683000.0,
        "Total Expenses": 97941000.0,
        "Total Operating Income As Reported": -1287000.0,
        "Diluted Average Shares": 159524270.0,
        "Basic Average Shares": 159524270.0,
        "Diluted EPS": -0.03,
        "Basic EPS": -0.03,
        "Diluted NI Availto Com Stockholders": -4683000.0,
        "Net Income Common Stockholders": -4683000.0,
        "Net Income": -4683000.0,
        "Net Income Including Noncontrolling Interests": -4683000.0,
        "Net Income Continuous Operations": -4683000.0,
        "Tax Provision": -751000.0,
        "Pretax Income": -5434000.0,
        "Other Income Expense": 1604000.0,
        "Other Non Operating Income Expenses": 1604000.0,
        "Special Income Charges": NaN,
        "Impairment Of Capital Assets": NaN,
        "Net Non Operating Interest Income Expense": -5751000.0,
        "Interest Expense Non Operating": 5751000.0,
        "Operating Income": -1287000.0,
        "Operating Expense": 58686000.0,
        "Depreciation Amortization Depletion Income Statement": 13025000.0,
        "Depreciation And Amortization In Income Statement": 13025000.0,
        "Amortization": 12593000.0,
        "Amortization Of Intangibles Income Statement": 12593000.0,
        "Depreciation Income Statement": 432000.0,
        "Research And Development": 11995000.0,
        "Selling General And Administration": 33666000.0,
        "Selling And Marketing Expense": 10687000.0,
        "General And Administrative Expense": 22979000.0,
        "Other Gand A": 22979000.0,
        "Gross Profit": 57399000.0,
        "Cost Of Revenue": 39255000.0,
        "Total Revenue": 96654000.0,
        "Operating Revenue": 96654000.0
    },
    "2024-06-30": {
        "Tax Effect Of Unusual Items": 0.0,
        "Tax Rate For Calcs": 0.21,
        "Normalized EBITDA": 9906000.0,
        "Total Unusual Items": NaN,
        "Total Unusual Items Excluding Goodwill": NaN,
        "Net Income From Continuing Operation Net Minority Interest": -12574000.0,
        "Reconciled Depreciation": 16597000.0,
        "Reconciled Cost Of Revenue": 36406000.0,
        "EBITDA": 9906000.0,
        "EBIT": -6691000.0,
        "Net Interest Income": -5578000.0,
        "Interest Expense": 5578000.0,
        "Normalized Income": -12574000.0,
        "Net Income From Continuing And Discontinued Operation": -12574000.0,
        "Total Expenses": 102354000.0,
        "Total Operating Income As Reported": -9041000.0,
        "Diluted Average Shares": 160505223.0,
        "Basic Average Shares": 160505223.0,
        "Diluted EPS": -0.08,
        "Basic EPS": -0.08,
        "Diluted NI Availto Com Stockholders": -12574000.0,
        "Net Income Common Stockholders": -12574000.0,
        "Net Income": -12574000.0,
        "Net Income Including Noncontrolling Interests": -12574000.0,
        "Net Income Continuous Operations": -12574000.0,
        "Tax Provision": 305000.0,
        "Pretax Income": -12269000.0,
        "Other Income Expense": 2350000.0,
        "Other Non Operating Income Expenses": 2350000.0,
        "Special Income Charges": NaN,
        "Impairment Of Capital Assets": NaN,
        "Net Non Operating Interest Income Expense": -5578000.0,
        "Interest Expense Non Operating": 5578000.0,
        "Operating Income": -9041000.0,
        "Operating Expense": 62545000.0,
        "Depreciation Amortization Depletion Income Statement": 13194000.0,
        "Depreciation And Amortization In Income Statement": 13194000.0,
        "Amortization": 12743000.0,
        "Amortization Of Intangibles Income Statement": 12743000.0,
        "Depreciation Income Statement": 451000.0,
        "Research And Development": 9067000.0,
        "Selling General And Administration": 40284000.0,
        "Selling And Marketing Expense": 12213000.0,
        "General And Administrative Expense": 28071000.0,
        "Other Gand A": 28071000.0,
        "Gross Profit": 53504000.0,
        "Cost Of Revenue": 39809000.0,
        "Total Revenue": 93313000.0,
        "Operating Revenue": 93313000.0
    },
    "2024-09-30": {
        "Tax Effect Of Unusual Items": 0.0,
        "Tax Rate For Calcs": 0.17,
        "Normalized EBITDA": 20318000.0,
        "Total Unusual Items": 0.0,
        "Total Unusual Items Excluding Goodwill": 0.0,
        "Net Income From Continuing Operation Net Minority Interest": -1371000.0,
        "Reconciled Depreciation": 16792000.0,
        "Reconciled Cost Of Revenue": 33786000.0,
        "EBITDA": 20318000.0,
        "EBIT": 3526000.0,
        "Net Interest Income": -5187000.0,
        "Interest Expense": 5187000.0,
        "Normalized Income": -1371000.0,
        "Net Income From Continuing And Discontinued Operation": -1371000.0,
        "Total Expenses": 92226000.0,
        "Total Operating Income As Reported": 2594000.0,
        "Diluted Average Shares": 160642052.0,
        "Basic Average Shares": 160642052.0,
        "Diluted EPS": -0.01,
        "Basic EPS": -0.01,
        "Diluted NI Availto Com Stockholders": -1371000.0,
        "Net Income Common Stockholders": -1371000.0,
        "Net Income": -1371000.0,
        "Net Income Including Noncontrolling Interests": -1371000.0,
        "Net Income Continuous Operations": -1371000.0,
        "Tax Provision": -290000.0,
        "Pretax Income": -1661000.0,
        "Other Income Expense": 932000.0,
        "Other Non Operating Income Expenses": 932000.0,
        "Special Income Charges": 0.0,
        "Impairment Of Capital Assets": 0.0,
        "Net Non Operating Interest Income Expense": -5187000.0,
        "Interest Expense Non Operating": 5187000.0,
        "Operating Income": 2594000.0,
        "Operating Expense": 55037000.0,
        "Depreciation Amortization Depletion Income Statement": 13389000.0,
        "Depreciation And Amortization In Income Statement": 13389000.0,
        "Amortization": 12950000.0,
        "Amortization Of Intangibles Income Statement": 12950000.0,
        "Depreciation Income Statement": 439000.0,
        "Research And Development": 8271000.0,
        "Selling General And Administration": 33377000.0,
        "Selling And Marketing Expense": 11347000.0,
        "General And Administrative Expense": 22030000.0,
        "Other Gand A": 22030000.0,
        "Gross Profit": 57631000.0,
        "Cost Of Revenue": 37189000.0,
        "Total Revenue": 94820000.0,
        "Operating Revenue": 94820000.0
    },
    "2024-12-31": {
        "Tax Effect Of Unusual Items": 0.0,
        "Tax Rate For Calcs": 0.21,
        "Normalized EBITDA": 25400000.0,
        "Total Unusual Items": 0.0,
        "Total Unusual Items Excluding Goodwill": 0.0,
        "Net Income From Continuing Operation Net Minority Interest": 6577000.0,
        "Reconciled Depreciation": 18216000.0,
        "Reconciled Cost Of Revenue": 34032000.0,
        "EBITDA": 25400000.0,
        "EBIT": 7184000.0,
        "Net Interest Income": -5004000.0,
        "Interest Expense": 5004000.0,
        "Normalized Income": 6577000.0,
        "Net Income From Continuing And Discontinued Operation": 6577000.0,
        "Total Expenses": 94358000.0,
        "Total Operating Income As Reported": 6003000.0,
        "Diluted Average Shares": NaN,
        "Basic Average Shares": NaN,
        "Diluted EPS": NaN,
        "Basic EPS": NaN,
        "Diluted NI Availto Com Stockholders": 6577000.0,
        "Net Income Common Stockholders": 6577000.0,
        "Net Income": 6577000.0,
        "Net Income Including Noncontrolling Interests": 6577000.0,
        "Net Income Continuous Operations": 6577000.0,
        "Tax Provision": -4397000.0,
        "Pretax Income": 2180000.0,
        "Other Income Expense": 1181000.0,
        "Other Non Operating Income Expenses": 1181000.0,
        "Special Income Charges": 0.0,
        "Impairment Of Capital Assets": 0.0,
        "Net Non Operating Interest Income Expense": -5004000.0,
        "Interest Expense Non Operating": 5004000.0,
        "Operating Income": 6003000.0,
        "Operating Expense": 56095000.0,
        "Depreciation Amortization Depletion Income Statement": 13985000.0,
        "Depreciation And Amortization In Income Statement": 13985000.0,
        "Amortization": 13313000.0,
        "Amortization Of Intangibles Income Statement": 13313000.0,
        "Depreciation Income Statement": 672000.0,
        "Research And Development": 7772000.0,
        "Selling General And Administration": 34338000.0,
        "Selling And Marketing Expense": 13197000.0,
        "General And Administrative Expense": 21141000.0,
        "Other Gand A": 21141000.0,
        "Gross Profit": 62098000.0,
        "Cost Of Revenue": 38263000.0,
        "Total Revenue": 100361000.0,
        "Operating Revenue": 100361000.0
    }
}