{
    "2023-03-31": {
        "Tax Effect Of Unusual Items": NaN,
        "Tax Rate For Calcs": NaN,
        "Normalized EBITDA": NaN,
        "Total Unusual Items": NaN,
        "Total Unusual Items Excluding Goodwill": NaN,
        "Net Income From Continuing Operation Net Minority Interest": NaN,
        "Reconciled Depreciation": NaN,
        "Reconciled Cost Of Revenue": NaN,
        "EBITDA": NaN,
        "EBIT": NaN,
        "Net Interest Income": NaN,
        "Interest Expense": NaN,
        "Normalized Income": NaN,
        "Net Income From Continuing And Discontinued Operation": NaN,
        "Total Expenses": NaN,
        "Total Operating Income As Reported": NaN,
        "Diluted Average Shares": 815498.0,
        "Basic Average Shares": 815498.0,
        "Diluted EPS": -0.8,
        "Basic EPS": -0.8,
        "Diluted NI Availto Com Stockholders": NaN,
        "Net Income Common Stockholders": NaN,
        "Preferred Stock Dividends": NaN,
        "Net Income": NaN,
        "Minority Interests": NaN,
        "Net Income Including Noncontrolling Interests": NaN,
        "Net Income Discontinuous Operations": NaN,
        "Net Income Continuous Operations": NaN,
        "Tax Provision": NaN,
        "Pretax Income": NaN,
        "Other Income Expense": NaN,
        "Other Non Operating Income Expenses": NaN,
        "Gain On Sale Of Security": NaN,
        "Net Non Operating Interest Income Expense": NaN,
        "Interest Expense Non Operating": NaN,
        "Operating Income": NaN,
        "Operating Expense": NaN,
        "Research And Development": NaN,
        "Selling General And Administration": NaN,
        "General And Administrative Expense": NaN,
        "Other Gand A": NaN,
        "Gross Profit": NaN,
        "Cost Of Revenue": NaN,
        "Total Revenue": NaN,
        "Operating Revenue": NaN
    },
    "2022-12-31": {
        "Tax Effect Of Unusual Items": NaN,
        "Tax Rate For Calcs": NaN,
        "Normalized EBITDA": NaN,
        "Net Income From Continuing Operation Net Minority Interest": NaN,
        "Reconciled Depreciation": NaN,
        "Reconciled Cost Of Revenue": NaN,
        "EBITDA": NaN,
        "EBIT": NaN,
        "Net Interest Income": NaN,
        "Interest Expense": NaN,
        "Normalized Income": NaN,
        "Net Income From Continuing And Discontinued Operation": NaN,
        "Total Expenses": NaN,
        "Total Operating Income As Reported": NaN,
        "Diluted Average Shares": 761571.0,
        "Basic Average Shares": 761571.0,
        "Diluted EPS": -8.24,
        "Basic EPS": -8.24,
        "Diluted NI Availto Com Stockholders": NaN,
        "Net Income Common Stockholders": NaN,
        "Net Income": NaN,
        "Minority Interests": NaN,
        "Net Income Including Noncontrolling Interests": NaN,
        "Net Income Discontinuous Operations": NaN,
        "Net Income Continuous Operations": NaN,
        "Tax Provision": NaN,
        "Pretax Income": NaN,
        "Other Income Expense": NaN,
        "Other Non Operating Income Expenses": NaN,
        "Net Non Operating Interest Income Expense": NaN,
        "Interest Expense Non Operating": NaN,
        "Operating Income": NaN,
        "Operating Expense": NaN,
        "Research And Development": NaN,
        "Selling General And Administration": NaN,
        "General And Administrative Expense": NaN,
        "Other Gand A": NaN,
        "Gross Profit": NaN,
        "Cost Of Revenue": NaN,
        "Total Revenue": NaN,
        "Operating Revenue": NaN
    },
    "2022-09-30": {
        "Tax Effect Of Unusual Items": 0.0,
        "Tax Rate For Calcs": 0.4,
        "Normalized EBITDA": -2429417.0,
        "Net Income From Continuing Operation Net Minority Interest": -3140967.0,
        "Reconciled Depreciation": 516307.0,
        "Reconciled Cost Of Revenue": 7986016.0,
        "EBITDA": -2429417.0,
        "EBIT": -2945724.0,
        "Net Interest Income": -243674.0,
        "Interest Expense": 243674.0,
        "Normalized Income": -3140967.0,
        "Net Income From Continuing And Discontinued Operation": -3140967.0,
        "Total Expenses": 16801025.0,
        "Total Operating Income As Reported": -6873652.0,
        "Diluted Average Shares": 753674.0,
        "Basic Average Shares": 753674.0,
        "Diluted EPS": -3.97,
        "Basic EPS": -3.97,
        "Diluted NI Availto Com Stockholders": -3140967.0,
        "Net Income Common Stockholders": -3140967.0,
        "Net Income": -3140967.0,
        "Minority Interests": 87827.0,
        "Net Income Including Noncontrolling Interests": -3228794.0,
        "Net Income Discontinuous Operations": NaN,
        "Net Income Continuous Operations": -3228794.0,
        "Tax Provision": 39396.0,
        "Pretax Income": -3189398.0,
        "Other Income Expense": 611928.0,
        "Other Non Operating Income Expenses": 3927928.0,
        "Net Non Operating Interest Income Expense": -243674.0,
        "Interest Expense Non Operating": 243674.0,
        "Operating Income": -3557652.0,
        "Operating Expense": 8815009.0,
        "Research And Development": 1377046.0,
        "Selling General And Administration": 7437963.0,
        "General And Administrative Expense": 7437963.0,
        "Other Gand A": 7437963.0,
        "Gross Profit": 5257357.0,
        "Cost Of Revenue": 7986016.0,
        "Total Revenue": 13243373.0,
        "Operating Revenue": 13243373.0
    },
    "2022-06-30": {
        "Tax Effect Of Unusual Items": 0.0,
        "Tax Rate For Calcs": 0.253093,
        "Normalized EBITDA": 96473.0,
        "Net Income From Continuing Operation Net Minority Interest": -680793.0,
        "Reconciled Depreciation": 145057.0,
        "Reconciled Cost Of Revenue": 7754490.0,
        "EBITDA": 96473.0,
        "EBIT": -48584.0,
        "Net Interest Income": -931059.0,
        "Interest Expense": 931059.0,
        "Normalized Income": -680793.0,
        "Net Income From Continuing And Discontinued Operation": -680793.0,
        "Total Expenses": 15751695.0,
        "Total Operating Income As Reported": -2120849.0,
        "Diluted Average Shares": 736506.0,
        "Basic Average Shares": 736506.0,
        "Diluted EPS": -0.93,
        "Basic EPS": -0.93,
        "Diluted NI Availto Com Stockholders": -680793.0,
        "Net Income Common Stockholders": -680793.0,
        "Net Income": -680793.0,
        "Minority Interests": 50909.0,
        "Net Income Including Noncontrolling Interests": -731702.0,
        "Net Income Discontinuous Operations": NaN,
        "Net Income Continuous Operations": -731702.0,
        "Tax Provision": -247941.0,
        "Pretax Income": -979643.0,
        "Other Income Expense": 2072265.0,
        "Other Non Operating Income Expenses": 2072265.0,
        "Net Non Operating Interest Income Expense": -931059.0,
        "Interest Expense Non Operating": 931059.0,
        "Operating Income": -2120849.0,
        "Operating Expense": 7997205.0,
        "Research And Development": 1048246.0,
        "Selling General And Administration": 6948959.0,
        "General And Administrative Expense": 6948959.0,
        "Other Gand A": 6948959.0,
        "Gross Profit": 5876356.0,
        "Cost Of Revenue": 7754490.0,
        "Total Revenue": 13630846.0,
        "Operating Revenue": 13630846.0
    },
    "2022-03-31": {
        "Diluted EPS": -6.86,
        "Total Revenue": 12,
        "Gross Profit": 4,
        "Operating Income": -3,
        "EBIT": -2,
        "Net Income": -5
    },
    "2021-12-31": {
        "Diluted EPS": -6.79,
        "Total Revenue": 9,
        "Gross Profit": 3,
        "Operating Income": -3,
        "EBIT": -3,
        "Net Income": -4
    },
    "2021-09-30": {
        "Diluted EPS": -18.18,
        "Total Revenue": 15,
        "Gross Profit": 5,
        "Operating Income": -2,
        "EBIT": -2,
        "Net Income": -10
    },
    "2021-06-30": {
        "Diluted EPS": 2.1,
        "Total Revenue": 10,
        "Gross Profit": 4,
        "Operating Income": -2,
        "EBIT": -2,
        "Net Income": 1
    },
    "2021-03-31": {
        "Diluted EPS": 4.55,
        "Total Revenue": 9,
        "Gross Profit": 4,
        "Operating Income": -2,
        "EBIT": -1,
        "Net Income": 2
    },
    "2020-12-31": {
        "Diluted EPS": -3.15,
        "Total Revenue": 9,
        "Gross Profit": 4,
        "Operating Income": -2,
        "EBIT": -1,
        "Net Income": -2
    },
    "2020-09-30": {
        "Diluted EPS": -15.39,
        "Total Revenue": 11,
        "Gross Profit": 4,
        "Operating Income": -2,
        "EBIT": -1,
        "Net Income": -5
    },
    "2020-06-30": {
        "Diluted EPS": -13.29,
        "Total Revenue": 8,
        "Gross Profit": 3,
        "Operating Income": -2,
        "EBIT": -1,
        "Net Income": -4
    },
    "2020-03-31": {
        "Diluted EPS": -9.09,
        "Total Revenue": 12,
        "Gross Profit": 5,
        "Operating Income": -1,
        "EBIT": 0,
        "Net Income": -2
    },
    "2019-12-31": {
        "Diluted EPS": -0.35,
        "Total Revenue": 12,
        "Gross Profit": 5,
        "Operating Income": 0,
        "EBIT": 1,
        "Net Income": 0
    },
    "2019-09-30": {
        "Diluted EPS": -213.64,
        "Total Revenue": 11,
        "Gross Profit": 5,
        "Operating Income": -3,
        "EBIT": -3,
        "Net Income": -16
    },
    "2019-06-30": {
        "Diluted EPS": -55.59,
        "Total Revenue": 11,
        "Gross Profit": 4,
        "Operating Income": 0,
        "EBIT": 0,
        "Net Income": -3
    },
    "2019-03-31": {
        "Diluted EPS": -39.16,
        "Total Revenue": 12,
        "Gross Profit": 5,
        "Operating Income": -3,
        "EBIT": -1,
        "Net Income": -2
    },
    "2018-12-31": {
        "Diluted EPS": -66.78,
        "Total Revenue": 6,
        "Gross Profit": 2,
        "Operating Income": -2,
        "EBIT": -1,
        "Net Income": -3
    },
    "2018-09-30": {
        "Diluted EPS": -199.3,
        "Total Revenue": -49,
        "Gross Profit": -17,
        "Operating Income": -12,
        "EBIT": -13,
        "Net Income": -8
    },
    "2018-06-30": {
        "Diluted EPS": -84.27,
        "Total Revenue": 19,
        "Gross Profit": 7,
        "Operating Income": -1,
        "EBIT": 0,
        "Net Income": -3
    },
    "2018-03-31": {
        "Diluted EPS": 11.19,
        "Total Revenue": 20,
        "Gross Profit": 7,
        "Operating Income": 0,
        "EBIT": 1,
        "Net Income": 0
    },
    "2017-12-31": {
        "Diluted EPS": 19.58,
        "Total Revenue": 32,
        "Gross Profit": 11,
        "Operating Income": 1,
        "EBIT": 2,
        "Net Income": 1
    },
    "2017-09-30": {
        "Diluted EPS": 5.59,
        "Total Revenue": 33,
        "Gross Profit": 11,
        "Operating Income": 1,
        "EBIT": 2,
        "Net Income": 0
    },
    "2017-06-30": {
        "Diluted EPS": 30.77,
        "Total Revenue": 28,
        "Gross Profit": 10,
        "Operating Income": 1,
        "EBIT": 2,
        "Net Income": 1
    },
    "2017-03-31": {
        "Diluted EPS": 11.19,
        "Total Revenue": 31,
        "Gross Profit": 9,
        "Operating Income": 1,
        "EBIT": 1,
        "Net Income": 0
    },
    "2016-12-31": {
        "Diluted EPS": 39.16,
        "Total Revenue": 29,
        "Gross Profit": 10,
        "Operating Income": 2,
        "EBIT": 3,
        "Net Income": 1
    },
    "2016-09-30": {
        "Diluted EPS": 67.13,
        "Total Revenue": 37,
        "Gross Profit": 11,
        "Operating Income": 2,
        "EBIT": 3,
        "Net Income": 2
    },
    "2016-06-30": {
        "Diluted EPS": 44.76,
        "Total Revenue": 25,
        "Gross Profit": 8,
        "Operating Income": 2,
        "EBIT": 2,
        "Net Income": 1
    },
    "2016-03-31": {
        "Diluted EPS": 27.97,
        "Total Revenue": 19,
        "Gross Profit": 6,
        "Operating Income": 1,
        "EBIT": 1,
        "Net Income": 1
    },
    "2015-12-31": {
        "Diluted EPS": 25.18,
        "Total Revenue": 13,
        "Gross Profit": 4,
        "Operating Income": 0,
        "EBIT": 1,
        "Net Income": 1
    },
    "2015-09-30": {
        "Diluted EPS": 11.19,
        "Total Revenue": 14,
        "Gross Profit": 4,
        "Operating Income": 1,
        "EBIT": 1,
        "Net Income": 0
    },
    "2015-06-30": {
        "Diluted EPS": 39.16,
        "Total Revenue": 15,
        "Gross Profit": 4,
        "Operating Income": 1,
        "EBIT": 1,
        "Net Income": 1
    },
    "2015-03-31": {
        "Diluted EPS": 44.76,
        "Total Revenue": 14,
        "Gross Profit": 4,
        "Operating Income": 1,
        "EBIT": 1,
        "Net Income": 1
    },
    "2014-12-31": {
        "Diluted EPS": 16.78,
        "Total Revenue": 14,
        "Gross Profit": 4,
        "Operating Income": 0,
        "EBIT": 1,
        "Net Income": 0
    },
    "2014-09-30": {
        "Diluted EPS": 55.95,
        "Total Revenue": 14,
        "Gross Profit": 5,
        "Operating Income": 1,
        "EBIT": 1,
        "Net Income": 1
    },
    "2014-06-30": {
        "Diluted EPS": 30.77,
        "Total Revenue": 13,
        "Gross Profit": 4,
        "Operating Income": 1,
        "EBIT": 1,
        "Net Income": 1
    },
    "2014-03-31": {
        "Diluted EPS": 5.59,
        "Total Revenue": 12,
        "Gross Profit": 4,
        "Operating Income": 1,
        "EBIT": 2,
        "Net Income": 1
    },
    "2013-12-31": {
        "Diluted EPS": 16.78,
        "Total Revenue": 9,
        "Gross Profit": 3,
        "Operating Income": 0,
        "EBIT": 0,
        "Net Income": 0
    },
    "2013-09-30": {
        "Diluted EPS": 0.0,
        "Total Revenue": NaN,
        "Gross Profit": NaN,
        "Operating Income": NaN,
        "EBIT": NaN,
        "Net Income": NaN
    },
    "2013-06-30": {
        "Diluted EPS": 0.0,
        "Total Revenue": 5,
        "Gross Profit": 0,
        "Operating Income": 0,
        "EBIT": 0,
        "Net Income": 0
    },
    "2013-03-31": {
        "Diluted EPS": 0.0,
        "Total Revenue": 4,
        "Gross Profit": 0,
        "Operating Income": 0,
        "EBIT": 0,
        "Net Income": 0
    },
    "2012-09-30": {
        "Diluted EPS": 0.0,
        "Total Revenue": NaN,
        "Gross Profit": NaN,
        "Operating Income": NaN,
        "EBIT": NaN,
        "Net Income": NaN
    },
    "2011-09-30": {
        "Diluted EPS": 0.0,
        "Total Revenue": NaN,
        "Gross Profit": NaN,
        "Operating Income": NaN,
        "EBIT": NaN,
        "Net Income": NaN
    },
    "2010-09-30": {
        "Diluted EPS": 0.0,
        "Total Revenue": NaN,
        "Gross Profit": NaN,
        "Operating Income": NaN,
        "EBIT": NaN,
        "Net Income": NaN
    },
    "2009-09-30": {
        "Diluted EPS": 0.0,
        "Total Revenue": NaN,
        "Gross Profit": NaN,
        "Operating Income": NaN,
        "EBIT": NaN,
        "Net Income": NaN
    },
    "2023-06-30": {
        "Tax Effect Of Unusual Items": NaN,
        "Tax Rate For Calcs": NaN,
        "Normalized EBITDA": NaN,
        "Total Unusual Items": NaN,
        "Total Unusual Items Excluding Goodwill": NaN,
        "Net Income From Continuing Operation Net Minority Interest": NaN,
        "Reconciled Depreciation": NaN,
        "Reconciled Cost Of Revenue": NaN,
        "EBITDA": NaN,
        "EBIT": NaN,
        "Net Interest Income": NaN,
        "Interest Expense": NaN,
        "Normalized Income": NaN,
        "Net Income From Continuing And Discontinued Operation": NaN,
        "Total Expenses": NaN,
        "Total Operating Income As Reported": NaN,
        "Diluted Average Shares": 456.0,
        "Basic Average Shares": 456.0,
        "Diluted EPS": -2643.078947,
        "Basic EPS": -2643.078947,
        "Diluted NI Availto Com Stockholders": NaN,
        "Net Income Common Stockholders": NaN,
        "Preferred Stock Dividends": 58720.0,
        "Net Income": NaN,
        "Minority Interests": NaN,
        "Net Income Including Noncontrolling Interests": NaN,
        "Net Income Discontinuous Operations": NaN,
        "Net Income Continuous Operations": NaN,
        "Tax Provision": NaN,
        "Pretax Income": NaN,
        "Other Income Expense": NaN,
        "Other Non Operating Income Expenses": NaN,
        "Gain On Sale Of Security": NaN,
        "Net Non Operating Interest Income Expense": NaN,
        "Interest Expense Non Operating": NaN,
        "Operating Income": NaN,
        "Operating Expense": NaN,
        "Research And Development": NaN,
        "Selling General And Administration": NaN,
        "General And Administrative Expense": NaN,
        "Other Gand A": NaN,
        "Gross Profit": NaN,
        "Cost Of Revenue": NaN,
        "Total Revenue": NaN,
        "Operating Revenue": NaN
    },
    "2023-09-30": {
        "Tax Effect Of Unusual Items": 0.0,
        "Tax Rate For Calcs": 0.21,
        "Normalized EBITDA": 391707.0,
        "Total Unusual Items": NaN,
        "Total Unusual Items Excluding Goodwill": NaN,
        "Net Income From Continuing Operation Net Minority Interest": -1552401.0,
        "Reconciled Depreciation": 327806.0,
        "Reconciled Cost Of Revenue": 9768487.0,
        "EBITDA": 391707.0,
        "EBIT": 63901.0,
        "Net Interest Income": -1248741.0,
        "Interest Expense": 1248741.0,
        "Normalized Income": -1552401.0,
        "Net Income From Continuing And Discontinued Operation": -1178346.0,
        "Total Expenses": 16613502.0,
        "Total Operating Income As Reported": -18719.0,
        "Diluted Average Shares": NaN,
        "Basic Average Shares": NaN,
        "Diluted EPS": NaN,
        "Basic EPS": NaN,
        "Diluted NI Availto Com Stockholders": -1178346.0,
        "Net Income Common Stockholders": -1178346.0,
        "Preferred Stock Dividends": NaN,
        "Net Income": -1178346.0,
        "Minority Interests": 7070.0,
        "Net Income Including Noncontrolling Interests": -1185416.0,
        "Net Income Discontinuous Operations": 374055.0,
        "Net Income Continuous Operations": -1559471.0,
        "Tax Provision": 374631.0,
        "Pretax Income": -1184840.0,
        "Other Income Expense": 82620.0,
        "Other Non Operating Income Expenses": 82620.0,
        "Gain On Sale Of Security": NaN,
        "Net Non Operating Interest Income Expense": -1248741.0,
        "Interest Expense Non Operating": 1248741.0,
        "Operating Income": -18719.0,
        "Operating Expense": 6845015.0,
        "Research And Development": -627723.0,
        "Selling General And Administration": 7472738.0,
        "General And Administrative Expense": 7472738.0,
        "Other Gand A": 7472738.0,
        "Gross Profit": 6826296.0,
        "Cost Of Revenue": 9768487.0,
        "Total Revenue": 16594783.0,
        "Operating Revenue": 16594783.0
    },
    "2023-12-31": {
        "Tax Effect Of Unusual Items": NaN,
        "Tax Rate For Calcs": NaN,
        "Normalized EBITDA": NaN,
        "Total Unusual Items": NaN,
        "Total Unusual Items Excluding Goodwill": NaN,
        "Net Income From Continuing Operation Net Minority Interest": NaN,
        "Reconciled Depreciation": NaN,
        "Reconciled Cost Of Revenue": NaN,
        "EBITDA": NaN,
        "EBIT": NaN,
        "Net Interest Income": NaN,
        "Interest Expense": NaN,
        "Normalized Income": NaN,
        "Net Income From Continuing And Discontinued Operation": NaN,
        "Total Expenses": NaN,
        "Total Operating Income As Reported": NaN,
        "Diluted Average Shares": 502.0,
        "Basic Average Shares": 502.0,
        "Diluted EPS": -2405.366534,
        "Basic EPS": -2405.366534,
        "Diluted NI Availto Com Stockholders": NaN,
        "Net Income Common Stockholders": NaN,
        "Preferred Stock Dividends": NaN,
        "Net Income": NaN,
        "Minority Interests": NaN,
        "Net Income Including Noncontrolling Interests": NaN,
        "Net Income Discontinuous Operations": NaN,
        "Net Income Continuous Operations": NaN,
        "Tax Provision": NaN,
        "Pretax Income": NaN,
        "Other Income Expense": NaN,
        "Other Non Operating Income Expenses": NaN,
        "Gain On Sale Of Security": NaN,
        "Net Non Operating Interest Income Expense": NaN,
        "Interest Expense Non Operating": NaN,
        "Operating Income": NaN,
        "Operating Expense": NaN,
        "Research And Development": NaN,
        "Selling General And Administration": NaN,
        "General And Administrative Expense": NaN,
        "Other Gand A": NaN,
        "Gross Profit": NaN,
        "Cost Of Revenue": NaN,
        "Total Revenue": NaN,
        "Operating Revenue": NaN
    },
    "2024-03-31": {
        "Tax Effect Of Unusual Items": NaN,
        "Tax Rate For Calcs": NaN,
        "Normalized EBITDA": NaN,
        "Total Unusual Items": NaN,
        "Total Unusual Items Excluding Goodwill": NaN,
        "Net Income From Continuing Operation Net Minority Interest": NaN,
        "Reconciled Depreciation": NaN,
        "Reconciled Cost Of Revenue": NaN,
        "EBITDA": NaN,
        "EBIT": NaN,
        "Net Interest Income": NaN,
        "Interest Expense": NaN,
        "Normalized Income": NaN,
        "Net Income From Continuing And Discontinued Operation": NaN,
        "Total Expenses": NaN,
        "Total Operating Income As Reported": NaN,
        "Diluted Average Shares": 33.0,
        "Basic Average Shares": 33.0,
        "Diluted EPS": -44642.757576,
        "Basic EPS": -44642.757576,
        "Diluted NI Availto Com Stockholders": NaN,
        "Net Income Common Stockholders": NaN,
        "Preferred Stock Dividends": NaN,
        "Net Income": NaN,
        "Minority Interests": NaN,
        "Net Income Including Noncontrolling Interests": NaN,
        "Net Income Discontinuous Operations": NaN,
        "Net Income Continuous Operations": NaN,
        "Tax Provision": NaN,
        "Pretax Income": NaN,
        "Other Income Expense": NaN,
        "Other Non Operating Income Expenses": NaN,
        "Gain On Sale Of Security": NaN,
        "Net Non Operating Interest Income Expense": NaN,
        "Interest Expense Non Operating": NaN,
        "Operating Income": NaN,
        "Operating Expense": NaN,
        "Research And Development": NaN,
        "Selling General And Administration": NaN,
        "General And Administrative Expense": NaN,
        "Other Gand A": NaN,
        "Gross Profit": NaN,
        "Cost Of Revenue": NaN,
        "Total Revenue": NaN,
        "Operating Revenue": NaN
    },
    "2024-06-30": {
        "Tax Effect Of Unusual Items": NaN,
        "Tax Rate For Calcs": NaN,
        "Normalized EBITDA": NaN,
        "Total Unusual Items": NaN,
        "Total Unusual Items Excluding Goodwill": NaN,
        "Net Income From Continuing Operation Net Minority Interest": NaN,
        "Reconciled Depreciation": NaN,
        "Reconciled Cost Of Revenue": NaN,
        "EBITDA": NaN,
        "EBIT": NaN,
        "Net Interest Income": NaN,
        "Interest Expense": NaN,
        "Normalized Income": NaN,
        "Net Income From Continuing And Discontinued Operation": NaN,
        "Total Expenses": NaN,
        "Total Operating Income As Reported": NaN,
        "Diluted Average Shares": 519.0,
        "Basic Average Shares": 519.0,
        "Diluted EPS": -17405.666667,
        "Basic EPS": -17405.666667,
        "Diluted NI Availto Com Stockholders": NaN,
        "Net Income Common Stockholders": NaN,
        "Preferred Stock Dividends": 52515.0,
        "Net Income": NaN,
        "Minority Interests": NaN,
        "Net Income Including Noncontrolling Interests": NaN,
        "Net Income Discontinuous Operations": NaN,
        "Net Income Continuous Operations": NaN,
        "Tax Provision": NaN,
        "Pretax Income": NaN,
        "Other Income Expense": NaN,
        "Other Non Operating Income Expenses": NaN,
        "Gain On Sale Of Security": NaN,
        "Net Non Operating Interest Income Expense": NaN,
        "Interest Expense Non Operating": NaN,
        "Operating Income": NaN,
        "Operating Expense": NaN,
        "Research And Development": NaN,
        "Selling General And Administration": NaN,
        "General And Administrative Expense": NaN,
        "Other Gand A": NaN,
        "Gross Profit": NaN,
        "Cost Of Revenue": NaN,
        "Total Revenue": NaN,
        "Operating Revenue": NaN
    },
    "2024-09-30": {
        "Tax Effect Of Unusual Items": 945543.06,
        "Tax Rate For Calcs": 0.21,
        "Normalized EBITDA": 628664.0,
        "Total Unusual Items": 4502586.0,
        "Total Unusual Items Excluding Goodwill": 4502586.0,
        "Net Income From Continuing Operation Net Minority Interest": 4420055.0,
        "Reconciled Depreciation": 330100.0,
        "Reconciled Cost Of Revenue": 10560483.0,
        "EBITDA": 5131250.0,
        "EBIT": 4801150.0,
        "Net Interest Income": -471666.0,
        "Interest Expense": 471666.0,
        "Normalized Income": 863012.06,
        "Net Income From Continuing And Discontinued Operation": 4432240.0,
        "Total Expenses": 17928966.0,
        "Total Operating Income As Reported": -319716.0,
        "Diluted Average Shares": NaN,
        "Basic Average Shares": NaN,
        "Diluted EPS": NaN,
        "Basic EPS": NaN,
        "Diluted NI Availto Com Stockholders": 4484755.0,
        "Net Income Common Stockholders": 4484755.0,
        "Preferred Stock Dividends": NaN,
        "Net Income": 4432240.0,
        "Minority Interests": 54802.0,
        "Net Income Including Noncontrolling Interests": 4377438.0,
        "Net Income Discontinuous Operations": 12185.0,
        "Net Income Continuous Operations": 4365253.0,
        "Tax Provision": -35769.0,
        "Pretax Income": 4329484.0,
        "Other Income Expense": 4590391.0,
        "Other Non Operating Income Expenses": 87805.0,
        "Gain On Sale Of Security": 5033061.0,
        "Net Non Operating Interest Income Expense": -471666.0,
        "Interest Expense Non Operating": 471666.0,
        "Operating Income": 210759.0,
        "Operating Expense": 7368483.0,
        "Research And Development": 692767.0,
        "Selling General And Administration": 6675716.0,
        "General And Administrative Expense": 6675716.0,
        "Other Gand A": 6675716.0,
        "Gross Profit": 7579242.0,
        "Cost Of Revenue": 10560483.0,
        "Total Revenue": 18139725.0,
        "Operating Revenue": 18139725.0
    },
    "2024-12-31": {
        "Tax Effect Of Unusual Items": -5421426.57,
        "Tax Rate For Calcs": 0.21,
        "Normalized EBITDA": -1909204.0,
        "Total Unusual Items": -25816317.0,
        "Total Unusual Items Excluding Goodwill": -25816317.0,
        "Net Income From Continuing Operation Net Minority Interest": -28487079.0,
        "Reconciled Depreciation": 337259.0,
        "Reconciled Cost Of Revenue": 8037963.0,
        "EBITDA": -27725521.0,
        "EBIT": -28062780.0,
        "Net Interest Income": -483913.0,
        "Interest Expense": 483913.0,
        "Normalized Income": -8092188.57,
        "Net Income From Continuing And Discontinued Operation": -28754367.0,
        "Total Expenses": 16021335.0,
        "Total Operating Income As Reported": -2281436.0,
        "Diluted Average Shares": 117622.0,
        "Basic Average Shares": 117622.0,
        "Diluted EPS": -244.5,
        "Basic EPS": -244.5,
        "Diluted NI Availto Com Stockholders": -28754367.0,
        "Net Income Common Stockholders": -28754367.0,
        "Preferred Stock Dividends": NaN,
        "Net Income": -28754367.0,
        "Minority Interests": 180152.0,
        "Net Income Including Noncontrolling Interests": -28934519.0,
        "Net Income Discontinuous Operations": -267288.0,
        "Net Income Continuous Operations": -28667231.0,
        "Tax Provision": 120538.0,
        "Pretax Income": -28546693.0,
        "Other Income Expense": -25781344.0,
        "Other Non Operating Income Expenses": 34973.0,
        "Gain On Sale Of Security": -25816317.0,
        "Net Non Operating Interest Income Expense": -483913.0,
        "Interest Expense Non Operating": 483913.0,
        "Operating Income": -2281436.0,
        "Operating Expense": 7983372.0,
        "Research And Development": 890083.0,
        "Selling General And Administration": 7093289.0,
        "General And Administrative Expense": 7093289.0,
        "Other Gand A": 7093289.0,
        "Gross Profit": 5701936.0,
        "Cost Of Revenue": 8037963.0,
        "Total Revenue": 13739899.0,
        "Operating Revenue": 13739899.0
    },
    "2025-03-31": {
        "Tax Effect Of Unusual Items": 59783.6498,
        "Tax Rate For Calcs": 0.0127,
        "Normalized EBITDA": 4777425.0,
        "Total Unusual Items": 4707374.0,
        "Total Unusual Items Excluding Goodwill": 4707374.0,
        "Net Income From Continuing Operation Net Minority Interest": 8355973.0,
        "Reconciled Depreciation": 310766.0,
        "Reconciled Cost Of Revenue": 15084814.0,
        "EBITDA": 9484799.0,
        "EBIT": 9174033.0,
        "Net Interest Income": -452998.0,
        "Interest Expense": 452998.0,
        "Normalized Income": 3708382.6498,
        "Net Income From Continuing And Discontinued Operation": 8382942.0,
        "Total Expenses": 22633445.0,
        "Total Operating Income As Reported": 4616824.0,
        "Diluted Average Shares": 135516.0,
        "Basic Average Shares": 135516.0,
        "Diluted EPS": 61.65,
        "Basic EPS": 61.65,
        "Diluted NI Availto Com Stockholders": 8382942.0,
        "Net Income Common Stockholders": 8382942.0,
        "Preferred Stock Dividends": NaN,
        "Net Income": 8382942.0,
        "Minority Interests": -254537.0,
        "Net Income Including Noncontrolling Interests": 8637479.0,
        "Net Income Discontinuous Operations": 26969.0,
        "Net Income Continuous Operations": 8610510.0,
        "Tax Provision": 110525.0,
        "Pretax Income": 8721035.0,
        "Other Income Expense": 4557209.0,
        "Other Non Operating Income Expenses": -150165.0,
        "Gain On Sale Of Security": 4707374.0,
        "Net Non Operating Interest Income Expense": -452998.0,
        "Interest Expense Non Operating": 452998.0,
        "Operating Income": 4616824.0,
        "Operating Expense": 7548631.0,
        "Research And Development": 777889.0,
        "Selling General And Administration": 6770742.0,
        "General And Administrative Expense": 6770742.0,
        "Other Gand A": 6770742.0,
        "Gross Profit": 12165455.0,
        "Cost Of Revenue": 15084814.0,
        "Total Revenue": 27250269.0,
        "Operating Revenue": 27250269.0
    },
    "2025-06-30": {
        "Tax Effect Of Unusual Items": -743700.09,
        "Tax Rate For Calcs": 0.21,
        "Normalized EBITDA": -261494.0,
        "Total Unusual Items": -3541429.0,
        "Total Unusual Items Excluding Goodwill": -3541429.0,
        "Net Income From Continuing Operation Net Minority Interest": -4501055.0,
        "Reconciled Depreciation": 312905.0,
        "Reconciled Cost Of Revenue": 9595152.0,
        "EBITDA": -3802923.0,
        "EBIT": -4115828.0,
        "Net Interest Income": -461504.0,
        "Interest Expense": 461504.0,
        "Normalized Income": -1703326.09,
        "Net Income From Continuing And Discontinued Operation": -4543335.0,
        "Total Expenses": 17608059.0,
        "Total Operating Income As Reported": -642401.0,
        "Diluted Average Shares": 169511.0,
        "Basic Average Shares": 169511.0,
        "Diluted EPS": -27.0,
        "Basic EPS": -27.0,
        "Diluted NI Availto Com Stockholders": -4565284.0,
        "Net Income Common Stockholders": -4565284.0,
        "Preferred Stock Dividends": 21949.0,
        "Net Income": -4543335.0,
        "Minority Interests": 90312.0,
        "Net Income Including Noncontrolling Interests": -4633647.0,
        "Net Income Discontinuous Operations": -42280.0,
        "Net Income Continuous Operations": -4591367.0,
        "Tax Provision": 14035.0,
        "Pretax Income": -4577332.0,
        "Other Income Expense": -3473427.0,
        "Other Non Operating Income Expenses": 68002.0,
        "Gain On Sale Of Security": -3541429.0,
        "Net Non Operating Interest Income Expense": -461504.0,
        "Interest Expense Non Operating": 461504.0,
        "Operating Income": -642401.0,
        "Operating Expense": 8012907.0,
        "Research And Development": 386565.0,
        "Selling General And Administration": 7626342.0,
        "General And Administrative Expense": 7626342.0,
        "Other Gand A": 7626342.0,
        "Gross Profit": 7370506.0,
        "Cost Of Revenue": 9595152.0,
        "Total Revenue": 16965658.0,
        "Operating Revenue": 16965658.0
    },
    "2025-09-30": {
        "Tax Effect Of Unusual Items": -256587.03,
        "Tax Rate For Calcs": 0.21,
        "Normalized EBITDA": -582336.0,
        "Total Unusual Items": -1221843.0,
        "Total Unusual Items Excluding Goodwill": -1221843.0,
        "Net Income From Continuing Operation Net Minority Interest": -3236655.0,
        "Reconciled Depreciation": 394608.0,
        "Reconciled Cost Of Revenue": 11481633.0,
        "EBITDA": -1804179.0,
        "EBIT": -2198787.0,
        "Net Interest Income": -712311.0,
        "Interest Expense": 712311.0,
        "Normalized Income": -2271399.03,
        "Net Income From Continuing And Discontinued Operation": -3197608.0,
        "Total Expenses": 19715423.0,
        "Total Operating Income As Reported": -1183161.0,
        "Diluted Average Shares": NaN,
        "Basic Average Shares": NaN,
        "Diluted EPS": NaN,
        "Basic EPS": NaN,
        "Diluted NI Availto Com Stockholders": -3175659.0,
        "Net Income Common Stockholders": -3175659.0,
        "Preferred Stock Dividends": NaN,
        "Net Income": -3197608.0,
        "Minority Interests": 164225.0,
        "Net Income Including Noncontrolling Interests": -3361833.0,
        "Net Income Discontinuous Operations": 39047.0,
        "Net Income Continuous Operations": -3400880.0,
        "Tax Provision": 489782.0,
        "Pretax Income": -2911098.0,
        "Other Income Expense": -1015626.0,
        "Other Non Operating Income Expenses": 206217.0,
        "Gain On Sale Of Security": -1221843.0,
        "Net Non Operating Interest Income Expense": -712311.0,
        "Interest Expense Non Operating": 712311.0,
        "Operating Income": -1183161.0,
        "Operating Expense": 8233790.0,
        "Research And Development": 298603.0,
        "Selling General And Administration": 7935187.0,
        "General And Administrative Expense": 7935187.0,
        "Other Gand A": 7935187.0,
        "Gross Profit": 7050629.0,
        "Cost Of Revenue": 11481633.0,
        "Total Revenue": 18532262.0,
        "Operating Revenue": 18532262.0
    }
}