{
    "2023-03-31": {
        "Tax Effect Of Unusual Items": NaN,
        "Tax Rate For Calcs": NaN,
        "Total Unusual Items": NaN,
        "Total Unusual Items Excluding Goodwill": NaN,
        "Net Income From Continuing Operation Net Minority Interest": NaN,
        "Reconciled Depreciation": NaN,
        "Net Interest Income": NaN,
        "Interest Expense": NaN,
        "Interest Income": NaN,
        "Normalized Income": NaN,
        "Net Income From Continuing And Discontinued Operation": NaN,
        "Diluted Average Shares": NaN,
        "Basic Average Shares": NaN,
        "Diluted EPS": NaN,
        "Basic EPS": NaN,
        "Diluted NI Availto Com Stockholders": NaN,
        "Net Income Common Stockholders": NaN,
        "Preferred Stock Dividends": NaN,
        "Net Income": NaN,
        "Net Income Including Noncontrolling Interests": NaN,
        "Net Income Continuous Operations": NaN,
        "Tax Provision": NaN,
        "Pretax Income": NaN,
        "Special Income Charges": NaN,
        "Other Special Charges": -4000.0,
        "Restructuring And Mergern Acquisition": NaN,
        "Gain On Sale Of Security": NaN,
        "Depreciation Amortization Depletion Income Statement": NaN,
        "Depreciation And Amortization In Income Statement": NaN,
        "Amortization": NaN,
        "Amortization Of Intangibles Income Statement": NaN,
        "Selling General And Administration": NaN,
        "Selling And Marketing Expense": NaN,
        "General And Administrative Expense": NaN,
        "Insurance And Claims": NaN,
        "Salaries And Wages": NaN,
        "Total Revenue": NaN,
        "Operating Revenue": NaN,
        "Occupancy And Equipment": NaN,
        "Professional Expense And Contract Services Expense": NaN,
        "Other Non Interest Expense": NaN
    },
    "2022-12-31": {
        "Tax Effect Of Unusual Items": NaN,
        "Tax Rate For Calcs": NaN,
        "Total Unusual Items": NaN,
        "Total Unusual Items Excluding Goodwill": NaN,
        "Net Income From Continuing Operation Net Minority Interest": NaN,
        "Reconciled Depreciation": NaN,
        "Net Interest Income": NaN,
        "Interest Expense": NaN,
        "Interest Income": NaN,
        "Normalized Income": NaN,
        "Net Income From Continuing And Discontinued Operation": NaN,
        "Diluted Average Shares": NaN,
        "Basic Average Shares": NaN,
        "Diluted EPS": NaN,
        "Basic EPS": NaN,
        "Diluted NI Availto Com Stockholders": NaN,
        "Net Income Common Stockholders": NaN,
        "Preferred Stock Dividends": NaN,
        "Net Income": NaN,
        "Net Income Including Noncontrolling Interests": NaN,
        "Net Income Continuous Operations": NaN,
        "Tax Provision": NaN,
        "Pretax Income": NaN,
        "Special Income Charges": NaN,
        "Other Special Charges": -114000.0,
        "Write Off": 0.0,
        "Restructuring And Mergern Acquisition": NaN,
        "Gain On Sale Of Security": NaN,
        "Depreciation Amortization Depletion Income Statement": NaN,
        "Depreciation And Amortization In Income Statement": NaN,
        "Amortization": NaN,
        "Amortization Of Intangibles Income Statement": NaN,
        "Selling General And Administration": NaN,
        "Selling And Marketing Expense": NaN,
        "General And Administrative Expense": NaN,
        "Other Gand A": -1445000.0,
        "Insurance And Claims": NaN,
        "Salaries And Wages": NaN,
        "Total Revenue": NaN,
        "Operating Revenue": NaN,
        "Occupancy And Equipment": NaN,
        "Professional Expense And Contract Services Expense": NaN,
        "Other Non Interest Expense": NaN
    },
    "2022-09-30": {
        "Tax Effect Of Unusual Items": NaN,
        "Tax Rate For Calcs": NaN,
        "Total Unusual Items": NaN,
        "Total Unusual Items Excluding Goodwill": NaN,
        "Net Income From Continuing Operation Net Minority Interest": NaN,
        "Reconciled Depreciation": NaN,
        "Net Interest Income": NaN,
        "Interest Expense": NaN,
        "Interest Income": NaN,
        "Normalized Income": NaN,
        "Net Income From Continuing And Discontinued Operation": NaN,
        "Diluted Average Shares": NaN,
        "Basic Average Shares": NaN,
        "Diluted EPS": NaN,
        "Basic EPS": NaN,
        "Diluted NI Availto Com Stockholders": NaN,
        "Net Income Common Stockholders": NaN,
        "Preferred Stock Dividends": NaN,
        "Net Income": NaN,
        "Net Income Including Noncontrolling Interests": NaN,
        "Net Income Continuous Operations": NaN,
        "Tax Provision": NaN,
        "Pretax Income": NaN,
        "Special Income Charges": NaN,
        "Other Special Charges": NaN,
        "Write Off": NaN,
        "Restructuring And Mergern Acquisition": NaN,
        "Gain On Sale Of Security": NaN,
        "Depreciation Amortization Depletion Income Statement": NaN,
        "Depreciation And Amortization In Income Statement": NaN,
        "Amortization": NaN,
        "Amortization Of Intangibles Income Statement": NaN,
        "Selling General And Administration": NaN,
        "Selling And Marketing Expense": NaN,
        "General And Administrative Expense": NaN,
        "Other Gand A": 2099000.0,
        "Insurance And Claims": NaN,
        "Salaries And Wages": NaN,
        "Total Revenue": NaN,
        "Operating Revenue": NaN
    },
    "2022-06-30": {
        "Tax Effect Of Unusual Items": -231000.0,
        "Tax Rate For Calcs": 0.21,
        "Total Unusual Items": -1100000.0,
        "Total Unusual Items Excluding Goodwill": -1100000.0,
        "Net Income From Continuing Operation Net Minority Interest": 15545000.0,
        "Reconciled Depreciation": 1233000.0,
        "Net Interest Income": 46709000.0,
        "Interest Expense": 6131000.0,
        "Interest Income": 52840000.0,
        "Normalized Income": 16414000.0,
        "Net Income From Continuing And Discontinued Operation": 15545000.0,
        "Diluted Average Shares": 50203725.0,
        "Basic Average Shares": 49758263.0,
        "Diluted EPS": 0.31,
        "Basic EPS": 0.31,
        "Diluted NI Availto Com Stockholders": 15545000.0,
        "Net Income Common Stockholders": 15545000.0,
        "Preferred Stock Dividends": NaN,
        "Net Income": 15545000.0,
        "Net Income Including Noncontrolling Interests": 15545000.0,
        "Net Income Continuous Operations": 15545000.0,
        "Tax Provision": 4027000.0,
        "Pretax Income": 19572000.0,
        "Special Income Charges": -1100000.0,
        "Other Special Charges": 1100000.0,
        "Write Off": NaN,
        "Restructuring And Mergern Acquisition": NaN,
        "Gain On Sale Of Security": -71000.0,
        "Depreciation Amortization Depletion Income Statement": NaN,
        "Depreciation And Amortization In Income Statement": NaN,
        "Amortization": NaN,
        "Amortization Of Intangibles Income Statement": NaN,
        "Selling General And Administration": 18565000.0,
        "Selling And Marketing Expense": 757000.0,
        "General And Administrative Expense": 17808000.0,
        "Other Gand A": 2358000.0,
        "Insurance And Claims": 713000.0,
        "Salaries And Wages": 17095000.0,
        "Total Revenue": 50910000.0,
        "Operating Revenue": 50910000.0
    },
    "2022-03-31": {
        "Diluted EPS": 0.33,
        "Total Revenue": 53,
        "Gross Profit": 48,
        "Operating Income": 21,
        "EBIT": NaN,
        "Net Income": 17
    },
    "2021-12-31": {
        "Diluted EPS": 0.39,
        "Total Revenue": 54,
        "Gross Profit": 48,
        "Operating Income": 27,
        "EBIT": NaN,
        "Net Income": 21
    },
    "2021-09-30": {
        "Diluted EPS": 0.41,
        "Total Revenue": 46,
        "Gross Profit": 41,
        "Operating Income": 27,
        "EBIT": NaN,
        "Net Income": 21
    },
    "2021-06-30": {
        "Diluted EPS": 0.3,
        "Total Revenue": 54,
        "Gross Profit": 48,
        "Operating Income": 19,
        "EBIT": NaN,
        "Net Income": 16
    },
    "2021-03-31": {
        "Diluted EPS": 0.23,
        "Total Revenue": 52,
        "Gross Profit": 45,
        "Operating Income": 15,
        "EBIT": NaN,
        "Net Income": 12
    },
    "2020-12-31": {
        "Diluted EPS": 0.16,
        "Total Revenue": 52,
        "Gross Profit": 44,
        "Operating Income": 10,
        "EBIT": NaN,
        "Net Income": 8
    },
    "2020-09-30": {
        "Diluted EPS": 0.15,
        "Total Revenue": 53,
        "Gross Profit": 43,
        "Operating Income": 10,
        "EBIT": NaN,
        "Net Income": 8
    },
    "2020-06-30": {
        "Diluted EPS": -0.14,
        "Total Revenue": 54,
        "Gross Profit": 44,
        "Operating Income": -1,
        "EBIT": NaN,
        "Net Income": -7
    },
    "2020-03-31": {
        "Diluted EPS": 0.07,
        "Total Revenue": 56,
        "Gross Profit": 40,
        "Operating Income": 4,
        "EBIT": NaN,
        "Net Income": 4
    },
    "2019-12-31": {
        "Diluted EPS": -0.03,
        "Total Revenue": 57,
        "Gross Profit": 39,
        "Operating Income": -2,
        "EBIT": NaN,
        "Net Income": -1
    },
    "2019-09-30": {
        "Diluted EPS": 0.21,
        "Total Revenue": 59,
        "Gross Profit": 39,
        "Operating Income": 13,
        "EBIT": NaN,
        "Net Income": 10
    },
    "2019-06-30": {
        "Diluted EPS": 0.2,
        "Total Revenue": 56,
        "Gross Profit": 37,
        "Operating Income": 12,
        "EBIT": NaN,
        "Net Income": 9
    },
    "2019-03-31": {
        "Diluted EPS": 0.2,
        "Total Revenue": 53,
        "Gross Profit": 35,
        "Operating Income": 10,
        "EBIT": NaN,
        "Net Income": 9
    },
    "2018-12-31": {
        "Diluted EPS": 0.0,
        "Total Revenue": NaN,
        "Gross Profit": NaN,
        "Operating Income": NaN,
        "EBIT": NaN,
        "Net Income": NaN
    },
    "2018-09-30": {
        "Diluted EPS": 0.15,
        "Total Revenue": 42,
        "Gross Profit": 30,
        "Operating Income": 7,
        "EBIT": NaN,
        "Net Income": 6
    },
    "2017-12-31": {
        "Diluted EPS": 0.0,
        "Total Revenue": NaN,
        "Gross Profit": NaN,
        "Operating Income": NaN,
        "EBIT": NaN,
        "Net Income": NaN
    },
    "2023-06-30": {
        "Tax Effect Of Unusual Items": NaN,
        "Tax Rate For Calcs": NaN,
        "Total Unusual Items": NaN,
        "Total Unusual Items Excluding Goodwill": NaN,
        "Net Income From Continuing Operation Net Minority Interest": NaN,
        "Reconciled Depreciation": NaN,
        "Net Interest Income": NaN,
        "Interest Expense": NaN,
        "Interest Income": NaN,
        "Normalized Income": NaN,
        "Net Income From Continuing And Discontinued Operation": NaN,
        "Diluted Average Shares": NaN,
        "Basic Average Shares": NaN,
        "Diluted EPS": NaN,
        "Basic EPS": NaN,
        "Diluted NI Availto Com Stockholders": NaN,
        "Net Income Common Stockholders": NaN,
        "Preferred Stock Dividends": NaN,
        "Net Income": NaN,
        "Net Income Including Noncontrolling Interests": NaN,
        "Net Income Continuous Operations": NaN,
        "Tax Provision": NaN,
        "Pretax Income": NaN,
        "Special Income Charges": NaN,
        "Other Special Charges": 1300000.0,
        "Restructuring And Mergern Acquisition": NaN,
        "Gain On Sale Of Security": NaN,
        "Depreciation Amortization Depletion Income Statement": NaN,
        "Depreciation And Amortization In Income Statement": NaN,
        "Amortization": NaN,
        "Amortization Of Intangibles Income Statement": NaN,
        "Selling General And Administration": NaN,
        "Selling And Marketing Expense": NaN,
        "General And Administrative Expense": NaN,
        "Insurance And Claims": NaN,
        "Salaries And Wages": NaN,
        "Total Revenue": NaN,
        "Operating Revenue": NaN,
        "Occupancy And Equipment": NaN,
        "Professional Expense And Contract Services Expense": NaN,
        "Other Non Interest Expense": NaN
    },
    "2023-09-30": {
        "Tax Effect Of Unusual Items": -474405.414236,
        "Tax Rate For Calcs": 0.212929,
        "Total Unusual Items": -2228000.0,
        "Total Unusual Items Excluding Goodwill": -2228000.0,
        "Net Income From Continuing Operation Net Minority Interest": 16863000.0,
        "Reconciled Depreciation": 2399000.0,
        "Net Interest Income": 55127000.0,
        "Interest Expense": 57529000.0,
        "Interest Income": 112656000.0,
        "Normalized Income": 18616594.585764,
        "Net Income From Continuing And Discontinued Operation": 16863000.0,
        "Diluted Average Shares": 49480107.0,
        "Basic Average Shares": 49214653.0,
        "Diluted EPS": 0.34,
        "Basic EPS": 0.34,
        "Diluted NI Availto Com Stockholders": 16708000.0,
        "Net Income Common Stockholders": 16708000.0,
        "Preferred Stock Dividends": 155000.0,
        "Net Income": 16863000.0,
        "Net Income Including Noncontrolling Interests": 16863000.0,
        "Net Income Continuous Operations": 16863000.0,
        "Tax Provision": 4562000.0,
        "Pretax Income": 21425000.0,
        "Special Income Charges": -2228000.0,
        "Other Special Charges": NaN,
        "Restructuring And Mergern Acquisition": 2228000.0,
        "Gain On Sale Of Security": 57000.0,
        "Depreciation Amortization Depletion Income Statement": 922000.0,
        "Depreciation And Amortization In Income Statement": 922000.0,
        "Amortization": 922000.0,
        "Amortization Of Intangibles Income Statement": 922000.0,
        "Selling General And Administration": 24557000.0,
        "Selling And Marketing Expense": 593000.0,
        "General And Administrative Expense": 23964000.0,
        "Insurance And Claims": 1947000.0,
        "Salaries And Wages": 22017000.0,
        "Total Revenue": 61108000.0,
        "Operating Revenue": 61108000.0,
        "Occupancy And Equipment": 3183000.0,
        "Professional Expense And Contract Services Expense": 1945000.0,
        "Other Non Interest Expense": 4419000.0
    },
    "2023-12-31": {
        "Tax Effect Of Unusual Items": -270510.117098,
        "Tax Rate For Calcs": 0.208085,
        "Total Unusual Items": -1300000.0,
        "Total Unusual Items Excluding Goodwill": -1300000.0,
        "Net Income From Continuing Operation Net Minority Interest": 17651000.0,
        "Reconciled Depreciation": 2420000.0,
        "Net Interest Income": 56954000.0,
        "Interest Expense": 60856000.0,
        "Interest Income": 117810000.0,
        "Normalized Income": 18680489.882902,
        "Net Income From Continuing And Discontinued Operation": 17651000.0,
        "Diluted Average Shares": 49988571.0,
        "Basic Average Shares": 49988571.0,
        "Diluted EPS": 0.35,
        "Basic EPS": 0.35,
        "Diluted NI Availto Com Stockholders": 17496000.0,
        "Net Income Common Stockholders": 17496000.0,
        "Preferred Stock Dividends": 155000.0,
        "Net Income": 17651000.0,
        "Net Income Including Noncontrolling Interests": 17651000.0,
        "Net Income Continuous Operations": 17651000.0,
        "Tax Provision": 4638000.0,
        "Pretax Income": 22289000.0,
        "Special Income Charges": -1300000.0,
        "Other Special Charges": 0.0,
        "Restructuring And Mergern Acquisition": 1300000.0,
        "Gain On Sale Of Security": 134000.0,
        "Depreciation Amortization Depletion Income Statement": 957000.0,
        "Depreciation And Amortization In Income Statement": 957000.0,
        "Amortization": 957000.0,
        "Amortization Of Intangibles Income Statement": 957000.0,
        "Selling General And Administration": 24572000.0,
        "Selling And Marketing Expense": 892000.0,
        "General And Administrative Expense": 23680000.0,
        "Insurance And Claims": 1902000.0,
        "Salaries And Wages": 21778000.0,
        "Total Revenue": 61437000.0,
        "Operating Revenue": 61437000.0,
        "Occupancy And Equipment": 3144000.0,
        "Professional Expense And Contract Services Expense": 4691000.0,
        "Other Non Interest Expense": 385000.0
    },
    "2024-03-31": {
        "Tax Effect Of Unusual Items": 0.0,
        "Tax Rate For Calcs": 0.21,
        "Total Unusual Items": 0.0,
        "Total Unusual Items Excluding Goodwill": 0.0,
        "Net Income From Continuing Operation Net Minority Interest": 18223000.0,
        "Reconciled Depreciation": 2414000.0,
        "Net Interest Income": 56594000.0,
        "Interest Expense": 62645000.0,
        "Interest Income": 119239000.0,
        "Normalized Income": 18223000.0,
        "Net Income From Continuing And Discontinued Operation": 18223000.0,
        "Diluted Average Shares": 49967638.0,
        "Basic Average Shares": 49510808.0,
        "Diluted EPS": 0.36,
        "Basic EPS": 0.36,
        "Diluted NI Availto Com Stockholders": 18068000.0,
        "Net Income Common Stockholders": 18068000.0,
        "Preferred Stock Dividends": 155000.0,
        "Net Income": 18223000.0,
        "Net Income Including Noncontrolling Interests": 18223000.0,
        "Net Income Continuous Operations": 18223000.0,
        "Tax Provision": 4800000.0,
        "Pretax Income": 23023000.0,
        "Special Income Charges": 0.0,
        "Other Special Charges": NaN,
        "Restructuring And Mergern Acquisition": 0.0,
        "Gain On Sale Of Security": 158000.0,
        "Depreciation Amortization Depletion Income Statement": 931000.0,
        "Depreciation And Amortization In Income Statement": 931000.0,
        "Amortization": 931000.0,
        "Amortization Of Intangibles Income Statement": 931000.0,
        "Selling General And Administration": 26049000.0,
        "Selling And Marketing Expense": 558000.0,
        "General And Administrative Expense": 25491000.0,
        "Insurance And Claims": 1906000.0,
        "Salaries And Wages": 23585000.0,
        "Total Revenue": 62183000.0,
        "Operating Revenue": 62183000.0,
        "Occupancy And Equipment": 3206000.0,
        "Professional Expense And Contract Services Expense": 972000.0,
        "Other Non Interest Expense": 6347000.0
    },
    "2024-06-30": {
        "Tax Effect Of Unusual Items": 0.0,
        "Tax Rate For Calcs": 0.21,
        "Total Unusual Items": 0.0,
        "Total Unusual Items Excluding Goodwill": 0.0,
        "Net Income From Continuing Operation Net Minority Interest": 18622000.0,
        "Reconciled Depreciation": 2428000.0,
        "Net Interest Income": 57892000.0,
        "Interest Expense": 65206000.0,
        "Interest Income": 123098000.0,
        "Normalized Income": 18622000.0,
        "Net Income From Continuing And Discontinued Operation": 18622000.0,
        "Diluted Average Shares": 49784067.0,
        "Basic Average Shares": 49401820.0,
        "Diluted EPS": 0.37,
        "Basic EPS": 0.37,
        "Diluted NI Availto Com Stockholders": 18467000.0,
        "Net Income Common Stockholders": 18467000.0,
        "Preferred Stock Dividends": 155000.0,
        "Net Income": 18622000.0,
        "Net Income Including Noncontrolling Interests": 18622000.0,
        "Net Income Continuous Operations": 18622000.0,
        "Tax Provision": 4863000.0,
        "Pretax Income": 23485000.0,
        "Special Income Charges": 0.0,
        "Other Special Charges": NaN,
        "Restructuring And Mergern Acquisition": 0.0,
        "Gain On Sale Of Security": 88000.0,
        "Depreciation Amortization Depletion Income Statement": 906000.0,
        "Depreciation And Amortization In Income Statement": 906000.0,
        "Amortization": 906000.0,
        "Amortization Of Intangibles Income Statement": 906000.0,
        "Selling General And Administration": 25504000.0,
        "Selling And Marketing Expense": 491000.0,
        "General And Administrative Expense": 25013000.0,
        "Insurance And Claims": 1851000.0,
        "Salaries And Wages": 23162000.0,
        "Total Revenue": 63593000.0,
        "Operating Revenue": 63593000.0,
        "Occupancy And Equipment": 3181000.0,
        "Professional Expense And Contract Services Expense": 1083000.0,
        "Other Non Interest Expense": 7051000.0
    },
    "2024-09-30": {
        "Tax Effect Of Unusual Items": -503027.095173,
        "Tax Rate For Calcs": 0.2136,
        "Total Unusual Items": -2355000.0,
        "Total Unusual Items Excluding Goodwill": -2355000.0,
        "Net Income From Continuing Operation Net Minority Interest": 19649000.0,
        "Reconciled Depreciation": 2375000.0,
        "Net Interest Income": 61163000.0,
        "Interest Expense": 67489000.0,
        "Interest Income": 128652000.0,
        "Normalized Income": 21500972.904827,
        "Net Income From Continuing And Discontinued Operation": 19649000.0,
        "Diluted Average Shares": 50048541.0,
        "Basic Average Shares": 49406729.0,
        "Diluted EPS": 0.39,
        "Basic EPS": 0.39,
        "Diluted NI Availto Com Stockholders": 19494000.0,
        "Net Income Common Stockholders": 19494000.0,
        "Preferred Stock Dividends": 155000.0,
        "Net Income": 19649000.0,
        "Net Income Including Noncontrolling Interests": 19649000.0,
        "Net Income Continuous Operations": 19649000.0,
        "Tax Provision": 5337000.0,
        "Pretax Income": 24986000.0,
        "Special Income Charges": -2355000.0,
        "Other Special Charges": NaN,
        "Restructuring And Mergern Acquisition": 2355000.0,
        "Gain On Sale Of Security": 194000.0,
        "Depreciation Amortization Depletion Income Statement": 878000.0,
        "Depreciation And Amortization In Income Statement": 878000.0,
        "Amortization": 878000.0,
        "Amortization Of Intangibles Income Statement": 878000.0,
        "Selling General And Administration": 25914000.0,
        "Selling And Marketing Expense": 723000.0,
        "General And Administrative Expense": 25191000.0,
        "Insurance And Claims": 1845000.0,
        "Salaries And Wages": 23346000.0,
        "Total Revenue": 67128000.0,
        "Operating Revenue": 67128000.0,
        "Occupancy And Equipment": 3181000.0,
        "Professional Expense And Contract Services Expense": 2517000.0,
        "Other Non Interest Expense": 3764000.0
    }
}