{
    "2023-03-31": {
        "Tax Effect Of Unusual Items": 0.0,
        "Tax Rate For Calcs": 0.195,
        "Total Unusual Items": NaN,
        "Total Unusual Items Excluding Goodwill": NaN,
        "Net Income From Continuing Operation Net Minority Interest": 4448000.0,
        "Reconciled Depreciation": 133000.0,
        "Net Interest Income": 12612000.0,
        "Interest Expense": 11443000.0,
        "Interest Income": 24055000.0,
        "Normalized Income": 4448000.0,
        "Net Income From Continuing And Discontinued Operation": 4448000.0,
        "Diluted Average Shares": 6542698.0,
        "Basic Average Shares": 6402856.0,
        "Diluted EPS": 0.68,
        "Basic EPS": 0.69,
        "Diluted NI Availto Com Stockholders": 4448000.0,
        "Net Income Common Stockholders": 4448000.0,
        "Otherunder Preferred Stock Dividend": NaN,
        "Net Income": 4448000.0,
        "Net Income Including Noncontrolling Interests": 4448000.0,
        "Net Income Continuous Operations": 4448000.0,
        "Tax Provision": 1076000.0,
        "Pretax Income": 5524000.0,
        "Special Income Charges": NaN,
        "Impairment Of Capital Assets": NaN,
        "Gain On Sale Of Security": 0.0,
        "Depreciation Amortization Depletion Income Statement": 133000.0,
        "Depreciation And Amortization In Income Statement": 133000.0,
        "Depreciation Income Statement": 133000.0,
        "Selling General And Administration": 4889000.0,
        "Selling And Marketing Expense": 183000.0,
        "General And Administrative Expense": 4706000.0,
        "Insurance And Claims": 550000.0,
        "Salaries And Wages": 4156000.0,
        "Total Revenue": 13280000.0,
        "Operating Revenue": 13280000.0,
        "Occupancy And Equipment": 381000.0,
        "Professional Expense And Contract Services Expense": 606000.0,
        "Other Non Interest Expense": 1510000.0
    },
    "2022-12-31": {
        "Tax Effect Of Unusual Items": NaN,
        "Tax Rate For Calcs": NaN,
        "Total Unusual Items": 0.0,
        "Total Unusual Items Excluding Goodwill": 0.0,
        "Net Income From Continuing Operation Net Minority Interest": NaN,
        "Reconciled Depreciation": NaN,
        "Net Interest Income": NaN,
        "Interest Expense": NaN,
        "Interest Income": NaN,
        "Normalized Income": NaN,
        "Net Income From Continuing And Discontinued Operation": NaN,
        "Diluted Average Shares": NaN,
        "Basic Average Shares": NaN,
        "Diluted EPS": NaN,
        "Basic EPS": NaN,
        "Diluted NI Availto Com Stockholders": NaN,
        "Net Income Common Stockholders": NaN,
        "Otherunder Preferred Stock Dividend": NaN,
        "Net Income": NaN,
        "Net Income Including Noncontrolling Interests": NaN,
        "Net Income Continuous Operations": NaN,
        "Tax Provision": NaN,
        "Pretax Income": NaN,
        "Special Income Charges": 0.0,
        "Impairment Of Capital Assets": 0.0,
        "Gain On Sale Of Security": NaN,
        "Depreciation Amortization Depletion Income Statement": NaN,
        "Depreciation And Amortization In Income Statement": NaN,
        "Depreciation Income Statement": NaN,
        "Selling General And Administration": NaN,
        "Selling And Marketing Expense": NaN,
        "General And Administrative Expense": NaN,
        "Insurance And Claims": NaN,
        "Salaries And Wages": NaN,
        "Total Revenue": NaN,
        "Operating Revenue": NaN,
        "Occupancy And Equipment": NaN,
        "Professional Expense And Contract Services Expense": NaN,
        "Other Non Interest Expense": NaN
    },
    "2022-09-30": {
        "Tax Effect Of Unusual Items": NaN,
        "Tax Rate For Calcs": NaN,
        "Total Unusual Items": -570000.0,
        "Total Unusual Items Excluding Goodwill": -570000.0,
        "Net Income From Continuing Operation Net Minority Interest": NaN,
        "Reconciled Depreciation": NaN,
        "Net Interest Income": NaN,
        "Interest Expense": NaN,
        "Interest Income": NaN,
        "Normalized Income": NaN,
        "Net Income From Continuing And Discontinued Operation": NaN,
        "Diluted Average Shares": NaN,
        "Basic Average Shares": NaN,
        "Diluted EPS": NaN,
        "Basic EPS": NaN,
        "Diluted NI Availto Com Stockholders": NaN,
        "Average Dilution Earnings": 0.0,
        "Net Income Common Stockholders": NaN,
        "Otherunder Preferred Stock Dividend": NaN,
        "Net Income": NaN,
        "Net Income Including Noncontrolling Interests": NaN,
        "Net Income Continuous Operations": NaN,
        "Tax Provision": NaN,
        "Pretax Income": NaN,
        "Special Income Charges": -570000.0,
        "Impairment Of Capital Assets": 570000.0,
        "Gain On Sale Of Security": NaN,
        "Depreciation Amortization Depletion Income Statement": NaN,
        "Depreciation And Amortization In Income Statement": NaN,
        "Depreciation Income Statement": NaN,
        "Selling General And Administration": NaN,
        "Selling And Marketing Expense": NaN,
        "General And Administrative Expense": NaN,
        "Insurance And Claims": NaN,
        "Salaries And Wages": NaN,
        "Total Revenue": NaN,
        "Operating Revenue": NaN
    },
    "2022-06-30": {
        "Tax Effect Of Unusual Items": 0.0,
        "Tax Rate For Calcs": 0.196,
        "Total Unusual Items": NaN,
        "Total Unusual Items Excluding Goodwill": NaN,
        "Net Income From Continuing Operation Net Minority Interest": 4726000.0,
        "Reconciled Depreciation": 126000.0,
        "Net Interest Income": 11467000.0,
        "Interest Expense": 3160000.0,
        "Interest Income": 14627000.0,
        "Normalized Income": 4726000.0,
        "Net Income From Continuing And Discontinued Operation": 4726000.0,
        "Diluted Average Shares": 6552763.0,
        "Basic Average Shares": 6413884.0,
        "Diluted EPS": 0.72,
        "Basic EPS": 0.74,
        "Diluted NI Availto Com Stockholders": 4726000.0,
        "Average Dilution Earnings": 0.0,
        "Net Income Common Stockholders": 4726000.0,
        "Net Income": 4726000.0,
        "Net Income Including Noncontrolling Interests": 4726000.0,
        "Net Income Continuous Operations": 4726000.0,
        "Tax Provision": 1155000.0,
        "Pretax Income": 5881000.0,
        "Special Income Charges": NaN,
        "Impairment Of Capital Assets": NaN,
        "Gain On Sale Of Security": 0.0,
        "Depreciation Amortization Depletion Income Statement": 126000.0,
        "Depreciation And Amortization In Income Statement": 126000.0,
        "Depreciation Income Statement": 126000.0,
        "Selling General And Administration": 4138000.0,
        "Selling And Marketing Expense": 134000.0,
        "General And Administrative Expense": 4004000.0,
        "Other Gand A": 693000.0,
        "Insurance And Claims": 273000.0,
        "Salaries And Wages": 3731000.0,
        "Total Revenue": 12247000.0,
        "Operating Revenue": 12247000.0
    },
    "2022-03-31": {
        "Diluted EPS": 0.69,
        "Total Revenue": 14,
        "Gross Profit": 12,
        "Operating Income": 6,
        "EBIT": NaN,
        "Net Income": 5
    },
    "2021-12-31": {
        "Diluted EPS": 0.68,
        "Total Revenue": 15,
        "Gross Profit": 12,
        "Operating Income": 6,
        "EBIT": NaN,
        "Net Income": 4
    },
    "2021-09-30": {
        "Diluted EPS": 0.61,
        "Total Revenue": 15,
        "Gross Profit": 12,
        "Operating Income": 5,
        "EBIT": NaN,
        "Net Income": 4
    },
    "2021-06-30": {
        "Diluted EPS": 0.52,
        "Total Revenue": 15,
        "Gross Profit": 12,
        "Operating Income": 4,
        "EBIT": NaN,
        "Net Income": 3
    },
    "2021-03-31": {
        "Diluted EPS": 0.96,
        "Total Revenue": 20,
        "Gross Profit": 17,
        "Operating Income": 8,
        "EBIT": NaN,
        "Net Income": 6
    },
    "2020-12-31": {
        "Diluted EPS": 1.1,
        "Total Revenue": 25,
        "Gross Profit": 22,
        "Operating Income": 8,
        "EBIT": NaN,
        "Net Income": 7
    },
    "2020-09-30": {
        "Diluted EPS": 1.54,
        "Total Revenue": 34,
        "Gross Profit": 31,
        "Operating Income": 13,
        "EBIT": NaN,
        "Net Income": 10
    },
    "2020-06-30": {
        "Diluted EPS": 1.53,
        "Total Revenue": 30,
        "Gross Profit": 26,
        "Operating Income": 13,
        "EBIT": NaN,
        "Net Income": 9
    },
    "2020-03-31": {
        "Diluted EPS": 0.3,
        "Total Revenue": 13,
        "Gross Profit": 10,
        "Operating Income": 3,
        "EBIT": NaN,
        "Net Income": 2
    },
    "2019-12-31": {
        "Diluted EPS": 0.5,
        "Total Revenue": 14,
        "Gross Profit": 10,
        "Operating Income": 4,
        "EBIT": NaN,
        "Net Income": 3
    },
    "2019-09-30": {
        "Diluted EPS": 0.59,
        "Total Revenue": 12,
        "Gross Profit": 9,
        "Operating Income": 3,
        "EBIT": NaN,
        "Net Income": 3
    },
    "2019-06-30": {
        "Diluted EPS": 0.55,
        "Total Revenue": 11,
        "Gross Profit": 8,
        "Operating Income": 3,
        "EBIT": NaN,
        "Net Income": 2
    },
    "2019-03-31": {
        "Diluted EPS": 0.39,
        "Total Revenue": 10,
        "Gross Profit": 7,
        "Operating Income": 2,
        "EBIT": NaN,
        "Net Income": 2
    },
    "2018-12-31": {
        "Diluted EPS": 0.34,
        "Total Revenue": 8,
        "Gross Profit": 6,
        "Operating Income": 2,
        "EBIT": NaN,
        "Net Income": 1
    },
    "2018-09-30": {
        "Diluted EPS": 0.24,
        "Total Revenue": 7,
        "Gross Profit": 5,
        "Operating Income": 1,
        "EBIT": NaN,
        "Net Income": 1
    },
    "2018-06-30": {
        "Diluted EPS": 0.25,
        "Total Revenue": 7,
        "Gross Profit": 5,
        "Operating Income": 1,
        "EBIT": NaN,
        "Net Income": 1
    },
    "2018-03-31": {
        "Diluted EPS": 0.17,
        "Total Revenue": 6,
        "Gross Profit": 4,
        "Operating Income": 1,
        "EBIT": NaN,
        "Net Income": 1
    },
    "2017-12-31": {
        "Diluted EPS": -0.13,
        "Total Revenue": 5,
        "Gross Profit": 4,
        "Operating Income": 1,
        "EBIT": NaN,
        "Net Income": 0
    },
    "2017-09-30": {
        "Diluted EPS": 0.15,
        "Total Revenue": 5,
        "Gross Profit": 4,
        "Operating Income": 1,
        "EBIT": NaN,
        "Net Income": 0
    },
    "2017-06-30": {
        "Diluted EPS": 0.11,
        "Total Revenue": 4,
        "Gross Profit": 4,
        "Operating Income": 1,
        "EBIT": NaN,
        "Net Income": 0
    },
    "2017-03-31": {
        "Diluted EPS": 0.06,
        "Total Revenue": 4,
        "Gross Profit": 3,
        "Operating Income": 1,
        "EBIT": NaN,
        "Net Income": 0
    },
    "2016-12-31": {
        "Diluted EPS": 0.06,
        "Total Revenue": 4,
        "Gross Profit": 3,
        "Operating Income": 1,
        "EBIT": NaN,
        "Net Income": 0
    },
    "2016-09-30": {
        "Diluted EPS": 0.11,
        "Total Revenue": 4,
        "Gross Profit": 3,
        "Operating Income": 1,
        "EBIT": NaN,
        "Net Income": 0
    },
    "2016-06-30": {
        "Diluted EPS": 0.06,
        "Total Revenue": 4,
        "Gross Profit": 3,
        "Operating Income": 1,
        "EBIT": NaN,
        "Net Income": 0
    },
    "2016-03-31": {
        "Diluted EPS": 0.06,
        "Total Revenue": 4,
        "Gross Profit": 3,
        "Operating Income": 0,
        "EBIT": NaN,
        "Net Income": 0
    },
    "2015-12-31": {
        "Diluted EPS": 0.94,
        "Total Revenue": 3,
        "Gross Profit": 3,
        "Operating Income": 0,
        "EBIT": NaN,
        "Net Income": 3
    },
    "2015-09-30": {
        "Diluted EPS": 0.06,
        "Total Revenue": 3,
        "Gross Profit": 3,
        "Operating Income": 0,
        "EBIT": NaN,
        "Net Income": 0
    },
    "2015-06-30": {
        "Diluted EPS": 0.11,
        "Total Revenue": 4,
        "Gross Profit": 3,
        "Operating Income": 0,
        "EBIT": NaN,
        "Net Income": 0
    },
    "2015-03-31": {
        "Diluted EPS": 0.0,
        "Total Revenue": 3,
        "Gross Profit": 3,
        "Operating Income": 0,
        "EBIT": NaN,
        "Net Income": 0
    },
    "2014-12-31": {
        "Diluted EPS": 0.0,
        "Total Revenue": 3,
        "Gross Profit": 3,
        "Operating Income": 0,
        "EBIT": NaN,
        "Net Income": 0
    },
    "2014-09-30": {
        "Diluted EPS": 0.06,
        "Total Revenue": 3,
        "Gross Profit": 3,
        "Operating Income": 0,
        "EBIT": NaN,
        "Net Income": 0
    },
    "2014-06-30": {
        "Diluted EPS": 0.0,
        "Total Revenue": 3,
        "Gross Profit": 2,
        "Operating Income": 0,
        "EBIT": NaN,
        "Net Income": 0
    },
    "2014-03-31": {
        "Diluted EPS": -0.06,
        "Total Revenue": 2,
        "Gross Profit": 2,
        "Operating Income": 0,
        "EBIT": NaN,
        "Net Income": 0
    },
    "2013-12-31": {
        "Diluted EPS": 0.28,
        "Total Revenue": 3,
        "Gross Profit": 3,
        "Operating Income": 1,
        "EBIT": NaN,
        "Net Income": 1
    },
    "2013-09-30": {
        "Diluted EPS": -0.11,
        "Total Revenue": 2,
        "Gross Profit": 2,
        "Operating Income": 0,
        "EBIT": NaN,
        "Net Income": 0
    },
    "2013-06-30": {
        "Diluted EPS": -0.22,
        "Total Revenue": 2,
        "Gross Profit": 2,
        "Operating Income": -1,
        "EBIT": NaN,
        "Net Income": -1
    },
    "2013-03-31": {
        "Diluted EPS": -0.28,
        "Total Revenue": 2,
        "Gross Profit": 1,
        "Operating Income": -1,
        "EBIT": NaN,
        "Net Income": -1
    },
    "2012-12-31": {
        "Diluted EPS": 9.63,
        "Total Revenue": 2,
        "Gross Profit": 1,
        "Operating Income": 0,
        "EBIT": NaN,
        "Net Income": 0
    },
    "2012-09-30": {
        "Diluted EPS": 2.09,
        "Total Revenue": 2,
        "Gross Profit": 1,
        "Operating Income": -2,
        "EBIT": NaN,
        "Net Income": 3
    },
    "2012-06-30": {
        "Diluted EPS": -5.28,
        "Total Revenue": 2,
        "Gross Profit": 2,
        "Operating Income": -1,
        "EBIT": NaN,
        "Net Income": -1
    },
    "2012-03-31": {
        "Diluted EPS": -5.67,
        "Total Revenue": 2,
        "Gross Profit": 1,
        "Operating Income": -1,
        "EBIT": NaN,
        "Net Income": -1
    },
    "2011-12-31": {
        "Diluted EPS": -9.79,
        "Total Revenue": 2,
        "Gross Profit": 2,
        "Operating Income": -1,
        "EBIT": NaN,
        "Net Income": -1
    },
    "2011-09-30": {
        "Diluted EPS": -3.63,
        "Total Revenue": 3,
        "Gross Profit": 2,
        "Operating Income": 0,
        "EBIT": NaN,
        "Net Income": -1
    },
    "2011-06-30": {
        "Diluted EPS": -13.48,
        "Total Revenue": 3,
        "Gross Profit": 2,
        "Operating Income": -2,
        "EBIT": NaN,
        "Net Income": -2
    },
    "2011-03-31": {
        "Diluted EPS": -12.1,
        "Total Revenue": 3,
        "Gross Profit": 2,
        "Operating Income": -2,
        "EBIT": NaN,
        "Net Income": -2
    },
    "2010-12-31": {
        "Diluted EPS": -7.15,
        "Total Revenue": 3,
        "Gross Profit": 2,
        "Operating Income": -1,
        "EBIT": NaN,
        "Net Income": -1
    },
    "2010-09-30": {
        "Diluted EPS": -2.2,
        "Total Revenue": 4,
        "Gross Profit": 3,
        "Operating Income": 0,
        "EBIT": NaN,
        "Net Income": 0
    },
    "2010-06-30": {
        "Diluted EPS": -37.95,
        "Total Revenue": 4,
        "Gross Profit": 2,
        "Operating Income": -6,
        "EBIT": NaN,
        "Net Income": -6
    },
    "2010-03-31": {
        "Diluted EPS": -1.38,
        "Total Revenue": 4,
        "Gross Profit": 3,
        "Operating Income": 0,
        "EBIT": NaN,
        "Net Income": 0
    },
    "2009-12-31": {
        "Diluted EPS": -15.4,
        "Total Revenue": 4,
        "Gross Profit": 3,
        "Operating Income": -2,
        "EBIT": NaN,
        "Net Income": -2
    },
    "2009-09-30": {
        "Diluted EPS": -45.66,
        "Total Revenue": 4,
        "Gross Profit": 2,
        "Operating Income": -4,
        "EBIT": NaN,
        "Net Income": -7
    },
    "2009-06-30": {
        "Diluted EPS": -5.78,
        "Total Revenue": 4,
        "Gross Profit": 2,
        "Operating Income": -1,
        "EBIT": NaN,
        "Net Income": -1
    },
    "2009-03-31": {
        "Diluted EPS": -2.2,
        "Total Revenue": 4,
        "Gross Profit": 2,
        "Operating Income": 0,
        "EBIT": NaN,
        "Net Income": 0
    },
    "2023-06-30": {
        "Tax Effect Of Unusual Items": 0.0,
        "Tax Rate For Calcs": 0.2,
        "Total Unusual Items": NaN,
        "Total Unusual Items Excluding Goodwill": NaN,
        "Net Income From Continuing Operation Net Minority Interest": 4223000.0,
        "Reconciled Depreciation": 148000.0,
        "Net Interest Income": 11348000.0,
        "Interest Expense": 14739000.0,
        "Interest Income": 26087000.0,
        "Normalized Income": 4223000.0,
        "Net Income From Continuing And Discontinued Operation": 4223000.0,
        "Diluted Average Shares": 6433623.0,
        "Basic Average Shares": 6418305.0,
        "Diluted EPS": 0.66,
        "Basic EPS": 0.66,
        "Diluted NI Availto Com Stockholders": 4223000.0,
        "Net Income Common Stockholders": 4223000.0,
        "Otherunder Preferred Stock Dividend": NaN,
        "Net Income": 4223000.0,
        "Net Income Including Noncontrolling Interests": 4223000.0,
        "Net Income Continuous Operations": 4223000.0,
        "Tax Provision": 1056000.0,
        "Pretax Income": 5279000.0,
        "Special Income Charges": NaN,
        "Impairment Of Capital Assets": NaN,
        "Gain On Sale Of Security": 0.0,
        "Depreciation Amortization Depletion Income Statement": 148000.0,
        "Depreciation And Amortization In Income Statement": 148000.0,
        "Depreciation Income Statement": 148000.0,
        "Selling General And Administration": 4584000.0,
        "Selling And Marketing Expense": 71000.0,
        "General And Administrative Expense": 4513000.0,
        "Insurance And Claims": 571000.0,
        "Salaries And Wages": 3942000.0,
        "Total Revenue": 12277000.0,
        "Operating Revenue": 12277000.0,
        "Occupancy And Equipment": 456000.0,
        "Professional Expense And Contract Services Expense": 632000.0,
        "Other Non Interest Expense": 1166000.0
    },
    "2023-09-30": {
        "Tax Effect Of Unusual Items": NaN,
        "Tax Rate For Calcs": NaN,
        "Total Unusual Items": 0.0,
        "Total Unusual Items Excluding Goodwill": 0.0,
        "Net Income From Continuing Operation Net Minority Interest": NaN,
        "Reconciled Depreciation": NaN,
        "Net Interest Income": NaN,
        "Interest Expense": NaN,
        "Interest Income": NaN,
        "Normalized Income": NaN,
        "Net Income From Continuing And Discontinued Operation": NaN,
        "Diluted Average Shares": NaN,
        "Basic Average Shares": NaN,
        "Diluted EPS": NaN,
        "Basic EPS": NaN,
        "Diluted NI Availto Com Stockholders": NaN,
        "Net Income Common Stockholders": NaN,
        "Otherunder Preferred Stock Dividend": NaN,
        "Net Income": NaN,
        "Net Income Including Noncontrolling Interests": NaN,
        "Net Income Continuous Operations": NaN,
        "Tax Provision": NaN,
        "Pretax Income": NaN,
        "Special Income Charges": 0.0,
        "Impairment Of Capital Assets": 0.0,
        "Gain On Sale Of Security": NaN,
        "Depreciation Amortization Depletion Income Statement": NaN,
        "Depreciation And Amortization In Income Statement": NaN,
        "Depreciation Income Statement": NaN,
        "Selling General And Administration": NaN,
        "Selling And Marketing Expense": NaN,
        "General And Administrative Expense": NaN,
        "Insurance And Claims": NaN,
        "Salaries And Wages": NaN,
        "Total Revenue": NaN,
        "Operating Revenue": NaN,
        "Occupancy And Equipment": NaN,
        "Professional Expense And Contract Services Expense": NaN,
        "Other Non Interest Expense": NaN
    },
    "2023-12-31": {
        "Tax Effect Of Unusual Items": NaN,
        "Tax Rate For Calcs": NaN,
        "Total Unusual Items": -60000.0,
        "Total Unusual Items Excluding Goodwill": -60000.0,
        "Net Income From Continuing Operation Net Minority Interest": NaN,
        "Reconciled Depreciation": NaN,
        "Net Interest Income": NaN,
        "Interest Expense": NaN,
        "Interest Income": NaN,
        "Normalized Income": NaN,
        "Net Income From Continuing And Discontinued Operation": NaN,
        "Diluted Average Shares": NaN,
        "Basic Average Shares": NaN,
        "Diluted EPS": NaN,
        "Basic EPS": NaN,
        "Diluted NI Availto Com Stockholders": NaN,
        "Net Income Common Stockholders": NaN,
        "Otherunder Preferred Stock Dividend": NaN,
        "Net Income": NaN,
        "Net Income Including Noncontrolling Interests": NaN,
        "Net Income Continuous Operations": NaN,
        "Tax Provision": NaN,
        "Pretax Income": NaN,
        "Special Income Charges": -60000.0,
        "Impairment Of Capital Assets": 60000.0,
        "Gain On Sale Of Security": NaN,
        "Depreciation Amortization Depletion Income Statement": NaN,
        "Depreciation And Amortization In Income Statement": NaN,
        "Depreciation Income Statement": NaN,
        "Selling General And Administration": NaN,
        "Selling And Marketing Expense": NaN,
        "General And Administrative Expense": NaN,
        "Insurance And Claims": NaN,
        "Salaries And Wages": NaN,
        "Total Revenue": NaN,
        "Operating Revenue": NaN,
        "Occupancy And Equipment": NaN,
        "Professional Expense And Contract Services Expense": NaN,
        "Other Non Interest Expense": NaN
    },
    "2024-03-31": {
        "Tax Effect Of Unusual Items": 0.0,
        "Tax Rate For Calcs": 0.184595,
        "Total Unusual Items": NaN,
        "Total Unusual Items Excluding Goodwill": NaN,
        "Net Income From Continuing Operation Net Minority Interest": 3070000.0,
        "Reconciled Depreciation": 130000.0,
        "Net Interest Income": 11119000.0,
        "Interest Expense": 17802000.0,
        "Interest Income": 28921000.0,
        "Normalized Income": 3070000.0,
        "Net Income From Continuing And Discontinued Operation": 3070000.0,
        "Diluted Average Shares": 6357298.0,
        "Basic Average Shares": 6329898.0,
        "Diluted EPS": 0.47,
        "Basic EPS": 0.48,
        "Diluted NI Availto Com Stockholders": 3013000.0,
        "Net Income Common Stockholders": 3013000.0,
        "Otherunder Preferred Stock Dividend": 57000.0,
        "Net Income": 3070000.0,
        "Net Income Including Noncontrolling Interests": 3070000.0,
        "Net Income Continuous Operations": 3070000.0,
        "Tax Provision": 695000.0,
        "Pretax Income": 3765000.0,
        "Special Income Charges": NaN,
        "Impairment Of Capital Assets": NaN,
        "Gain On Sale Of Security": 0.0,
        "Depreciation Amortization Depletion Income Statement": 130000.0,
        "Depreciation And Amortization In Income Statement": 130000.0,
        "Depreciation Income Statement": 130000.0,
        "Selling General And Administration": 4303000.0,
        "Selling And Marketing Expense": 14000.0,
        "General And Administrative Expense": 4289000.0,
        "Insurance And Claims": 656000.0,
        "Salaries And Wages": 3633000.0,
        "Total Revenue": 11742000.0,
        "Operating Revenue": 11742000.0,
        "Occupancy And Equipment": 434000.0,
        "Professional Expense And Contract Services Expense": 663000.0,
        "Other Non Interest Expense": 1210000.0
    },
    "2024-06-30": {
        "Tax Effect Of Unusual Items": 0.0,
        "Tax Rate For Calcs": 0.122671,
        "Total Unusual Items": NaN,
        "Total Unusual Items Excluding Goodwill": NaN,
        "Net Income From Continuing Operation Net Minority Interest": 1695000.0,
        "Reconciled Depreciation": 122000.0,
        "Net Interest Income": 11203000.0,
        "Interest Expense": 17948000.0,
        "Interest Income": 29151000.0,
        "Normalized Income": 1695000.0,
        "Net Income From Continuing And Discontinued Operation": 1695000.0,
        "Diluted Average Shares": 6256457.0,
        "Basic Average Shares": 6256457.0,
        "Diluted EPS": 0.26,
        "Basic EPS": 0.26,
        "Diluted NI Availto Com Stockholders": 1641000.0,
        "Net Income Common Stockholders": 1641000.0,
        "Otherunder Preferred Stock Dividend": 54000.0,
        "Net Income": 1695000.0,
        "Net Income Including Noncontrolling Interests": 1695000.0,
        "Net Income Continuous Operations": 1695000.0,
        "Tax Provision": 237000.0,
        "Pretax Income": 1932000.0,
        "Special Income Charges": NaN,
        "Impairment Of Capital Assets": NaN,
        "Gain On Sale Of Security": 0.0,
        "Depreciation Amortization Depletion Income Statement": 122000.0,
        "Depreciation And Amortization In Income Statement": 122000.0,
        "Depreciation Income Statement": 122000.0,
        "Selling General And Administration": 4301000.0,
        "Selling And Marketing Expense": 38000.0,
        "General And Administrative Expense": 4263000.0,
        "Insurance And Claims": 550000.0,
        "Salaries And Wages": 3713000.0,
        "Total Revenue": 12326000.0,
        "Operating Revenue": 12326000.0,
        "Occupancy And Equipment": 471000.0,
        "Professional Expense And Contract Services Expense": 590000.0,
        "Other Non Interest Expense": 1349000.0
    },
    "2024-09-30": {
        "Tax Effect Of Unusual Items": 0.0,
        "Tax Rate For Calcs": 0.204,
        "Total Unusual Items": NaN,
        "Total Unusual Items Excluding Goodwill": NaN,
        "Net Income From Continuing Operation Net Minority Interest": 4205000.0,
        "Reconciled Depreciation": 119000.0,
        "Net Interest Income": 11293000.0,
        "Interest Expense": 18536000.0,
        "Interest Income": 29829000.0,
        "Normalized Income": 4205000.0,
        "Net Income From Continuing And Discontinued Operation": 4205000.0,
        "Diluted Average Shares": 6293908.0,
        "Basic Average Shares": 6253716.0,
        "Diluted EPS": 0.65,
        "Basic EPS": 0.65,
        "Diluted NI Availto Com Stockholders": 4065000.0,
        "Net Income Common Stockholders": 4065000.0,
        "Otherunder Preferred Stock Dividend": 140000.0,
        "Net Income": 4205000.0,
        "Net Income Including Noncontrolling Interests": 4205000.0,
        "Net Income Continuous Operations": 4205000.0,
        "Tax Provision": 1077000.0,
        "Pretax Income": 5282000.0,
        "Special Income Charges": NaN,
        "Impairment Of Capital Assets": NaN,
        "Gain On Sale Of Security": 0.0,
        "Depreciation Amortization Depletion Income Statement": 119000.0,
        "Depreciation And Amortization In Income Statement": 119000.0,
        "Depreciation Income Statement": 119000.0,
        "Selling General And Administration": 4313000.0,
        "Selling And Marketing Expense": 47000.0,
        "General And Administrative Expense": 4266000.0,
        "Insurance And Claims": 574000.0,
        "Salaries And Wages": 3692000.0,
        "Total Revenue": 12833000.0,
        "Operating Revenue": 12833000.0,
        "Occupancy And Equipment": 472000.0,
        "Professional Expense And Contract Services Expense": 654000.0,
        "Other Non Interest Expense": 1435000.0
    },
    "2024-12-31": {
        "Tax Effect Of Unusual Items": 0.0,
        "Tax Rate For Calcs": 0.144821,
        "Total Unusual Items": NaN,
        "Total Unusual Items Excluding Goodwill": NaN,
        "Net Income From Continuing Operation Net Minority Interest": 4417000.0,
        "Reconciled Depreciation": 115000.0,
        "Net Interest Income": 12354000.0,
        "Interest Expense": 17459000.0,
        "Interest Income": 29813000.0,
        "Normalized Income": 4417000.0,
        "Net Income From Continuing And Discontinued Operation": 4417000.0,
        "Diluted Average Shares": 6328710.0,
        "Basic Average Shares": 6258616.0,
        "Diluted EPS": 0.68,
        "Basic EPS": 0.68,
        "Diluted NI Availto Com Stockholders": 4307000.0,
        "Net Income Common Stockholders": 4307000.0,
        "Otherunder Preferred Stock Dividend": 110000.0,
        "Net Income": 4417000.0,
        "Net Income Including Noncontrolling Interests": 4417000.0,
        "Net Income Continuous Operations": 4417000.0,
        "Tax Provision": 748000.0,
        "Pretax Income": 5165000.0,
        "Special Income Charges": NaN,
        "Impairment Of Capital Assets": NaN,
        "Gain On Sale Of Security": 0.0,
        "Depreciation Amortization Depletion Income Statement": 115000.0,
        "Depreciation And Amortization In Income Statement": 115000.0,
        "Depreciation Income Statement": 115000.0,
        "Selling General And Administration": 4240000.0,
        "Selling And Marketing Expense": 35000.0,
        "General And Administrative Expense": 4205000.0,
        "Insurance And Claims": 497000.0,
        "Salaries And Wages": 3708000.0,
        "Total Revenue": 13518000.0,
        "Operating Revenue": 13518000.0,
        "Occupancy And Equipment": 444000.0,
        "Professional Expense And Contract Services Expense": 822000.0,
        "Other Non Interest Expense": 1295000.0
    },
    "2025-03-31": {
        "Tax Effect Of Unusual Items": 0.0,
        "Tax Rate For Calcs": 0.206,
        "Total Unusual Items": NaN,
        "Total Unusual Items Excluding Goodwill": NaN,
        "Net Income From Continuing Operation Net Minority Interest": 4430000.0,
        "Reconciled Depreciation": 118000.0,
        "Net Interest Income": 12735000.0,
        "Interest Expense": 16291000.0,
        "Interest Income": 29026000.0,
        "Normalized Income": 4430000.0,
        "Net Income From Continuing And Discontinued Operation": 4430000.0,
        "Diluted Average Shares": 6285649.0,
        "Basic Average Shares": 6285649.0,
        "Diluted EPS": 0.68,
        "Basic EPS": 0.68,
        "Diluted NI Availto Com Stockholders": 4294000.0,
        "Net Income Common Stockholders": 4294000.0,
        "Otherunder Preferred Stock Dividend": 136000.0,
        "Net Income": 4430000.0,
        "Net Income Including Noncontrolling Interests": 4430000.0,
        "Net Income Continuous Operations": 4430000.0,
        "Tax Provision": 1149000.0,
        "Pretax Income": 5579000.0,
        "Special Income Charges": NaN,
        "Impairment Of Capital Assets": NaN,
        "Gain On Sale Of Security": -103000.0,
        "Depreciation Amortization Depletion Income Statement": 118000.0,
        "Depreciation And Amortization In Income Statement": 118000.0,
        "Depreciation Income Statement": 118000.0,
        "Selling General And Administration": 4996000.0,
        "Selling And Marketing Expense": 44000.0,
        "General And Administrative Expense": 4952000.0,
        "Insurance And Claims": 592000.0,
        "Salaries And Wages": 4360000.0,
        "Total Revenue": 13790000.0,
        "Operating Revenue": 13790000.0,
        "Occupancy And Equipment": 434000.0,
        "Professional Expense And Contract Services Expense": 787000.0,
        "Other Non Interest Expense": 1294000.0
    },
    "2025-06-30": {
        "Tax Effect Of Unusual Items": 0.0,
        "Tax Rate For Calcs": 0.213281,
        "Total Unusual Items": NaN,
        "Total Unusual Items Excluding Goodwill": NaN,
        "Net Income From Continuing Operation Net Minority Interest": 5035000.0,
        "Reconciled Depreciation": 118000.0,
        "Net Interest Income": 13848000.0,
        "Interest Expense": 16358000.0,
        "Interest Income": 30206000.0,
        "Normalized Income": 5035000.0,
        "Net Income From Continuing And Discontinued Operation": 5035000.0,
        "Diluted Average Shares": 6344833.0,
        "Basic Average Shares": 6300427.0,
        "Diluted EPS": 0.77,
        "Basic EPS": 0.77,
        "Diluted NI Availto Com Stockholders": 4880000.0,
        "Net Income Common Stockholders": 4880000.0,
        "Otherunder Preferred Stock Dividend": 155000.0,
        "Net Income": 5035000.0,
        "Net Income Including Noncontrolling Interests": 5035000.0,
        "Net Income Continuous Operations": 5035000.0,
        "Tax Provision": 1365000.0,
        "Pretax Income": 6400000.0,
        "Special Income Charges": NaN,
        "Impairment Of Capital Assets": NaN,
        "Gain On Sale Of Security": 0.0,
        "Depreciation Amortization Depletion Income Statement": 118000.0,
        "Depreciation And Amortization In Income Statement": 118000.0,
        "Depreciation Income Statement": 118000.0,
        "Selling General And Administration": 4802000.0,
        "Selling And Marketing Expense": 84000.0,
        "General And Administrative Expense": 4718000.0,
        "Insurance And Claims": 584000.0,
        "Salaries And Wages": 4134000.0,
        "Total Revenue": 15385000.0,
        "Operating Revenue": 15385000.0,
        "Occupancy And Equipment": 417000.0,
        "Professional Expense And Contract Services Expense": 899000.0,
        "Other Non Interest Expense": 1322000.0
    }
}