{
    "2023-06-30": {
        "Tax Effect Of Unusual Items": NaN,
        "Tax Rate For Calcs": NaN,
        "Net Income From Continuing Operation Net Minority Interest": NaN,
        "Reconciled Depreciation": NaN,
        "Net Interest Income": NaN,
        "Interest Expense": NaN,
        "Interest Income": NaN,
        "Normalized Income": NaN,
        "Net Income From Continuing And Discontinued Operation": NaN,
        "Diluted Average Shares": 133199000.0,
        "Basic Average Shares": 133199000.0,
        "Diluted EPS": 0.06,
        "Basic EPS": 0.06,
        "Diluted NI Availto Com Stockholders": NaN,
        "Net Income Common Stockholders": NaN,
        "Otherunder Preferred Stock Dividend": NaN,
        "Net Income": NaN,
        "Net Income Including Noncontrolling Interests": NaN,
        "Net Income Continuous Operations": NaN,
        "Tax Provision": NaN,
        "Pretax Income": NaN,
        "Gain On Sale Of Security": 0.0,
        "Selling General And Administration": NaN,
        "Selling And Marketing Expense": NaN,
        "General And Administrative Expense": NaN,
        "Insurance And Claims": NaN,
        "Salaries And Wages": NaN,
        "Total Revenue": NaN,
        "Operating Revenue": NaN,
        "Occupancy And Equipment": NaN,
        "Other Non Interest Expense": NaN
    },
    "2023-03-31": {
        "Tax Effect Of Unusual Items": NaN,
        "Tax Rate For Calcs": NaN,
        "Net Income From Continuing Operation Net Minority Interest": NaN,
        "Reconciled Depreciation": NaN,
        "Net Interest Income": NaN,
        "Interest Expense": NaN,
        "Interest Income": NaN,
        "Normalized Income": NaN,
        "Net Income From Continuing And Discontinued Operation": NaN,
        "Diluted Average Shares": NaN,
        "Basic Average Shares": NaN,
        "Diluted EPS": NaN,
        "Basic EPS": NaN,
        "Diluted NI Availto Com Stockholders": NaN,
        "Net Income Common Stockholders": NaN,
        "Otherunder Preferred Stock Dividend": NaN,
        "Net Income": NaN,
        "Net Income Including Noncontrolling Interests": NaN,
        "Net Income Continuous Operations": NaN,
        "Tax Provision": NaN,
        "Pretax Income": NaN,
        "Gain On Sale Of Security": 0.0,
        "Selling General And Administration": NaN,
        "Selling And Marketing Expense": NaN,
        "General And Administrative Expense": NaN,
        "Insurance And Claims": NaN,
        "Salaries And Wages": NaN,
        "Total Revenue": NaN,
        "Operating Revenue": NaN,
        "Occupancy And Equipment": NaN,
        "Other Non Interest Expense": NaN
    },
    "2022-12-31": {
        "Tax Effect Of Unusual Items": NaN,
        "Tax Rate For Calcs": NaN,
        "Net Income From Continuing Operation Net Minority Interest": NaN,
        "Reconciled Depreciation": NaN,
        "Net Interest Income": NaN,
        "Interest Expense": NaN,
        "Interest Income": NaN,
        "Normalized Income": NaN,
        "Net Income From Continuing And Discontinued Operation": NaN,
        "Diluted Average Shares": NaN,
        "Basic Average Shares": NaN,
        "Diluted EPS": NaN,
        "Basic EPS": NaN,
        "Diluted NI Availto Com Stockholders": NaN,
        "Net Income Common Stockholders": NaN,
        "Otherunder Preferred Stock Dividend": NaN,
        "Net Income": NaN,
        "Net Income Including Noncontrolling Interests": NaN,
        "Net Income Continuous Operations": NaN,
        "Tax Provision": NaN,
        "Pretax Income": NaN,
        "Gain On Sale Of Security": 0.0,
        "Selling General And Administration": NaN,
        "Selling And Marketing Expense": NaN,
        "General And Administrative Expense": NaN,
        "Insurance And Claims": NaN,
        "Salaries And Wages": NaN,
        "Total Revenue": NaN,
        "Operating Revenue": NaN,
        "Occupancy And Equipment": NaN,
        "Other Non Interest Expense": NaN
    },
    "2022-09-30": {
        "Tax Effect Of Unusual Items": NaN,
        "Tax Rate For Calcs": NaN,
        "Net Income From Continuing Operation Net Minority Interest": NaN,
        "Reconciled Depreciation": NaN,
        "Net Interest Income": NaN,
        "Interest Expense": NaN,
        "Interest Income": NaN,
        "Normalized Income": NaN,
        "Net Income From Continuing And Discontinued Operation": NaN,
        "Diluted Average Shares": NaN,
        "Basic Average Shares": NaN,
        "Diluted EPS": NaN,
        "Basic EPS": NaN,
        "Diluted NI Availto Com Stockholders": NaN,
        "Net Income Common Stockholders": NaN,
        "Otherunder Preferred Stock Dividend": NaN,
        "Net Income": NaN,
        "Net Income Including Noncontrolling Interests": NaN,
        "Net Income Continuous Operations": NaN,
        "Tax Provision": NaN,
        "Pretax Income": NaN,
        "Gain On Sale Of Security": 0.0,
        "Selling General And Administration": NaN,
        "Selling And Marketing Expense": NaN,
        "General And Administrative Expense": NaN,
        "Other Gand A": 5043000.0,
        "Insurance And Claims": NaN,
        "Salaries And Wages": NaN,
        "Total Revenue": NaN,
        "Operating Revenue": NaN
    },
    "2022-06-30": {
        "Tax Effect Of Unusual Items": 0.0,
        "Tax Rate For Calcs": 0.21,
        "Total Unusual Items": 0.0,
        "Total Unusual Items Excluding Goodwill": 0.0,
        "Net Income From Continuing Operation Net Minority Interest": 21152000.0,
        "Reconciled Depreciation": 2691000.0,
        "Net Interest Income": 49981000.0,
        "Interest Expense": 19431000.0,
        "Interest Income": 69412000.0,
        "Normalized Income": 21152000.0,
        "Net Income From Continuing And Discontinued Operation": 21152000.0,
        "Diluted Average Shares": 135724658.0,
        "Basic Average Shares": 135724658.0,
        "Diluted EPS": 0.16,
        "Basic EPS": 0.16,
        "Diluted NI Availto Com Stockholders": 21152000.0,
        "Net Income Common Stockholders": 21152000.0,
        "Otherunder Preferred Stock Dividend": 11000.0,
        "Net Income": 21152000.0,
        "Net Income Including Noncontrolling Interests": 21152000.0,
        "Net Income Continuous Operations": 21152000.0,
        "Tax Provision": 5617000.0,
        "Pretax Income": 26769000.0,
        "Special Income Charges": 0.0,
        "Gain On Sale Of Security": 0.0,
        "Selling General And Administration": 20776000.0,
        "Selling And Marketing Expense": 1068000.0,
        "General And Administrative Expense": 19708000.0,
        "Other Gand A": 4343000.0,
        "Insurance And Claims": 784000.0,
        "Salaries And Wages": 14581000.0,
        "Total Revenue": 55432000.0,
        "Operating Revenue": 55432000.0
    },
    "2022-03-31": {
        "Diluted EPS": 0.16,
        "Total Revenue": 70,
        "Gross Profit": 53,
        "Operating Income": 28,
        "EBIT": NaN,
        "Net Income": 22
    },
    "2021-12-31": {
        "Diluted EPS": 0.16,
        "Total Revenue": 68,
        "Gross Profit": 51,
        "Operating Income": 28,
        "EBIT": NaN,
        "Net Income": 22
    },
    "2021-09-30": {
        "Diluted EPS": 0.14,
        "Total Revenue": 69,
        "Gross Profit": 51,
        "Operating Income": 24,
        "EBIT": NaN,
        "Net Income": 19
    },
    "2021-06-30": {
        "Diluted EPS": 0.13,
        "Total Revenue": 67,
        "Gross Profit": 48,
        "Operating Income": 23,
        "EBIT": NaN,
        "Net Income": 18
    },
    "2021-03-31": {
        "Diluted EPS": 0.15,
        "Total Revenue": 77,
        "Gross Profit": 56,
        "Operating Income": 26,
        "EBIT": NaN,
        "Net Income": 20
    },
    "2020-12-31": {
        "Diluted EPS": 0.14,
        "Total Revenue": 73,
        "Gross Profit": 49,
        "Operating Income": 23,
        "EBIT": NaN,
        "Net Income": 19
    },
    "2020-09-30": {
        "Diluted EPS": 0.14,
        "Total Revenue": 77,
        "Gross Profit": 51,
        "Operating Income": 23,
        "EBIT": NaN,
        "Net Income": 18
    },
    "2020-06-30": {
        "Diluted EPS": 0.14,
        "Total Revenue": 79,
        "Gross Profit": 51,
        "Operating Income": 25,
        "EBIT": NaN,
        "Net Income": 19
    },
    "2020-03-31": {
        "Diluted EPS": 0.03,
        "Total Revenue": 84,
        "Gross Profit": 53,
        "Operating Income": 5,
        "EBIT": NaN,
        "Net Income": 4
    },
    "2019-12-31": {
        "Diluted EPS": 0.16,
        "Total Revenue": 86,
        "Gross Profit": 54,
        "Operating Income": 27,
        "EBIT": NaN,
        "Net Income": 23
    },
    "2019-09-30": {
        "Diluted EPS": 0.15,
        "Total Revenue": 89,
        "Gross Profit": 56,
        "Operating Income": 29,
        "EBIT": NaN,
        "Net Income": 22
    },
    "2019-06-30": {
        "Diluted EPS": 0.17,
        "Total Revenue": 88,
        "Gross Profit": 57,
        "Operating Income": 29,
        "EBIT": NaN,
        "Net Income": 23
    },
    "2019-03-31": {
        "Diluted EPS": 0.18,
        "Total Revenue": 87,
        "Gross Profit": 58,
        "Operating Income": 31,
        "EBIT": NaN,
        "Net Income": 25
    },
    "2018-12-31": {
        "Diluted EPS": 0.18,
        "Total Revenue": 88,
        "Gross Profit": 58,
        "Operating Income": 31,
        "EBIT": NaN,
        "Net Income": 24
    },
    "2018-09-30": {
        "Diluted EPS": 0.15,
        "Total Revenue": 83,
        "Gross Profit": 56,
        "Operating Income": 29,
        "EBIT": NaN,
        "Net Income": 21
    },
    "2018-06-30": {
        "Diluted EPS": 0.17,
        "Total Revenue": 88,
        "Gross Profit": 55,
        "Operating Income": 30,
        "EBIT": NaN,
        "Net Income": 22
    },
    "2018-03-31": {
        "Diluted EPS": 0.17,
        "Total Revenue": 87,
        "Gross Profit": 55,
        "Operating Income": 32,
        "EBIT": NaN,
        "Net Income": 23
    },
    "2017-12-31": {
        "Diluted EPS": 0.24,
        "Total Revenue": 86,
        "Gross Profit": 55,
        "Operating Income": 33,
        "EBIT": NaN,
        "Net Income": 32
    },
    "2017-09-30": {
        "Diluted EPS": 0.16,
        "Total Revenue": 86,
        "Gross Profit": 56,
        "Operating Income": 32,
        "EBIT": NaN,
        "Net Income": 21
    },
    "2017-06-30": {
        "Diluted EPS": 0.16,
        "Total Revenue": 85,
        "Gross Profit": 55,
        "Operating Income": 32,
        "EBIT": NaN,
        "Net Income": 21
    },
    "2017-03-31": {
        "Diluted EPS": 0.16,
        "Total Revenue": 83,
        "Gross Profit": 55,
        "Operating Income": 33,
        "EBIT": NaN,
        "Net Income": 22
    },
    "2016-12-31": {
        "Diluted EPS": 0.15,
        "Total Revenue": 81,
        "Gross Profit": 53,
        "Operating Income": 31,
        "EBIT": NaN,
        "Net Income": 21
    },
    "2016-09-30": {
        "Diluted EPS": 0.16,
        "Total Revenue": 81,
        "Gross Profit": 53,
        "Operating Income": 29,
        "EBIT": NaN,
        "Net Income": 21
    },
    "2016-06-30": {
        "Diluted EPS": 0.15,
        "Total Revenue": 81,
        "Gross Profit": 53,
        "Operating Income": 30,
        "EBIT": NaN,
        "Net Income": 21
    },
    "2016-03-31": {
        "Diluted EPS": 0.16,
        "Total Revenue": 82,
        "Gross Profit": 55,
        "Operating Income": 32,
        "EBIT": NaN,
        "Net Income": 22
    },
    "2015-12-31": {
        "Diluted EPS": 0.16,
        "Total Revenue": 80,
        "Gross Profit": 54,
        "Operating Income": 30,
        "EBIT": NaN,
        "Net Income": 21
    },
    "2015-09-30": {
        "Diluted EPS": 0.15,
        "Total Revenue": 80,
        "Gross Profit": 53,
        "Operating Income": 28,
        "EBIT": NaN,
        "Net Income": 19
    },
    "2015-06-30": {
        "Diluted EPS": 0.14,
        "Total Revenue": 79,
        "Gross Profit": 52,
        "Operating Income": 29,
        "EBIT": NaN,
        "Net Income": 20
    },
    "2015-03-31": {
        "Diluted EPS": 0.14,
        "Total Revenue": 79,
        "Gross Profit": 52,
        "Operating Income": 29,
        "EBIT": NaN,
        "Net Income": 19
    },
    "2014-12-31": {
        "Diluted EPS": 0.15,
        "Total Revenue": 80,
        "Gross Profit": 53,
        "Operating Income": 30,
        "EBIT": NaN,
        "Net Income": 20
    },
    "2014-09-30": {
        "Diluted EPS": 0.16,
        "Total Revenue": 80,
        "Gross Profit": 54,
        "Operating Income": 30,
        "EBIT": NaN,
        "Net Income": 20
    },
    "2014-06-30": {
        "Diluted EPS": 0.14,
        "Total Revenue": 78,
        "Gross Profit": 52,
        "Operating Income": 29,
        "EBIT": NaN,
        "Net Income": 20
    },
    "2014-03-31": {
        "Diluted EPS": 0.14,
        "Total Revenue": 78,
        "Gross Profit": 51,
        "Operating Income": 29,
        "EBIT": NaN,
        "Net Income": 20
    },
    "2013-12-31": {
        "Diluted EPS": 0.12,
        "Total Revenue": 78,
        "Gross Profit": 50,
        "Operating Income": 26,
        "EBIT": NaN,
        "Net Income": 18
    },
    "2013-09-30": {
        "Diluted EPS": 0.11,
        "Total Revenue": 78,
        "Gross Profit": 50,
        "Operating Income": 25,
        "EBIT": NaN,
        "Net Income": 16
    },
    "2013-06-30": {
        "Diluted EPS": 0.13,
        "Total Revenue": 79,
        "Gross Profit": 50,
        "Operating Income": 27,
        "EBIT": NaN,
        "Net Income": 18
    },
    "2013-03-31": {
        "Diluted EPS": 0.12,
        "Total Revenue": 81,
        "Gross Profit": 50,
        "Operating Income": 27,
        "EBIT": NaN,
        "Net Income": 18
    },
    "2012-12-31": {
        "Diluted EPS": 0.12,
        "Total Revenue": 83,
        "Gross Profit": 51,
        "Operating Income": 26,
        "EBIT": NaN,
        "Net Income": 18
    },
    "2012-09-30": {
        "Diluted EPS": 0.11,
        "Total Revenue": 85,
        "Gross Profit": 52,
        "Operating Income": 28,
        "EBIT": NaN,
        "Net Income": 18
    },
    "2012-06-30": {
        "Diluted EPS": 0.12,
        "Total Revenue": 87,
        "Gross Profit": 52,
        "Operating Income": 29,
        "EBIT": NaN,
        "Net Income": 19
    },
    "2012-03-31": {
        "Diluted EPS": 0.12,
        "Total Revenue": 89,
        "Gross Profit": 54,
        "Operating Income": 30,
        "EBIT": NaN,
        "Net Income": 19
    },
    "2011-12-31": {
        "Diluted EPS": 0.12,
        "Total Revenue": 91,
        "Gross Profit": 52,
        "Operating Income": 29,
        "EBIT": NaN,
        "Net Income": 19
    },
    "2011-09-30": {
        "Diluted EPS": 0.11,
        "Total Revenue": 93,
        "Gross Profit": 50,
        "Operating Income": 26,
        "EBIT": NaN,
        "Net Income": 17
    },
    "2011-06-30": {
        "Diluted EPS": 0.1,
        "Total Revenue": 94,
        "Gross Profit": 50,
        "Operating Income": 26,
        "EBIT": NaN,
        "Net Income": 17
    },
    "2011-03-31": {
        "Diluted EPS": 0.1,
        "Total Revenue": 91,
        "Gross Profit": 47,
        "Operating Income": 23,
        "EBIT": NaN,
        "Net Income": 16
    },
    "2010-12-31": {
        "Diluted EPS": -0.07,
        "Total Revenue": 94,
        "Gross Profit": 46,
        "Operating Income": -18,
        "EBIT": NaN,
        "Net Income": -11
    },
    "2010-09-30": {
        "Diluted EPS": 0.09,
        "Total Revenue": 97,
        "Gross Profit": 48,
        "Operating Income": 24,
        "EBIT": NaN,
        "Net Income": 15
    },
    "2010-06-30": {
        "Diluted EPS": 0.1,
        "Total Revenue": 99,
        "Gross Profit": 49,
        "Operating Income": 26,
        "EBIT": NaN,
        "Net Income": 17
    },
    "2010-03-31": {
        "Diluted EPS": 0.09,
        "Total Revenue": 100,
        "Gross Profit": 49,
        "Operating Income": 23,
        "EBIT": NaN,
        "Net Income": 15
    },
    "2009-12-31": {
        "Diluted EPS": 0.13,
        "Total Revenue": 112,
        "Gross Profit": 58,
        "Operating Income": 32,
        "EBIT": NaN,
        "Net Income": 21
    },
    "2009-09-30": {
        "Diluted EPS": 0.1,
        "Total Revenue": 107,
        "Gross Profit": 50,
        "Operating Income": 27,
        "EBIT": NaN,
        "Net Income": 17
    },
    "2009-06-30": {
        "Diluted EPS": 0.09,
        "Total Revenue": 111,
        "Gross Profit": 54,
        "Operating Income": 25,
        "EBIT": NaN,
        "Net Income": 15
    },
    "2009-03-31": {
        "Diluted EPS": 0.11,
        "Total Revenue": 111,
        "Gross Profit": 53,
        "Operating Income": 29,
        "EBIT": NaN,
        "Net Income": 18
    },
    "2023-09-30": {
        "Tax Effect Of Unusual Items": NaN,
        "Tax Rate For Calcs": NaN,
        "Net Income From Continuing Operation Net Minority Interest": NaN,
        "Reconciled Depreciation": NaN,
        "Net Interest Income": NaN,
        "Interest Expense": NaN,
        "Interest Income": NaN,
        "Normalized Income": NaN,
        "Net Income From Continuing And Discontinued Operation": NaN,
        "Diluted Average Shares": 133128009.0,
        "Basic Average Shares": 133128009.0,
        "Diluted EPS": -1.130333,
        "Basic EPS": -1.130333,
        "Diluted NI Availto Com Stockholders": NaN,
        "Net Income Common Stockholders": NaN,
        "Otherunder Preferred Stock Dividend": NaN,
        "Net Income": NaN,
        "Net Income Including Noncontrolling Interests": NaN,
        "Net Income Continuous Operations": NaN,
        "Tax Provision": NaN,
        "Pretax Income": NaN,
        "Gain On Sale Of Security": NaN,
        "Selling General And Administration": NaN,
        "Selling And Marketing Expense": NaN,
        "General And Administrative Expense": NaN,
        "Insurance And Claims": NaN,
        "Salaries And Wages": NaN,
        "Total Revenue": NaN,
        "Operating Revenue": NaN,
        "Occupancy And Equipment": NaN,
        "Other Non Interest Expense": NaN
    },
    "2023-12-31": {
        "Tax Effect Of Unusual Items": 0.0,
        "Tax Rate For Calcs": 0.21,
        "Net Income From Continuing Operation Net Minority Interest": 2543000.0,
        "Reconciled Depreciation": 2239000.0,
        "Net Interest Income": 39593000.0,
        "Interest Expense": 52099000.0,
        "Interest Income": 91692000.0,
        "Normalized Income": 2543000.0,
        "Net Income From Continuing And Discontinued Operation": 2543000.0,
        "Diluted Average Shares": 132353000.0,
        "Basic Average Shares": 132353000.0,
        "Diluted EPS": 0.019214,
        "Basic EPS": 0.02,
        "Diluted NI Availto Com Stockholders": 2541000.0,
        "Net Income Common Stockholders": 2541000.0,
        "Otherunder Preferred Stock Dividend": 2000.0,
        "Net Income": 2543000.0,
        "Net Income Including Noncontrolling Interests": 2543000.0,
        "Net Income Continuous Operations": 2543000.0,
        "Tax Provision": -475000.0,
        "Pretax Income": 2068000.0,
        "Gain On Sale Of Security": -13345000.0,
        "Selling General And Administration": 15840000.0,
        "Selling And Marketing Expense": 988000.0,
        "General And Administrative Expense": 14852000.0,
        "Insurance And Claims": 1860000.0,
        "Salaries And Wages": 12992000.0,
        "Total Revenue": 30157000.0,
        "Operating Revenue": 30157000.0,
        "Occupancy And Equipment": 3372000.0,
        "Other Non Interest Expense": 8754000.0
    },
    "2024-03-31": {
        "Tax Effect Of Unusual Items": 0.0,
        "Tax Rate For Calcs": 0.200674,
        "Net Income From Continuing Operation Net Minority Interest": 13762000.0,
        "Reconciled Depreciation": 2218000.0,
        "Net Interest Income": 41320000.0,
        "Interest Expense": 51969000.0,
        "Interest Income": 93289000.0,
        "Normalized Income": 13762000.0,
        "Net Income From Continuing And Discontinued Operation": 13762000.0,
        "Diluted Average Shares": 130536000.0,
        "Basic Average Shares": 130536000.0,
        "Diluted EPS": 0.11,
        "Basic EPS": 0.11,
        "Diluted NI Availto Com Stockholders": 13752000.0,
        "Net Income Common Stockholders": 13752000.0,
        "Otherunder Preferred Stock Dividend": 10000.0,
        "Net Income": 13762000.0,
        "Net Income Including Noncontrolling Interests": 13762000.0,
        "Net Income Continuous Operations": 13762000.0,
        "Tax Provision": 3455000.0,
        "Pretax Income": 17217000.0,
        "Gain On Sale Of Security": 0.0,
        "Selling General And Administration": 15885000.0,
        "Selling And Marketing Expense": 1271000.0,
        "General And Administrative Expense": 14614000.0,
        "Insurance And Claims": 1727000.0,
        "Salaries And Wages": 12887000.0,
        "Total Revenue": 45096000.0,
        "Operating Revenue": 45096000.0,
        "Occupancy And Equipment": 3481000.0,
        "Other Non Interest Expense": 8212000.0
    },
    "2024-06-30": {
        "Tax Effect Of Unusual Items": 0.0,
        "Tax Rate For Calcs": 0.381974,
        "Net Income From Continuing Operation Net Minority Interest": 9648000.0,
        "Reconciled Depreciation": 2216000.0,
        "Net Interest Income": 40324000.0,
        "Interest Expense": 54671000.0,
        "Interest Income": 94995000.0,
        "Normalized Income": 9648000.0,
        "Net Income From Continuing And Discontinued Operation": 9648000.0,
        "Diluted Average Shares": 129866000.0,
        "Basic Average Shares": 129866000.0,
        "Diluted EPS": 0.07,
        "Basic EPS": 0.07,
        "Diluted NI Availto Com Stockholders": 9638000.0,
        "Net Income Common Stockholders": 9638000.0,
        "Otherunder Preferred Stock Dividend": 10000.0,
        "Net Income": 9648000.0,
        "Net Income Including Noncontrolling Interests": 9648000.0,
        "Net Income Continuous Operations": 9648000.0,
        "Tax Provision": 5963000.0,
        "Pretax Income": 15611000.0,
        "Gain On Sale Of Security": 0.0,
        "Selling General And Administration": 15610000.0,
        "Selling And Marketing Expense": 951000.0,
        "General And Administrative Expense": 14659000.0,
        "Insurance And Claims": 1352000.0,
        "Salaries And Wages": 13307000.0,
        "Total Revenue": 44307000.0,
        "Operating Revenue": 44307000.0,
        "Occupancy And Equipment": 3263000.0,
        "Other Non Interest Expense": 8351000.0
    },
    "2024-09-30": {
        "Tax Effect Of Unusual Items": 0.0,
        "Tax Rate For Calcs": 0.37226,
        "Net Income From Continuing Operation Net Minority Interest": 12057000.0,
        "Reconciled Depreciation": 2030000.0,
        "Net Interest Income": 40824000.0,
        "Interest Expense": 56043000.0,
        "Interest Income": 96867000.0,
        "Normalized Income": 12057000.0,
        "Net Income From Continuing And Discontinued Operation": 12057000.0,
        "Diluted Average Shares": 129918000.0,
        "Basic Average Shares": 129918000.0,
        "Diluted EPS": 0.09,
        "Basic EPS": 0.09,
        "Diluted NI Availto Com Stockholders": 12045000.0,
        "Net Income Common Stockholders": 12045000.0,
        "Otherunder Preferred Stock Dividend": 12000.0,
        "Net Income": 12057000.0,
        "Net Income Including Noncontrolling Interests": 12057000.0,
        "Net Income Continuous Operations": 12057000.0,
        "Tax Provision": 7150000.0,
        "Pretax Income": 19207000.0,
        "Gain On Sale Of Security": 0.0,
        "Selling General And Administration": 15253000.0,
        "Selling And Marketing Expense": 1054000.0,
        "General And Administrative Expense": 14199000.0,
        "Insurance And Claims": 1113000.0,
        "Salaries And Wages": 13086000.0,
        "Total Revenue": 45026000.0,
        "Operating Revenue": 45026000.0,
        "Occupancy And Equipment": 3442000.0,
        "Other Non Interest Expense": 7761000.0
    },
    "2024-12-31": {
        "Tax Effect Of Unusual Items": 0.0,
        "Tax Rate For Calcs": 0.192,
        "Net Income From Continuing Operation Net Minority Interest": 15431000.0,
        "Reconciled Depreciation": 1984000.0,
        "Net Interest Income": 42230000.0,
        "Interest Expense": 55392000.0,
        "Interest Income": 97622000.0,
        "Normalized Income": 15431000.0,
        "Net Income From Continuing And Discontinued Operation": 15431000.0,
        "Diluted Average Shares": 129973000.0,
        "Basic Average Shares": 129973000.0,
        "Diluted EPS": 0.12,
        "Basic EPS": 0.12,
        "Diluted NI Availto Com Stockholders": 15413000.0,
        "Net Income Common Stockholders": 15413000.0,
        "Otherunder Preferred Stock Dividend": 18000.0,
        "Net Income": 15431000.0,
        "Net Income Including Noncontrolling Interests": 15431000.0,
        "Net Income Continuous Operations": 15431000.0,
        "Tax Provision": 3667000.0,
        "Pretax Income": 19098000.0,
        "Gain On Sale Of Security": 0.0,
        "Selling General And Administration": 16092000.0,
        "Selling And Marketing Expense": 822000.0,
        "General And Administrative Expense": 15270000.0,
        "Insurance And Claims": 1038000.0,
        "Salaries And Wages": 14232000.0,
        "Total Revenue": 46332000.0,
        "Operating Revenue": 46332000.0,
        "Occupancy And Equipment": 3333000.0,
        "Other Non Interest Expense": 7132000.0
    },
    "2025-03-31": {
        "Tax Effect Of Unusual Items": 0.0,
        "Tax Rate For Calcs": 0.2,
        "Net Income From Continuing Operation Net Minority Interest": 15399000.0,
        "Reconciled Depreciation": 1952000.0,
        "Net Interest Income": 43840000.0,
        "Interest Expense": 54335000.0,
        "Interest Income": 98175000.0,
        "Normalized Income": 15399000.0,
        "Net Income From Continuing And Discontinued Operation": 15399000.0,
        "Diluted Average Shares": 130025900.0,
        "Basic Average Shares": 130025900.0,
        "Diluted EPS": 0.12,
        "Basic EPS": 0.12,
        "Diluted NI Availto Com Stockholders": 15381000.0,
        "Net Income Common Stockholders": 15381000.0,
        "Otherunder Preferred Stock Dividend": 18000.0,
        "Net Income": 15399000.0,
        "Net Income Including Noncontrolling Interests": 15399000.0,
        "Net Income Continuous Operations": 15399000.0,
        "Tax Provision": 3854000.0,
        "Pretax Income": 19253000.0,
        "Gain On Sale Of Security": 0.0,
        "Selling General And Administration": 16793000.0,
        "Selling And Marketing Expense": 760000.0,
        "General And Administrative Expense": 16033000.0,
        "Insurance And Claims": 1095000.0,
        "Salaries And Wages": 14938000.0,
        "Total Revenue": 47914000.0,
        "Operating Revenue": 47914000.0,
        "Occupancy And Equipment": 3502000.0,
        "Other Non Interest Expense": 8366000.0
    },
    "2025-06-30": {
        "Tax Effect Of Unusual Items": 0.0,
        "Tax Rate For Calcs": 0.15028,
        "Net Income From Continuing Operation Net Minority Interest": 18382000.0,
        "Reconciled Depreciation": 1915000.0,
        "Net Interest Income": 45458000.0,
        "Interest Expense": 54220000.0,
        "Interest Income": 99678000.0,
        "Normalized Income": 18382000.0,
        "Net Income From Continuing And Discontinued Operation": 18382000.0,
        "Diluted Average Shares": 130081065.0,
        "Basic Average Shares": 130081065.0,
        "Diluted EPS": 0.14,
        "Basic EPS": 0.14,
        "Diluted NI Availto Com Stockholders": 18360000.0,
        "Net Income Common Stockholders": 18360000.0,
        "Otherunder Preferred Stock Dividend": 22000.0,
        "Net Income": 18382000.0,
        "Net Income Including Noncontrolling Interests": 18382000.0,
        "Net Income Continuous Operations": 18382000.0,
        "Tax Provision": 3251000.0,
        "Pretax Income": 21633000.0,
        "Gain On Sale Of Security": 0.0,
        "Selling General And Administration": 17802000.0,
        "Selling And Marketing Expense": 1453000.0,
        "General And Administrative Expense": 16349000.0,
        "Insurance And Claims": 1072000.0,
        "Salaries And Wages": 15277000.0,
        "Total Revenue": 50031000.0,
        "Operating Revenue": 50031000.0,
        "Occupancy And Equipment": 3270000.0,
        "Other Non Interest Expense": 7777000.0
    }
}