{
    "2023-03-31": {
        "Tax Effect Of Unusual Items": 878.506622,
        "Tax Rate For Calcs": 0.001877,
        "Normalized EBITDA": -9420000.0,
        "Total Unusual Items": 468000.0,
        "Total Unusual Items Excluding Goodwill": 468000.0,
        "Net Income From Continuing Operation Net Minority Interest": -9571000.0,
        "Reconciled Depreciation": 921000.0,
        "Reconciled Cost Of Revenue": 7734000.0,
        "EBIT": -8952000.0,
        "Net Interest Income": -628000.0,
        "Interest Expense": 637000.0,
        "Interest Income": 9000.0,
        "Normalized Income": -10038121.493378,
        "Net Income From Continuing And Discontinued Operation": -9571000.0,
        "Total Expenses": 22266000.0,
        "Total Operating Income As Reported": -9429000.0,
        "Diluted Average Shares": 7253645.0,
        "Basic Average Shares": 7253645.0,
        "Diluted EPS": -1.32,
        "Basic EPS": -1.32,
        "Diluted NI Availto Com Stockholders": -9571000.0,
        "Net Income Common Stockholders": -9571000.0,
        "Net Income": -9571000.0,
        "Net Income Including Noncontrolling Interests": -9571000.0,
        "Net Income Continuous Operations": -9571000.0,
        "Tax Provision": -18000.0,
        "Pretax Income": -9589000.0,
        "Other Income Expense": 468000.0,
        "Gain On Sale Of Security": 468000.0,
        "Net Non Operating Interest Income Expense": -628000.0,
        "Interest Expense Non Operating": 637000.0,
        "Interest Income Non Operating": 9000.0,
        "Operating Income": -9429000.0,
        "Operating Expense": 14532000.0,
        "Research And Development": 2458000.0,
        "Selling General And Administration": 12074000.0,
        "Selling And Marketing Expense": 5051000.0,
        "General And Administrative Expense": 7023000.0,
        "Other Gand A": 7023000.0,
        "Gross Profit": 5103000.0,
        "Cost Of Revenue": 7734000.0,
        "Total Revenue": 12837000.0,
        "Operating Revenue": 12837000.0
    },
    "2022-12-31": {
        "Tax Effect Of Unusual Items": 1471600.0,
        "Tax Rate For Calcs": 0.4,
        "Normalized EBITDA": -6790000.0,
        "Total Unusual Items": 3679000.0,
        "Total Unusual Items Excluding Goodwill": 3679000.0,
        "Net Income From Continuing Operation Net Minority Interest": -3716000.0,
        "Reconciled Depreciation": 944000.0,
        "Reconciled Cost Of Revenue": 10265000.0,
        "EBIT": -3111000.0,
        "Net Interest Income": -579000.0,
        "Interest Expense": 589000.0,
        "Interest Income": 10000.0,
        "Normalized Income": -5923400.0,
        "Net Income From Continuing And Discontinued Operation": -3716000.0,
        "Total Expenses": 24220000.0,
        "Total Operating Income As Reported": -6800000.0,
        "Diluted Average Shares": 7248909.0,
        "Basic Average Shares": 7248909.0,
        "Diluted EPS": -0.51,
        "Basic EPS": -0.51,
        "Diluted NI Availto Com Stockholders": -3716000.0,
        "Net Income Common Stockholders": -3716000.0,
        "Net Income": -3716000.0,
        "Net Income Including Noncontrolling Interests": -3716000.0,
        "Net Income Continuous Operations": -3716000.0,
        "Tax Provision": 16000.0,
        "Pretax Income": -3700000.0,
        "Other Income Expense": 3679000.0,
        "Gain On Sale Of Security": 3679000.0,
        "Net Non Operating Interest Income Expense": -579000.0,
        "Interest Expense Non Operating": 589000.0,
        "Interest Income Non Operating": 10000.0,
        "Operating Income": -6800000.0,
        "Operating Expense": 13955000.0,
        "Research And Development": 3227000.0,
        "Selling General And Administration": 10728000.0,
        "Selling And Marketing Expense": 6519000.0,
        "General And Administrative Expense": 4209000.0,
        "Other Gand A": 4209000.0,
        "Gross Profit": 7155000.0,
        "Cost Of Revenue": 10265000.0,
        "Total Revenue": 17420000.0,
        "Operating Revenue": 17420000.0
    },
    "2022-09-30": {
        "Tax Effect Of Unusual Items": -1068800.0,
        "Tax Rate For Calcs": 0.4,
        "Normalized EBITDA": -11023000.0,
        "Total Unusual Items": -2672000.0,
        "Total Unusual Items Excluding Goodwill": -2672000.0,
        "Net Income From Continuing Operation Net Minority Interest": -15202000.0,
        "Reconciled Depreciation": 954000.0,
        "Reconciled Cost Of Revenue": 8927000.0,
        "EBIT": -14649000.0,
        "Net Interest Income": -514000.0,
        "Interest Expense": 526000.0,
        "Interest Income": 12000.0,
        "Normalized Income": -13598800.0,
        "Net Income From Continuing And Discontinued Operation": -15202000.0,
        "Total Expenses": 25773000.0,
        "Total Operating Income As Reported": -11989000.0,
        "Diluted Average Shares": 7248648.0,
        "Basic Average Shares": 7248648.0,
        "Diluted EPS": -2.0,
        "Basic EPS": -2.0,
        "Diluted NI Availto Com Stockholders": -15202000.0,
        "Net Income Common Stockholders": -15202000.0,
        "Net Income": -15202000.0,
        "Net Income Including Noncontrolling Interests": -15202000.0,
        "Net Income Continuous Operations": -15202000.0,
        "Tax Provision": 27000.0,
        "Pretax Income": -15175000.0,
        "Other Income Expense": -2672000.0,
        "Gain On Sale Of Security": -2672000.0,
        "Net Non Operating Interest Income Expense": -514000.0,
        "Interest Expense Non Operating": 526000.0,
        "Interest Income Non Operating": 12000.0,
        "Operating Income": -11989000.0,
        "Operating Expense": 16846000.0,
        "Research And Development": 3676000.0,
        "Selling General And Administration": 13170000.0,
        "Selling And Marketing Expense": 5562000.0,
        "General And Administrative Expense": 7608000.0,
        "Other Gand A": 7608000.0,
        "Gross Profit": 4857000.0,
        "Cost Of Revenue": 8927000.0,
        "Total Revenue": 13784000.0,
        "Operating Revenue": 13784000.0
    },
    "2022-06-30": {
        "Tax Effect Of Unusual Items": -15565.796211,
        "Tax Rate For Calcs": 0.0064,
        "Normalized EBITDA": -11712000.0,
        "Total Unusual Items": -2432000.0,
        "Total Unusual Items Excluding Goodwill": -2432000.0,
        "Net Income From Continuing Operation Net Minority Interest": -15524000.0,
        "Reconciled Depreciation": 1027000.0,
        "Reconciled Cost Of Revenue": 9835000.0,
        "EBIT": -15171000.0,
        "Net Interest Income": -439000.0,
        "Interest Expense": 453000.0,
        "Interest Income": 14000.0,
        "Normalized Income": -13107565.796211,
        "Net Income From Continuing And Discontinued Operation": -15524000.0,
        "Total Expenses": 28048000.0,
        "Total Operating Income As Reported": -12753000.0,
        "Diluted Average Shares": 7211851.0,
        "Basic Average Shares": 7211851.0,
        "Diluted EPS": -2.15,
        "Basic EPS": -2.15,
        "Diluted NI Availto Com Stockholders": -15524000.0,
        "Net Income Common Stockholders": -15524000.0,
        "Net Income": -15524000.0,
        "Net Income Including Noncontrolling Interests": -15524000.0,
        "Net Income Continuous Operations": -15524000.0,
        "Tax Provision": -100000.0,
        "Pretax Income": -15624000.0,
        "Other Income Expense": -2432000.0,
        "Gain On Sale Of Security": -2432000.0,
        "Net Non Operating Interest Income Expense": -439000.0,
        "Interest Expense Non Operating": 453000.0,
        "Interest Income Non Operating": 14000.0,
        "Operating Income": -12753000.0,
        "Operating Expense": 18213000.0,
        "Research And Development": 3958000.0,
        "Selling General And Administration": 14255000.0,
        "Selling And Marketing Expense": 6562000.0,
        "General And Administrative Expense": 7693000.0,
        "Other Gand A": 7693000.0,
        "Gross Profit": 5460000.0,
        "Cost Of Revenue": 9835000.0,
        "Total Revenue": 15295000.0,
        "Operating Revenue": 15295000.0
    },
    "2023-06-30": {
        "Tax Effect Of Unusual Items": -5200.0,
        "Tax Rate For Calcs": 0.4,
        "Normalized EBITDA": -11385000.0,
        "Total Unusual Items": -13000.0,
        "Total Unusual Items Excluding Goodwill": -13000.0,
        "Net Income From Continuing Operation Net Minority Interest": -13011000.0,
        "Reconciled Depreciation": 914000.0,
        "Reconciled Cost Of Revenue": 11189000.0,
        "EBIT": -12312000.0,
        "Net Interest Income": -662000.0,
        "Interest Expense": 668000.0,
        "Interest Income": 6000.0,
        "Normalized Income": -13003200.0,
        "Net Income From Continuing And Discontinued Operation": -13011000.0,
        "Total Expenses": 25328000.0,
        "Total Operating Income As Reported": -12305000.0,
        "Diluted Average Shares": 7316286.0,
        "Basic Average Shares": 7316286.0,
        "Diluted EPS": -1.78,
        "Basic EPS": -1.78,
        "Diluted NI Availto Com Stockholders": -13011000.0,
        "Net Income Common Stockholders": -13011000.0,
        "Net Income": -13011000.0,
        "Net Income Including Noncontrolling Interests": -13011000.0,
        "Net Income Continuous Operations": -13011000.0,
        "Tax Provision": 31000.0,
        "Pretax Income": -12980000.0,
        "Other Income Expense": -13000.0,
        "Gain On Sale Of Security": -13000.0,
        "Net Non Operating Interest Income Expense": -662000.0,
        "Interest Expense Non Operating": 668000.0,
        "Interest Income Non Operating": 6000.0,
        "Operating Income": -12305000.0,
        "Operating Expense": 14139000.0,
        "Research And Development": 2158000.0,
        "Selling General And Administration": 11981000.0,
        "Selling And Marketing Expense": 4063000.0,
        "General And Administrative Expense": 7918000.0,
        "Other Gand A": 7918000.0,
        "Gross Profit": 1834000.0,
        "Cost Of Revenue": 11189000.0,
        "Total Revenue": 13023000.0,
        "Operating Revenue": 13023000.0
    },
    "2022-03-31": {
        "Diluted EPS": -2.24,
        "Total Revenue": 16,
        "Gross Profit": 6,
        "Operating Income": -15,
        "EBIT": -14,
        "Net Income": -16
    },
    "2021-12-31": {
        "Diluted EPS": -1.61,
        "Total Revenue": 15,
        "Gross Profit": 6,
        "Operating Income": -13,
        "EBIT": -12,
        "Net Income": -16
    },
    "2021-09-30": {
        "Diluted EPS": -1.75,
        "Total Revenue": 14,
        "Gross Profit": 6,
        "Operating Income": -11,
        "EBIT": -10,
        "Net Income": -13
    },
    "2021-06-30": {
        "Diluted EPS": 5.25,
        "Total Revenue": 56,
        "Gross Profit": 48,
        "Operating Income": 31,
        "EBIT": 32,
        "Net Income": 38
    },
    "2021-03-31": {
        "Diluted EPS": -2.25,
        "Total Revenue": 14,
        "Gross Profit": 6,
        "Operating Income": -9,
        "EBIT": -8,
        "Net Income": -12
    },
    "2020-12-31": {
        "Diluted EPS": -2.0,
        "Total Revenue": 17,
        "Gross Profit": 8,
        "Operating Income": -8,
        "EBIT": -7,
        "Net Income": -7
    },
    "2020-09-30": {
        "Diluted EPS": -2.25,
        "Total Revenue": 16,
        "Gross Profit": 8,
        "Operating Income": -7,
        "EBIT": -6,
        "Net Income": -6
    },
    "2020-06-30": {
        "Diluted EPS": -0.75,
        "Total Revenue": 19,
        "Gross Profit": 11,
        "Operating Income": -2,
        "EBIT": -1,
        "Net Income": -2
    },
    "2020-03-31": {
        "Diluted EPS": -3.5,
        "Total Revenue": 16,
        "Gross Profit": 7,
        "Operating Income": -8,
        "EBIT": -7,
        "Net Income": -9
    },
    "2019-12-31": {
        "Diluted EPS": -2.0,
        "Total Revenue": 20,
        "Gross Profit": 10,
        "Operating Income": -6,
        "EBIT": -5,
        "Net Income": -5
    },
    "2019-09-30": {
        "Diluted EPS": -3.25,
        "Total Revenue": 17,
        "Gross Profit": 8,
        "Operating Income": -7,
        "EBIT": -6,
        "Net Income": -9
    },
    "2019-06-30": {
        "Diluted EPS": -2.75,
        "Total Revenue": 20,
        "Gross Profit": 10,
        "Operating Income": -6,
        "EBIT": -5,
        "Net Income": -7
    },
    "2019-03-31": {
        "Diluted EPS": -3.0,
        "Total Revenue": 21,
        "Gross Profit": 10,
        "Operating Income": -7,
        "EBIT": -6,
        "Net Income": -8
    },
    "2018-12-31": {
        "Diluted EPS": -4.0,
        "Total Revenue": 22,
        "Gross Profit": 11,
        "Operating Income": -8,
        "EBIT": -7,
        "Net Income": -10
    },
    "2018-09-30": {
        "Diluted EPS": -3.0,
        "Total Revenue": 29,
        "Gross Profit": 20,
        "Operating Income": -7,
        "EBIT": 1,
        "Net Income": -7
    },
    "2018-06-30": {
        "Diluted EPS": -6.0,
        "Total Revenue": 19,
        "Gross Profit": 9,
        "Operating Income": -11,
        "EBIT": -10,
        "Net Income": -14
    },
    "2018-03-31": {
        "Diluted EPS": -5.5,
        "Total Revenue": 20,
        "Gross Profit": 9,
        "Operating Income": -12,
        "EBIT": -11,
        "Net Income": -12
    },
    "2017-12-31": {
        "Diluted EPS": -6.75,
        "Total Revenue": 21,
        "Gross Profit": 9,
        "Operating Income": -12,
        "EBIT": -11,
        "Net Income": -12
    },
    "2017-09-30": {
        "Diluted EPS": -7.25,
        "Total Revenue": 18,
        "Gross Profit": 7,
        "Operating Income": -13,
        "EBIT": -12,
        "Net Income": -12
    },
    "2017-06-30": {
        "Diluted EPS": -7.0,
        "Total Revenue": 18,
        "Gross Profit": 6,
        "Operating Income": -14,
        "EBIT": -13,
        "Net Income": -12
    },
    "2017-03-31": {
        "Diluted EPS": -10.0,
        "Total Revenue": 20,
        "Gross Profit": 6,
        "Operating Income": -17,
        "EBIT": -16,
        "Net Income": -17
    },
    "2016-12-31": {
        "Diluted EPS": -9.25,
        "Total Revenue": 22,
        "Gross Profit": 8,
        "Operating Income": -14,
        "EBIT": -13,
        "Net Income": -16
    },
    "2016-09-30": {
        "Diluted EPS": -7.75,
        "Total Revenue": 19,
        "Gross Profit": 6,
        "Operating Income": -13,
        "EBIT": -12,
        "Net Income": -13
    },
    "2016-06-30": {
        "Diluted EPS": -8.5,
        "Total Revenue": 19,
        "Gross Profit": 6,
        "Operating Income": -14,
        "EBIT": -13,
        "Net Income": -14
    },
    "2016-03-31": {
        "Diluted EPS": -9.25,
        "Total Revenue": 20,
        "Gross Profit": 7,
        "Operating Income": -15,
        "EBIT": -14,
        "Net Income": -15
    },
    "2015-12-31": {
        "Diluted EPS": 92.0,
        "Total Revenue": 19,
        "Gross Profit": 6,
        "Operating Income": -15,
        "EBIT": -14,
        "Net Income": -15
    },
    "2015-09-30": {
        "Diluted EPS": -11.25,
        "Total Revenue": 14,
        "Gross Profit": 3,
        "Operating Income": -16,
        "EBIT": -15,
        "Net Income": -17
    },
    "2015-06-30": {
        "Diluted EPS": -62.75,
        "Total Revenue": 19,
        "Gross Profit": 8,
        "Operating Income": -11,
        "EBIT": -10,
        "Net Income": -11
    },
    "2015-03-31": {
        "Diluted EPS": -83.0,
        "Total Revenue": 15,
        "Gross Profit": 5,
        "Operating Income": -14,
        "EBIT": -14,
        "Net Income": -14
    },
    "2014-12-31": {
        "Diluted EPS": 0.0,
        "Total Revenue": NaN,
        "Gross Profit": NaN,
        "Operating Income": NaN,
        "EBIT": NaN,
        "Net Income": NaN
    },
    "2014-09-30": {
        "Diluted EPS": -61.0,
        "Total Revenue": 12,
        "Gross Profit": 5,
        "Operating Income": -10,
        "EBIT": -10,
        "Net Income": -10
    },
    "2014-06-30": {
        "Diluted EPS": -62.25,
        "Total Revenue": 11,
        "Gross Profit": 4,
        "Operating Income": -11,
        "EBIT": -11,
        "Net Income": -11
    },
    "2013-12-31": {
        "Diluted EPS": 0.0,
        "Total Revenue": NaN,
        "Gross Profit": NaN,
        "Operating Income": NaN,
        "EBIT": NaN,
        "Net Income": NaN
    }
}