{
    "2023-06-30": {
        "Tax Effect Of Unusual Items": NaN,
        "Tax Rate For Calcs": NaN,
        "Normalized EBITDA": NaN,
        "Total Unusual Items": NaN,
        "Total Unusual Items Excluding Goodwill": NaN,
        "Net Income From Continuing Operation Net Minority Interest": NaN,
        "Reconciled Depreciation": NaN,
        "Reconciled Cost Of Revenue": NaN,
        "EBITDA": NaN,
        "EBIT": NaN,
        "Net Interest Income": NaN,
        "Interest Expense": NaN,
        "Interest Income": NaN,
        "Normalized Income": NaN,
        "Net Income From Continuing And Discontinued Operation": NaN,
        "Total Expenses": NaN,
        "Total Operating Income As Reported": NaN,
        "Diluted Average Shares": 219669000.0,
        "Basic Average Shares": 218384000.0,
        "Diluted EPS": -0.18,
        "Basic EPS": -0.18,
        "Diluted NI Availto Com Stockholders": NaN,
        "Average Dilution Earnings": NaN,
        "Net Income Common Stockholders": NaN,
        "Net Income": NaN,
        "Net Income Including Noncontrolling Interests": NaN,
        "Net Income Continuous Operations": NaN,
        "Tax Provision": NaN,
        "Pretax Income": NaN,
        "Other Income Expense": NaN,
        "Other Non Operating Income Expenses": NaN,
        "Special Income Charges": NaN,
        "Gain On Sale Of Ppe": -1493000.0,
        "Restructuring And Mergern Acquisition": 0.0,
        "Gain On Sale Of Security": NaN,
        "Net Non Operating Interest Income Expense": NaN,
        "Interest Expense Non Operating": NaN,
        "Interest Income Non Operating": NaN,
        "Operating Income": NaN,
        "Operating Expense": NaN,
        "Other Operating Expenses": NaN,
        "Selling General And Administration": NaN,
        "Selling And Marketing Expense": NaN,
        "General And Administrative Expense": NaN,
        "Other Gand A": NaN,
        "Salaries And Wages": NaN,
        "Gross Profit": NaN,
        "Cost Of Revenue": NaN,
        "Total Revenue": NaN,
        "Operating Revenue": NaN
    },
    "2023-03-31": {
        "Tax Effect Of Unusual Items": NaN,
        "Tax Rate For Calcs": NaN,
        "Normalized EBITDA": NaN,
        "Total Unusual Items": NaN,
        "Total Unusual Items Excluding Goodwill": NaN,
        "Net Income From Continuing Operation Net Minority Interest": NaN,
        "Reconciled Depreciation": NaN,
        "Reconciled Cost Of Revenue": NaN,
        "EBITDA": NaN,
        "EBIT": NaN,
        "Net Interest Income": NaN,
        "Interest Expense": NaN,
        "Interest Income": NaN,
        "Normalized Income": NaN,
        "Net Income From Continuing And Discontinued Operation": NaN,
        "Total Expenses": NaN,
        "Total Operating Income As Reported": NaN,
        "Diluted Average Shares": 219765000.0,
        "Basic Average Shares": 218575000.0,
        "Diluted EPS": -0.34,
        "Basic EPS": -0.34,
        "Diluted NI Availto Com Stockholders": NaN,
        "Average Dilution Earnings": NaN,
        "Net Income Common Stockholders": NaN,
        "Net Income": NaN,
        "Net Income Including Noncontrolling Interests": NaN,
        "Net Income Continuous Operations": NaN,
        "Tax Provision": NaN,
        "Pretax Income": NaN,
        "Other Income Expense": NaN,
        "Other Non Operating Income Expenses": NaN,
        "Special Income Charges": NaN,
        "Gain On Sale Of Ppe": NaN,
        "Restructuring And Mergern Acquisition": 0.0,
        "Gain On Sale Of Security": NaN,
        "Net Non Operating Interest Income Expense": NaN,
        "Interest Expense Non Operating": NaN,
        "Interest Income Non Operating": NaN,
        "Operating Income": NaN,
        "Operating Expense": NaN,
        "Other Operating Expenses": NaN,
        "Selling General And Administration": NaN,
        "Selling And Marketing Expense": NaN,
        "General And Administrative Expense": NaN,
        "Other Gand A": NaN,
        "Gross Profit": NaN,
        "Cost Of Revenue": NaN,
        "Total Revenue": NaN,
        "Operating Revenue": NaN
    },
    "2022-12-31": {
        "Tax Effect Of Unusual Items": NaN,
        "Tax Rate For Calcs": NaN,
        "Normalized EBITDA": NaN,
        "Total Unusual Items": NaN,
        "Total Unusual Items Excluding Goodwill": NaN,
        "Net Income From Continuing Operation Net Minority Interest": NaN,
        "Reconciled Depreciation": NaN,
        "Reconciled Cost Of Revenue": NaN,
        "EBITDA": NaN,
        "EBIT": NaN,
        "Net Interest Income": NaN,
        "Interest Expense": NaN,
        "Interest Income": NaN,
        "Normalized Income": NaN,
        "Net Income From Continuing And Discontinued Operation": NaN,
        "Total Expenses": NaN,
        "Total Operating Income As Reported": NaN,
        "Diluted Average Shares": NaN,
        "Basic Average Shares": NaN,
        "Diluted EPS": NaN,
        "Basic EPS": NaN,
        "Diluted NI Availto Com Stockholders": NaN,
        "Average Dilution Earnings": NaN,
        "Net Income Common Stockholders": NaN,
        "Net Income": NaN,
        "Net Income Including Noncontrolling Interests": NaN,
        "Net Income Discontinuous Operations": 0.0,
        "Net Income Continuous Operations": NaN,
        "Tax Provision": NaN,
        "Pretax Income": NaN,
        "Other Income Expense": NaN,
        "Other Non Operating Income Expenses": NaN,
        "Special Income Charges": NaN,
        "Gain On Sale Of Ppe": NaN,
        "Gain On Sale Of Business": 0.0,
        "Other Special Charges": -4220000.0,
        "Restructuring And Mergern Acquisition": NaN,
        "Gain On Sale Of Security": NaN,
        "Net Non Operating Interest Income Expense": NaN,
        "Interest Expense Non Operating": NaN,
        "Interest Income Non Operating": NaN,
        "Operating Income": NaN,
        "Operating Expense": NaN,
        "Other Operating Expenses": NaN,
        "Selling General And Administration": NaN,
        "Selling And Marketing Expense": NaN,
        "General And Administrative Expense": NaN,
        "Other Gand A": NaN,
        "Salaries And Wages": 1805000.0,
        "Gross Profit": NaN,
        "Cost Of Revenue": NaN,
        "Total Revenue": NaN,
        "Operating Revenue": NaN
    },
    "2022-09-30": {
        "Tax Effect Of Unusual Items": NaN,
        "Tax Rate For Calcs": NaN,
        "Normalized EBITDA": NaN,
        "Total Unusual Items": NaN,
        "Total Unusual Items Excluding Goodwill": NaN,
        "Net Income From Continuing Operation Net Minority Interest": NaN,
        "Reconciled Depreciation": NaN,
        "Reconciled Cost Of Revenue": NaN,
        "EBITDA": NaN,
        "EBIT": NaN,
        "Net Interest Income": NaN,
        "Interest Expense": NaN,
        "Interest Income": NaN,
        "Normalized Income": NaN,
        "Net Income From Continuing And Discontinued Operation": NaN,
        "Total Expenses": NaN,
        "Total Operating Income As Reported": NaN,
        "Diluted Average Shares": NaN,
        "Basic Average Shares": NaN,
        "Diluted EPS": NaN,
        "Basic EPS": NaN,
        "Diluted NI Availto Com Stockholders": NaN,
        "Average Dilution Earnings": NaN,
        "Net Income Common Stockholders": NaN,
        "Net Income": NaN,
        "Net Income Including Noncontrolling Interests": NaN,
        "Net Income Discontinuous Operations": 0.0,
        "Net Income Continuous Operations": NaN,
        "Tax Provision": NaN,
        "Pretax Income": NaN,
        "Other Income Expense": NaN,
        "Other Non Operating Income Expenses": NaN,
        "Special Income Charges": NaN,
        "Gain On Sale Of Business": 0.0,
        "Other Special Charges": 5340000.0,
        "Restructuring And Mergern Acquisition": NaN,
        "Gain On Sale Of Security": NaN,
        "Net Non Operating Interest Income Expense": NaN,
        "Interest Expense Non Operating": NaN,
        "Interest Income Non Operating": NaN,
        "Operating Income": NaN,
        "Operating Expense": NaN,
        "Other Operating Expenses": NaN,
        "Selling General And Administration": NaN,
        "Selling And Marketing Expense": NaN,
        "General And Administrative Expense": NaN,
        "Other Gand A": NaN,
        "Salaries And Wages": -2746000.0,
        "Gross Profit": NaN,
        "Cost Of Revenue": NaN,
        "Total Revenue": NaN,
        "Operating Revenue": NaN
    },
    "2022-06-30": {
        "Tax Effect Of Unusual Items": -504800.0,
        "Tax Rate For Calcs": 0.4,
        "Normalized EBITDA": 33087000.0,
        "Total Unusual Items": -1262000.0,
        "Total Unusual Items Excluding Goodwill": -1262000.0,
        "Net Income From Continuing Operation Net Minority Interest": -2649000.0,
        "Reconciled Depreciation": 29204000.0,
        "Reconciled Cost Of Revenue": 168290000.0,
        "EBITDA": 31825000.0,
        "EBIT": 2621000.0,
        "Net Interest Income": -2680000.0,
        "Interest Expense": 2680000.0,
        "Interest Income": NaN,
        "Normalized Income": -1891800.0,
        "Net Income From Continuing And Discontinued Operation": -2649000.0,
        "Total Expenses": 163771000.0,
        "Total Operating Income As Reported": 3883000.0,
        "Diluted Average Shares": 297455000.0,
        "Basic Average Shares": 297455000.0,
        "Diluted EPS": -0.01,
        "Basic EPS": -0.01,
        "Diluted NI Availto Com Stockholders": -3875000.0,
        "Average Dilution Earnings": -1226000.0,
        "Net Income Common Stockholders": -2649000.0,
        "Net Income": -2649000.0,
        "Net Income Including Noncontrolling Interests": -2649000.0,
        "Net Income Discontinuous Operations": 0.0,
        "Net Income Continuous Operations": -2649000.0,
        "Tax Provision": 2590000.0,
        "Pretax Income": -59000.0,
        "Other Income Expense": -1262000.0,
        "Other Non Operating Income Expenses": NaN,
        "Special Income Charges": -3179000.0,
        "Gain On Sale Of Business": 0.0,
        "Other Special Charges": 3179000.0,
        "Impairment Of Capital Assets": NaN,
        "Gain On Sale Of Security": 1917000.0,
        "Net Non Operating Interest Income Expense": -2680000.0,
        "Interest Expense Non Operating": 2680000.0,
        "Interest Income Non Operating": NaN,
        "Operating Income": 3883000.0,
        "Operating Expense": -4519000.0,
        "Other Operating Expenses": -27019000.0,
        "Selling General And Administration": 14695000.0,
        "Selling And Marketing Expense": 3184000.0,
        "General And Administrative Expense": 11511000.0,
        "Other Gand A": 11754000.0,
        "Salaries And Wages": -243000.0,
        "Gross Profit": -636000.0,
        "Cost Of Revenue": 168290000.0,
        "Total Revenue": 167654000.0,
        "Operating Revenue": 200055000.0
    },
    "2022-03-31": {
        "Diluted EPS": 0.3,
        "Total Revenue": 295,
        "Gross Profit": 114,
        "Operating Income": 125,
        "EBIT": 164,
        "Net Income": 89
    },
    "2021-12-31": {
        "Diluted EPS": 0.94,
        "Total Revenue": 251,
        "Gross Profit": 88,
        "Operating Income": 198,
        "EBIT": 231,
        "Net Income": 275
    },
    "2021-09-30": {
        "Diluted EPS": 0.09,
        "Total Revenue": 221,
        "Gross Profit": 69,
        "Operating Income": 44,
        "EBIT": 76,
        "Net Income": 28
    },
    "2021-06-30": {
        "Diluted EPS": -2.87,
        "Total Revenue": 202,
        "Gross Profit": 65,
        "Operating Income": 29,
        "EBIT": 55,
        "Net Income": -852
    },
    "2021-03-31": {
        "Diluted EPS": 0.55,
        "Total Revenue": 226,
        "Gross Profit": 70,
        "Operating Income": 63,
        "EBIT": 99,
        "Net Income": 167
    },
    "2020-12-31": {
        "Diluted EPS": 0.36,
        "Total Revenue": -39,
        "Gross Profit": -49,
        "Operating Income": -37,
        "EBIT": -11,
        "Net Income": 102
    },
    "2020-09-30": {
        "Diluted EPS": 0.68,
        "Total Revenue": 251,
        "Gross Profit": 117,
        "Operating Income": 88,
        "EBIT": 120,
        "Net Income": 206
    },
    "2020-06-30": {
        "Diluted EPS": 0.27,
        "Total Revenue": 130,
        "Gross Profit": 18,
        "Operating Income": -40,
        "EBIT": -72,
        "Net Income": 81
    },
    "2020-03-31": {
        "Diluted EPS": 0.06,
        "Total Revenue": 379,
        "Gross Profit": 130,
        "Operating Income": 34,
        "EBIT": 109,
        "Net Income": 20
    },
    "2019-12-31": {
        "Diluted EPS": -0.04,
        "Total Revenue": 313,
        "Gross Profit": 95,
        "Operating Income": -10,
        "EBIT": 51,
        "Net Income": -12
    },
    "2019-09-30": {
        "Diluted EPS": -0.56,
        "Total Revenue": 388,
        "Gross Profit": 149,
        "Operating Income": -164,
        "EBIT": -95,
        "Net Income": -165
    },
    "2019-06-30": {
        "Diluted EPS": 0.11,
        "Total Revenue": 341,
        "Gross Profit": 99,
        "Operating Income": 36,
        "EBIT": 97,
        "Net Income": 33
    },
    "2019-03-31": {
        "Diluted EPS": 0.17,
        "Total Revenue": 334,
        "Gross Profit": 108,
        "Operating Income": 52,
        "EBIT": 108,
        "Net Income": 50
    },
    "2018-12-31": {
        "Diluted EPS": 0.17,
        "Total Revenue": 392,
        "Gross Profit": 146,
        "Operating Income": 48,
        "EBIT": 112,
        "Net Income": 49
    },
    "2018-09-30": {
        "Diluted EPS": 0.02,
        "Total Revenue": 259,
        "Gross Profit": 70,
        "Operating Income": 21,
        "EBIT": 70,
        "Net Income": 6
    },
    "2018-06-30": {
        "Diluted EPS": 0.19,
        "Total Revenue": 243,
        "Gross Profit": 56,
        "Operating Income": 9,
        "EBIT": 54,
        "Net Income": 44
    },
    "2018-03-31": {
        "Diluted EPS": 0.03,
        "Total Revenue": 235,
        "Gross Profit": 72,
        "Operating Income": 21,
        "EBIT": 63,
        "Net Income": 9
    },
    "2017-12-31": {
        "Diluted EPS": 0.0,
        "Total Revenue": NaN,
        "Gross Profit": NaN,
        "Operating Income": NaN,
        "EBIT": NaN,
        "Net Income": NaN
    },
    "2023-09-30": {
        "Tax Effect Of Unusual Items": NaN,
        "Tax Rate For Calcs": NaN,
        "Normalized EBITDA": NaN,
        "Total Unusual Items": NaN,
        "Total Unusual Items Excluding Goodwill": NaN,
        "Net Income From Continuing Operation Net Minority Interest": NaN,
        "Reconciled Depreciation": NaN,
        "Reconciled Cost Of Revenue": NaN,
        "EBITDA": NaN,
        "EBIT": NaN,
        "Net Interest Income": NaN,
        "Interest Expense": NaN,
        "Interest Income": NaN,
        "Normalized Income": NaN,
        "Net Income From Continuing And Discontinued Operation": NaN,
        "Total Expenses": NaN,
        "Total Operating Income As Reported": NaN,
        "Diluted Average Shares": 218782000.0,
        "Basic Average Shares": 216342000.0,
        "Diluted EPS": 0.27,
        "Basic EPS": 0.28,
        "Diluted NI Availto Com Stockholders": NaN,
        "Average Dilution Earnings": NaN,
        "Net Income Common Stockholders": NaN,
        "Net Income": NaN,
        "Net Income Including Noncontrolling Interests": NaN,
        "Net Income Continuous Operations": NaN,
        "Tax Provision": NaN,
        "Pretax Income": NaN,
        "Other Income Expense": NaN,
        "Other Non Operating Income Expenses": NaN,
        "Special Income Charges": NaN,
        "Gain On Sale Of Ppe": -96000.0,
        "Gain On Sale Of Business": NaN,
        "Restructuring And Mergern Acquisition": 0.0,
        "Gain On Sale Of Security": NaN,
        "Net Non Operating Interest Income Expense": NaN,
        "Interest Expense Non Operating": NaN,
        "Interest Income Non Operating": NaN,
        "Operating Income": NaN,
        "Operating Expense": NaN,
        "Other Operating Expenses": NaN,
        "Selling General And Administration": NaN,
        "Selling And Marketing Expense": NaN,
        "General And Administrative Expense": NaN,
        "Other Gand A": NaN,
        "Salaries And Wages": 1516000.0,
        "Gross Profit": NaN,
        "Cost Of Revenue": NaN,
        "Total Revenue": NaN,
        "Operating Revenue": NaN
    },
    "2023-12-31": {
        "Tax Effect Of Unusual Items": -17233600.0,
        "Tax Rate For Calcs": 0.4,
        "Normalized EBITDA": 83448000.0,
        "Total Unusual Items": -43084000.0,
        "Total Unusual Items Excluding Goodwill": -43084000.0,
        "Net Income From Continuing Operation Net Minority Interest": -28768000.0,
        "Reconciled Depreciation": 41612000.0,
        "Reconciled Cost Of Revenue": 201892000.0,
        "EBITDA": 40364000.0,
        "EBIT": -1248000.0,
        "Net Interest Income": 11435000.0,
        "Interest Expense": -11406000.0,
        "Interest Income": 5750000.0,
        "Normalized Income": -2917600.0,
        "Net Income From Continuing And Discontinued Operation": -28768000.0,
        "Total Expenses": 300332000.0,
        "Total Operating Income As Reported": 14491000.0,
        "Diluted Average Shares": NaN,
        "Basic Average Shares": NaN,
        "Diluted EPS": NaN,
        "Basic EPS": NaN,
        "Diluted NI Availto Com Stockholders": -28706000.0,
        "Average Dilution Earnings": 62000.0,
        "Net Income Common Stockholders": -28768000.0,
        "Net Income": -28768000.0,
        "Net Income Including Noncontrolling Interests": -28768000.0,
        "Net Income Continuous Operations": -28768000.0,
        "Tax Provision": 38926000.0,
        "Pretax Income": 10158000.0,
        "Other Income Expense": -40902000.0,
        "Other Non Operating Income Expenses": 2182000.0,
        "Special Income Charges": -35607000.0,
        "Gain On Sale Of Ppe": NaN,
        "Restructuring And Mergern Acquisition": NaN,
        "Gain On Sale Of Security": -7477000.0,
        "Net Non Operating Interest Income Expense": 11435000.0,
        "Interest Expense Non Operating": -11406000.0,
        "Interest Income Non Operating": 5750000.0,
        "Operating Income": 39625000.0,
        "Operating Expense": 98440000.0,
        "Other Operating Expenses": 77289000.0,
        "Selling General And Administration": 14699000.0,
        "Selling And Marketing Expense": 2994000.0,
        "General And Administrative Expense": 11705000.0,
        "Other Gand A": 2473000.0,
        "Salaries And Wages": NaN,
        "Gross Profit": 138065000.0,
        "Cost Of Revenue": 201892000.0,
        "Total Revenue": 339957000.0,
        "Operating Revenue": 336067000.0
    },
    "2024-03-31": {
        "Tax Effect Of Unusual Items": 1505283.920616,
        "Tax Rate For Calcs": 0.310112,
        "Normalized EBITDA": 129530000.0,
        "Total Unusual Items": 4854000.0,
        "Total Unusual Items Excluding Goodwill": 4854000.0,
        "Net Income From Continuing Operation Net Minority Interest": 66430000.0,
        "Reconciled Depreciation": 34732000.0,
        "Reconciled Cost Of Revenue": 207179000.0,
        "EBITDA": 134384000.0,
        "EBIT": 99652000.0,
        "Net Interest Income": 4729000.0,
        "Interest Expense": 3361000.0,
        "Interest Income": 8090000.0,
        "Normalized Income": 63081283.920616,
        "Net Income From Continuing And Discontinued Operation": 66430000.0,
        "Total Expenses": 218185000.0,
        "Total Operating Income As Reported": 83682000.0,
        "Diluted Average Shares": 218985000.0,
        "Basic Average Shares": 215153000.0,
        "Diluted EPS": 0.3,
        "Basic EPS": 0.31,
        "Diluted NI Availto Com Stockholders": 65451000.0,
        "Average Dilution Earnings": -979000.0,
        "Net Income Common Stockholders": 66430000.0,
        "Net Income": 66430000.0,
        "Net Income Including Noncontrolling Interests": 66430000.0,
        "Net Income Continuous Operations": 66430000.0,
        "Tax Provision": 29861000.0,
        "Pretax Income": 96291000.0,
        "Other Income Expense": 3868000.0,
        "Other Non Operating Income Expenses": -986000.0,
        "Special Income Charges": -2512000.0,
        "Gain On Sale Of Ppe": NaN,
        "Gain On Sale Of Business": 0.0,
        "Restructuring And Mergern Acquisition": 2512000.0,
        "Gain On Sale Of Security": 7366000.0,
        "Net Non Operating Interest Income Expense": 4729000.0,
        "Interest Expense Non Operating": 3361000.0,
        "Interest Income Non Operating": 8090000.0,
        "Operating Income": 87694000.0,
        "Operating Expense": 11006000.0,
        "Other Operating Expenses": -7266000.0,
        "Selling General And Administration": 12380000.0,
        "Selling And Marketing Expense": 2402000.0,
        "General And Administrative Expense": 9978000.0,
        "Other Gand A": 9010000.0,
        "Salaries And Wages": 968000.0,
        "Gross Profit": 98700000.0,
        "Cost Of Revenue": 207179000.0,
        "Total Revenue": 305879000.0,
        "Operating Revenue": 304759000.0
    },
    "2024-06-30": {
        "Tax Effect Of Unusual Items": -1196572.067684,
        "Tax Rate For Calcs": 0.320453,
        "Normalized EBITDA": 91925000.0,
        "Total Unusual Items": -3734000.0,
        "Total Unusual Items Excluding Goodwill": -3734000.0,
        "Net Income From Continuing Operation Net Minority Interest": 37670000.0,
        "Reconciled Depreciation": 28967000.0,
        "Reconciled Cost Of Revenue": 189998000.0,
        "EBITDA": 88191000.0,
        "EBIT": 59224000.0,
        "Net Interest Income": 4077000.0,
        "Interest Expense": 3790000.0,
        "Interest Income": 7867000.0,
        "Normalized Income": 40207427.932316,
        "Net Income From Continuing And Discontinued Operation": 37670000.0,
        "Total Expenses": 227269000.0,
        "Total Operating Income As Reported": 47641000.0,
        "Diluted Average Shares": 211352000.0,
        "Basic Average Shares": 211352000.0,
        "Diluted EPS": 0.18,
        "Basic EPS": 0.18,
        "Diluted NI Availto Com Stockholders": 37683000.0,
        "Average Dilution Earnings": 13000.0,
        "Net Income Common Stockholders": 37670000.0,
        "Net Income": 37670000.0,
        "Net Income Including Noncontrolling Interests": 37670000.0,
        "Net Income Continuous Operations": 37670000.0,
        "Tax Provision": 17764000.0,
        "Pretax Income": 55434000.0,
        "Other Income Expense": -3684000.0,
        "Other Non Operating Income Expenses": 50000.0,
        "Special Income Charges": 517000.0,
        "Gain On Sale Of Ppe": 517000.0,
        "Gain On Sale Of Business": NaN,
        "Restructuring And Mergern Acquisition": 0.0,
        "Gain On Sale Of Security": -4251000.0,
        "Net Non Operating Interest Income Expense": 4077000.0,
        "Interest Expense Non Operating": 3790000.0,
        "Interest Income Non Operating": 7867000.0,
        "Operating Income": 55041000.0,
        "Operating Expense": 37271000.0,
        "Other Operating Expenses": 18926000.0,
        "Selling General And Administration": 13131000.0,
        "Selling And Marketing Expense": 2352000.0,
        "General And Administrative Expense": 10779000.0,
        "Other Gand A": 10779000.0,
        "Salaries And Wages": NaN,
        "Gross Profit": 92312000.0,
        "Cost Of Revenue": 189998000.0,
        "Total Revenue": 282310000.0,
        "Operating Revenue": 275223000.0
    },
    "2024-09-30": {
        "Tax Effect Of Unusual Items": -402150.0,
        "Tax Rate For Calcs": 0.15,
        "Normalized EBITDA": 98254000.0,
        "Total Unusual Items": -2681000.0,
        "Total Unusual Items Excluding Goodwill": -2681000.0,
        "Net Income From Continuing Operation Net Minority Interest": 28792000.0,
        "Reconciled Depreciation": 35137000.0,
        "Reconciled Cost Of Revenue": 216559000.0,
        "EBITDA": 95573000.0,
        "EBIT": 60436000.0,
        "Net Interest Income": 3691000.0,
        "Interest Expense": 3790000.0,
        "Interest Income": 7481000.0,
        "Normalized Income": 31070850.0,
        "Net Income From Continuing And Discontinued Operation": 28792000.0,
        "Total Expenses": 267539000.0,
        "Total Operating Income As Reported": 54888000.0,
        "Diluted Average Shares": 214150000.0,
        "Basic Average Shares": 212314000.0,
        "Diluted EPS": 0.13,
        "Basic EPS": 0.14,
        "Diluted NI Availto Com Stockholders": 28173000.0,
        "Average Dilution Earnings": -619000.0,
        "Net Income Common Stockholders": 28792000.0,
        "Net Income": 28792000.0,
        "Net Income Including Noncontrolling Interests": 28792000.0,
        "Net Income Continuous Operations": 28792000.0,
        "Tax Provision": 27854000.0,
        "Pretax Income": 56646000.0,
        "Other Income Expense": -3433000.0,
        "Other Non Operating Income Expenses": -752000.0,
        "Special Income Charges": 7000.0,
        "Gain On Sale Of Ppe": 7000.0,
        "Gain On Sale Of Business": NaN,
        "Restructuring And Mergern Acquisition": 0.0,
        "Gain On Sale Of Security": -2688000.0,
        "Net Non Operating Interest Income Expense": 3691000.0,
        "Interest Expense Non Operating": 3790000.0,
        "Interest Income Non Operating": 7481000.0,
        "Operating Income": 56388000.0,
        "Operating Expense": 50980000.0,
        "Other Operating Expenses": 32080000.0,
        "Selling General And Administration": 12874000.0,
        "Selling And Marketing Expense": 2948000.0,
        "General And Administrative Expense": 9926000.0,
        "Other Gand A": 7282000.0,
        "Salaries And Wages": 2644000.0,
        "Gross Profit": 107368000.0,
        "Cost Of Revenue": 216559000.0,
        "Total Revenue": 323927000.0,
        "Operating Revenue": 310921000.0
    },
    "2024-12-31": {
        "Tax Effect Of Unusual Items": -13031400.0,
        "Tax Rate For Calcs": 0.15,
        "Normalized EBITDA": 74537000.0,
        "Total Unusual Items": -86876000.0,
        "Total Unusual Items Excluding Goodwill": -86876000.0,
        "Net Income From Continuing Operation Net Minority Interest": -52498000.0,
        "Reconciled Depreciation": 31826000.0,
        "Reconciled Cost Of Revenue": 222719000.0,
        "EBITDA": -12339000.0,
        "EBIT": -44165000.0,
        "Net Interest Income": 13185000.0,
        "Interest Expense": -9851000.0,
        "Interest Income": 6616000.0,
        "Normalized Income": 21346600.0,
        "Net Income From Continuing And Discontinued Operation": -52498000.0,
        "Total Expenses": 262700000.0,
        "Total Operating Income As Reported": -109694000.0,
        "Diluted Average Shares": NaN,
        "Basic Average Shares": NaN,
        "Diluted EPS": NaN,
        "Basic EPS": NaN,
        "Diluted NI Availto Com Stockholders": -55352000.0,
        "Average Dilution Earnings": -2854000.0,
        "Net Income Common Stockholders": -52498000.0,
        "Net Income": -52498000.0,
        "Net Income Including Noncontrolling Interests": -52498000.0,
        "Net Income Continuous Operations": -52498000.0,
        "Tax Provision": 18184000.0,
        "Pretax Income": -34314000.0,
        "Other Income Expense": -87186000.0,
        "Other Non Operating Income Expenses": -310000.0,
        "Special Income Charges": -130406000.0,
        "Gain On Sale Of Ppe": 79000.0,
        "Gain On Sale Of Business": NaN,
        "Restructuring And Mergern Acquisition": NaN,
        "Gain On Sale Of Security": 43530000.0,
        "Net Non Operating Interest Income Expense": 13185000.0,
        "Interest Expense Non Operating": -9851000.0,
        "Interest Income Non Operating": 6616000.0,
        "Operating Income": 39687000.0,
        "Operating Expense": 39981000.0,
        "Other Operating Expenses": 24725000.0,
        "Selling General And Administration": 10191000.0,
        "Selling And Marketing Expense": 2986000.0,
        "General And Administrative Expense": 7205000.0,
        "Other Gand A": 7987000.0,
        "Salaries And Wages": -782000.0,
        "Gross Profit": 79668000.0,
        "Cost Of Revenue": 222719000.0,
        "Total Revenue": 302387000.0,
        "Operating Revenue": 306246000.0
    },
    "2025-03-31": {
        "Tax Effect Of Unusual Items": 3714800.0,
        "Tax Rate For Calcs": 0.4,
        "Normalized EBITDA": 74729000.0,
        "Total Unusual Items": 9287000.0,
        "Total Unusual Items Excluding Goodwill": 9287000.0,
        "Net Income From Continuing Operation Net Minority Interest": 30454000.0,
        "Reconciled Depreciation": 24868000.0,
        "Reconciled Cost Of Revenue": 222962000.0,
        "EBITDA": 84016000.0,
        "EBIT": 59148000.0,
        "Net Interest Income": 1501000.0,
        "Interest Expense": 3870000.0,
        "Interest Income": 5371000.0,
        "Normalized Income": 24881800.0,
        "Net Income From Continuing And Discontinued Operation": 30454000.0,
        "Total Expenses": 255199000.0,
        "Total Operating Income As Reported": 42900000.0,
        "Diluted Average Shares": 213724000.0,
        "Basic Average Shares": 209329000.0,
        "Diluted EPS": 0.13,
        "Basic EPS": 0.15,
        "Diluted NI Availto Com Stockholders": 28711000.0,
        "Average Dilution Earnings": -1743000.0,
        "Net Income Common Stockholders": 30454000.0,
        "Net Income": 30454000.0,
        "Net Income Including Noncontrolling Interests": 30454000.0,
        "Net Income Continuous Operations": 30454000.0,
        "Tax Provision": 24824000.0,
        "Pretax Income": 55278000.0,
        "Other Income Expense": 9477000.0,
        "Other Non Operating Income Expenses": 190000.0,
        "Special Income Charges": 6630000.0,
        "Gain On Sale Of Ppe": NaN,
        "Gain On Sale Of Business": 6630000.0,
        "Restructuring And Mergern Acquisition": 0.0,
        "Gain On Sale Of Security": 2657000.0,
        "Net Non Operating Interest Income Expense": 1501000.0,
        "Interest Expense Non Operating": 3870000.0,
        "Interest Income Non Operating": 5371000.0,
        "Operating Income": 44300000.0,
        "Operating Expense": 32237000.0,
        "Other Operating Expenses": 13099000.0,
        "Selling General And Administration": 13109000.0,
        "Selling And Marketing Expense": 2802000.0,
        "General And Administrative Expense": 10307000.0,
        "Other Gand A": 9481000.0,
        "Salaries And Wages": 826000.0,
        "Gross Profit": 76537000.0,
        "Cost Of Revenue": 222962000.0,
        "Total Revenue": 299499000.0,
        "Operating Revenue": 276460000.0
    }
}