{
    "2023-03-31": {
        "Tax Effect Of Unusual Items": NaN,
        "Tax Rate For Calcs": NaN,
        "Normalized EBITDA": NaN,
        "Total Unusual Items": NaN,
        "Total Unusual Items Excluding Goodwill": NaN,
        "Net Income From Continuing Operation Net Minority Interest": NaN,
        "Reconciled Depreciation": NaN,
        "Reconciled Cost Of Revenue": NaN,
        "EBITDA": NaN,
        "EBIT": NaN,
        "Net Interest Income": NaN,
        "Interest Expense": NaN,
        "Interest Income": NaN,
        "Normalized Income": NaN,
        "Net Income From Continuing And Discontinued Operation": NaN,
        "Total Expenses": NaN,
        "Total Operating Income As Reported": NaN,
        "Diluted Average Shares": NaN,
        "Basic Average Shares": NaN,
        "Diluted EPS": NaN,
        "Basic EPS": NaN,
        "Diluted NI Availto Com Stockholders": NaN,
        "Net Income Common Stockholders": NaN,
        "Net Income": NaN,
        "Minority Interests": NaN,
        "Net Income Including Noncontrolling Interests": NaN,
        "Net Income Discontinuous Operations": NaN,
        "Net Income Continuous Operations": NaN,
        "Tax Provision": NaN,
        "Pretax Income": NaN,
        "Other Income Expense": NaN,
        "Other Non Operating Income Expenses": NaN,
        "Special Income Charges": NaN,
        "Gain On Sale Of Business": -3809000.0,
        "Other Special Charges": NaN,
        "Write Off": NaN,
        "Impairment Of Capital Assets": 462530000.0,
        "Restructuring And Mergern Acquisition": NaN,
        "Earnings From Equity Interest": 0.0,
        "Gain On Sale Of Security": NaN,
        "Net Non Operating Interest Income Expense": NaN,
        "Interest Expense Non Operating": NaN,
        "Interest Income Non Operating": NaN,
        "Operating Income": NaN,
        "Operating Expense": NaN,
        "Depreciation Amortization Depletion Income Statement": NaN,
        "Depreciation And Amortization In Income Statement": NaN,
        "Research And Development": 4369000.0,
        "Selling General And Administration": NaN,
        "Selling And Marketing Expense": NaN,
        "General And Administrative Expense": NaN,
        "Other Gand A": NaN,
        "Salaries And Wages": NaN,
        "Gross Profit": NaN,
        "Cost Of Revenue": NaN,
        "Total Revenue": NaN,
        "Excise Taxes": NaN,
        "Operating Revenue": NaN
    },
    "2022-12-31": {
        "Tax Effect Of Unusual Items": NaN,
        "Tax Rate For Calcs": NaN,
        "Normalized EBITDA": NaN,
        "Total Unusual Items": NaN,
        "Total Unusual Items Excluding Goodwill": NaN,
        "Net Income From Continuing Operation Net Minority Interest": NaN,
        "Reconciled Depreciation": NaN,
        "Reconciled Cost Of Revenue": NaN,
        "EBITDA": NaN,
        "EBIT": NaN,
        "Net Interest Income": NaN,
        "Interest Expense": NaN,
        "Interest Income": NaN,
        "Normalized Income": NaN,
        "Net Income From Continuing And Discontinued Operation": NaN,
        "Total Expenses": NaN,
        "Total Operating Income As Reported": NaN,
        "Diluted Average Shares": NaN,
        "Basic Average Shares": NaN,
        "Diluted EPS": NaN,
        "Basic EPS": NaN,
        "Diluted NI Availto Com Stockholders": NaN,
        "Average Dilution Earnings": 0.0,
        "Net Income Common Stockholders": NaN,
        "Net Income": NaN,
        "Minority Interests": NaN,
        "Net Income Including Noncontrolling Interests": NaN,
        "Net Income Discontinuous Operations": NaN,
        "Net Income Continuous Operations": NaN,
        "Tax Provision": NaN,
        "Pretax Income": NaN,
        "Other Income Expense": NaN,
        "Other Non Operating Income Expenses": NaN,
        "Special Income Charges": NaN,
        "Gain On Sale Of Business": 4142000.0,
        "Other Special Charges": NaN,
        "Write Off": NaN,
        "Impairment Of Capital Assets": 22259000.0,
        "Restructuring And Mergern Acquisition": NaN,
        "Earnings From Equity Interest": 0.0,
        "Gain On Sale Of Security": NaN,
        "Net Non Operating Interest Income Expense": NaN,
        "Interest Expense Non Operating": NaN,
        "Interest Income Non Operating": NaN,
        "Operating Income": NaN,
        "Operating Expense": NaN,
        "Depreciation Amortization Depletion Income Statement": NaN,
        "Depreciation And Amortization In Income Statement": NaN,
        "Research And Development": NaN,
        "Selling General And Administration": NaN,
        "Selling And Marketing Expense": NaN,
        "General And Administrative Expense": NaN,
        "Other Gand A": NaN,
        "Salaries And Wages": NaN,
        "Gross Profit": NaN,
        "Cost Of Revenue": NaN,
        "Total Revenue": NaN,
        "Excise Taxes": NaN,
        "Operating Revenue": NaN
    },
    "2022-09-30": {
        "Tax Effect Of Unusual Items": NaN,
        "Tax Rate For Calcs": NaN,
        "Normalized EBITDA": NaN,
        "Total Unusual Items": NaN,
        "Total Unusual Items Excluding Goodwill": NaN,
        "Net Income From Continuing Operation Net Minority Interest": NaN,
        "Reconciled Depreciation": NaN,
        "Reconciled Cost Of Revenue": NaN,
        "EBITDA": NaN,
        "EBIT": NaN,
        "Net Interest Income": NaN,
        "Interest Expense": NaN,
        "Interest Income": NaN,
        "Normalized Income": NaN,
        "Net Income From Continuing And Discontinued Operation": NaN,
        "Total Expenses": NaN,
        "Total Operating Income As Reported": NaN,
        "Diluted Average Shares": NaN,
        "Basic Average Shares": NaN,
        "Diluted EPS": NaN,
        "Basic EPS": NaN,
        "Diluted NI Availto Com Stockholders": NaN,
        "Average Dilution Earnings": 0.0,
        "Net Income Common Stockholders": NaN,
        "Net Income": NaN,
        "Minority Interests": NaN,
        "Net Income Including Noncontrolling Interests": NaN,
        "Net Income Discontinuous Operations": -109345000.0,
        "Net Income Continuous Operations": NaN,
        "Tax Provision": NaN,
        "Pretax Income": NaN,
        "Other Income Expense": NaN,
        "Other Non Operating Income Expenses": NaN,
        "Special Income Charges": NaN,
        "Gain On Sale Of Business": 1702000.0,
        "Other Special Charges": NaN,
        "Write Off": NaN,
        "Impairment Of Capital Assets": 43968000.0,
        "Restructuring And Mergern Acquisition": NaN,
        "Earnings From Equity Interest": 0.0,
        "Gain On Sale Of Security": NaN,
        "Net Non Operating Interest Income Expense": NaN,
        "Interest Expense Non Operating": NaN,
        "Interest Income Non Operating": NaN,
        "Operating Income": NaN,
        "Operating Expense": NaN,
        "Depreciation Amortization Depletion Income Statement": NaN,
        "Depreciation And Amortization In Income Statement": NaN,
        "Research And Development": NaN,
        "Selling General And Administration": NaN,
        "Selling And Marketing Expense": NaN,
        "General And Administrative Expense": NaN,
        "Other Gand A": NaN,
        "Salaries And Wages": NaN,
        "Gross Profit": NaN,
        "Cost Of Revenue": NaN,
        "Total Revenue": NaN,
        "Excise Taxes": NaN,
        "Operating Revenue": NaN
    },
    "2022-06-30": {
        "Tax Effect Of Unusual Items": -691194000.0,
        "Tax Rate For Calcs": 0.4,
        "Normalized EBITDA": 1639592000.0,
        "Total Unusual Items": -1727985000.0,
        "Total Unusual Items Excluding Goodwill": -1727985000.0,
        "Net Income From Continuing Operation Net Minority Interest": -2083148000.0,
        "Reconciled Depreciation": 21851000.0,
        "Reconciled Cost Of Revenue": 111507000.0,
        "EBITDA": -88393000.0,
        "EBIT": -110244000.0,
        "Net Interest Income": -22951000.0,
        "Interest Expense": 26901000.0,
        "Interest Income": 3950000.0,
        "Normalized Income": -1046357000.0,
        "Net Income From Continuing And Discontinued Operation": -2083148000.0,
        "Total Expenses": 220359000.0,
        "Total Operating Income As Reported": -1838229000.0,
        "Diluted Average Shares": 398467568.0,
        "Basic Average Shares": 398467568.0,
        "Diluted EPS": -5.24,
        "Basic EPS": -5.24,
        "Diluted NI Availto Com Stockholders": -2083148000.0,
        "Average Dilution Earnings": 0.0,
        "Net Income Common Stockholders": -2083148000.0,
        "Net Income": -2083148000.0,
        "Minority Interests": 4408000.0,
        "Net Income Including Noncontrolling Interests": -2087556000.0,
        "Net Income Continuous Operations": -2087556000.0,
        "Tax Provision": 3749000.0,
        "Pretax Income": -2083807000.0,
        "Other Income Expense": -1973563000.0,
        "Other Non Operating Income Expenses": -245578000.0,
        "Special Income Charges": -1727985000.0,
        "Gain On Sale Of Business": 379000.0,
        "Other Special Charges": 19168000.0,
        "Impairment Of Capital Assets": 1727985000.0,
        "Restructuring And Mergern Acquisition": -36232000.0,
        "Earnings From Equity Interest": 0.0,
        "Gain On Sale Of Security": -280424000.0,
        "Net Non Operating Interest Income Expense": -22951000.0,
        "Interest Expense Non Operating": 26901000.0,
        "Interest Income Non Operating": 3950000.0,
        "Operating Income": -110244000.0,
        "Operating Expense": 108852000.0,
        "Depreciation Amortization Depletion Income Statement": 10714000.0,
        "Depreciation And Amortization In Income Statement": 10714000.0,
        "Research And Development": 6953000.0,
        "Selling General And Administration": 108852000.0,
        "Selling And Marketing Expense": 53182000.0,
        "General And Administrative Expense": 108852000.0,
        "Other Gand A": 103413000.0,
        "Salaries And Wages": 5439000.0,
        "Gross Profit": -1392000.0,
        "Cost Of Revenue": 111507000.0,
        "Total Revenue": 110115000.0,
        "Excise Taxes": 12747000.0,
        "Operating Revenue": 122862000.0
    },
    "2022-03-31": {
        "Diluted EPS": -1.05,
        "Total Revenue": 88,
        "Gross Profit": -128,
        "Operating Income": -421,
        "EBIT": -396,
        "Net Income": -465
    },
    "2021-12-31": {
        "Diluted EPS": -0.22,
        "Total Revenue": 112,
        "Gross Profit": 8,
        "Operating Income": -119,
        "EBIT": -95,
        "Net Income": -86
    },
    "2021-09-30": {
        "Diluted EPS": -0.02,
        "Total Revenue": 104,
        "Gross Profit": -57,
        "Operating Income": -171,
        "EBIT": -149,
        "Net Income": -9
    },
    "2021-06-30": {
        "Diluted EPS": 0.68,
        "Total Revenue": 111,
        "Gross Profit": 22,
        "Operating Income": -153,
        "EBIT": -132,
        "Net Income": 320
    },
    "2021-03-31": {
        "Diluted EPS": -1.41,
        "Total Revenue": 116,
        "Gross Profit": 8,
        "Operating Income": -180,
        "EBIT": -159,
        "Net Income": -526
    },
    "2020-12-31": {
        "Diluted EPS": -1.86,
        "Total Revenue": 117,
        "Gross Profit": 19,
        "Operating Income": -425,
        "EBIT": -399,
        "Net Income": -694
    },
    "2020-09-30": {
        "Diluted EPS": -0.07,
        "Total Revenue": 102,
        "Gross Profit": 20,
        "Operating Income": -213,
        "EBIT": -189,
        "Net Income": -24
    },
    "2020-06-30": {
        "Diluted EPS": -0.22,
        "Total Revenue": 80,
        "Gross Profit": 5,
        "Operating Income": -124,
        "EBIT": -100,
        "Net Income": -78
    },
    "2020-03-31": {
        "Diluted EPS": 0.99,
        "Total Revenue": 80,
        "Gross Profit": -58,
        "Operating Income": -738,
        "EBIT": -708,
        "Net Income": 341
    },
    "2019-12-31": {
        "Diluted EPS": -0.27,
        "Total Revenue": 94,
        "Gross Profit": 32,
        "Operating Income": -144,
        "EBIT": -119,
        "Net Income": -92
    },
    "2019-09-30": {
        "Diluted EPS": -0.82,
        "Total Revenue": 58,
        "Gross Profit": -7,
        "Operating Income": -211,
        "EBIT": -190,
        "Net Income": -283
    },
    "2019-06-30": {
        "Diluted EPS": -2.77,
        "Total Revenue": 68,
        "Gross Profit": 10,
        "Operating Income": -162,
        "EBIT": -144,
        "Net Income": -959
    },
    "2019-03-31": {
        "Diluted EPS": -0.77,
        "Total Revenue": 48,
        "Gross Profit": 52,
        "Operating Income": -127,
        "EBIT": -109,
        "Net Income": -253
    },
    "2018-12-31": {
        "Diluted EPS": 0.29,
        "Total Revenue": 63,
        "Gross Profit": 9,
        "Operating Income": -119,
        "EBIT": -113,
        "Net Income": 51
    },
    "2018-09-30": {
        "Diluted EPS": -1.16,
        "Total Revenue": 26,
        "Gross Profit": -26,
        "Operating Income": -168,
        "EBIT": -160,
        "Net Income": -258
    },
    "2018-06-30": {
        "Diluted EPS": -0.31,
        "Total Revenue": 64,
        "Gross Profit": 33,
        "Operating Income": -26,
        "EBIT": -21,
        "Net Income": -62
    },
    "2018-03-31": {
        "Diluted EPS": -0.29,
        "Total Revenue": 32,
        "Gross Profit": 6,
        "Operating Income": -41,
        "EBIT": -37,
        "Net Income": -52
    },
    "2017-12-31": {
        "Diluted EPS": 0.01,
        "Total Revenue": 40,
        "Gross Profit": 15,
        "Operating Income": -20,
        "EBIT": -17,
        "Net Income": 1
    },
    "2017-09-30": {
        "Diluted EPS": -0.01,
        "Total Revenue": 38,
        "Gross Profit": 23,
        "Operating Income": -1,
        "EBIT": 4,
        "Net Income": -1
    },
    "2017-06-30": {
        "Diluted EPS": -0.02,
        "Total Revenue": 28,
        "Gross Profit": 15,
        "Operating Income": -3,
        "EBIT": 1,
        "Net Income": -3
    },
    "2017-03-31": {
        "Diluted EPS": -0.11,
        "Total Revenue": 11,
        "Gross Profit": 11,
        "Operating Income": 11,
        "EBIT": 11,
        "Net Income": -16
    },
    "2023-06-30": {
        "Tax Effect Of Unusual Items": NaN,
        "Tax Rate For Calcs": NaN,
        "Normalized EBITDA": NaN,
        "Total Unusual Items": NaN,
        "Total Unusual Items Excluding Goodwill": NaN,
        "Net Income From Continuing Operation Net Minority Interest": NaN,
        "Reconciled Depreciation": NaN,
        "Reconciled Cost Of Revenue": NaN,
        "EBITDA": NaN,
        "EBIT": NaN,
        "Net Interest Income": NaN,
        "Interest Expense": NaN,
        "Interest Income": NaN,
        "Normalized Income": NaN,
        "Net Income From Continuing And Discontinued Operation": NaN,
        "Total Expenses": NaN,
        "Total Operating Income As Reported": NaN,
        "Diluted Average Shares": NaN,
        "Basic Average Shares": NaN,
        "Diluted EPS": NaN,
        "Basic EPS": NaN,
        "Diluted NI Availto Com Stockholders": NaN,
        "Net Income Common Stockholders": NaN,
        "Net Income": NaN,
        "Minority Interests": NaN,
        "Net Income Including Noncontrolling Interests": NaN,
        "Net Income Discontinuous Operations": NaN,
        "Net Income Continuous Operations": NaN,
        "Tax Provision": NaN,
        "Pretax Income": NaN,
        "Other Income Expense": NaN,
        "Other Non Operating Income Expenses": NaN,
        "Special Income Charges": NaN,
        "Other Special Charges": NaN,
        "Write Off": NaN,
        "Impairment Of Capital Assets": 2160000.0,
        "Restructuring And Mergern Acquisition": NaN,
        "Earnings From Equity Interest": 0.0,
        "Gain On Sale Of Security": NaN,
        "Net Non Operating Interest Income Expense": NaN,
        "Interest Expense Non Operating": NaN,
        "Interest Income Non Operating": NaN,
        "Operating Income": NaN,
        "Operating Expense": NaN,
        "Depreciation Amortization Depletion Income Statement": NaN,
        "Depreciation And Amortization In Income Statement": NaN,
        "Research And Development": 1352000.0,
        "Selling General And Administration": NaN,
        "Selling And Marketing Expense": NaN,
        "General And Administrative Expense": NaN,
        "Other Gand A": NaN,
        "Salaries And Wages": NaN,
        "Gross Profit": NaN,
        "Cost Of Revenue": NaN,
        "Total Revenue": NaN,
        "Excise Taxes": NaN,
        "Operating Revenue": NaN
    },
    "2023-09-30": {
        "Tax Effect Of Unusual Items": NaN,
        "Tax Rate For Calcs": NaN,
        "Normalized EBITDA": NaN,
        "Total Unusual Items": NaN,
        "Total Unusual Items Excluding Goodwill": NaN,
        "Net Income From Continuing Operation Net Minority Interest": NaN,
        "Reconciled Depreciation": NaN,
        "Reconciled Cost Of Revenue": NaN,
        "EBITDA": NaN,
        "EBIT": NaN,
        "Net Interest Income": NaN,
        "Interest Expense": NaN,
        "Interest Income": NaN,
        "Normalized Income": NaN,
        "Net Income From Continuing And Discontinued Operation": NaN,
        "Total Expenses": NaN,
        "Total Operating Income As Reported": NaN,
        "Diluted Average Shares": 71629443.0,
        "Basic Average Shares": 71629443.0,
        "Diluted EPS": -4.33,
        "Basic EPS": -4.33,
        "Diluted NI Availto Com Stockholders": NaN,
        "Net Income Common Stockholders": NaN,
        "Net Income": NaN,
        "Minority Interests": NaN,
        "Net Income Including Noncontrolling Interests": NaN,
        "Net Income Discontinuous Operations": NaN,
        "Net Income Continuous Operations": NaN,
        "Tax Provision": NaN,
        "Pretax Income": NaN,
        "Other Income Expense": NaN,
        "Other Non Operating Income Expenses": NaN,
        "Special Income Charges": NaN,
        "Other Special Charges": NaN,
        "Write Off": NaN,
        "Impairment Of Capital Assets": -29895000.0,
        "Restructuring And Mergern Acquisition": NaN,
        "Earnings From Equity Interest": 0.0,
        "Gain On Sale Of Security": NaN,
        "Net Non Operating Interest Income Expense": NaN,
        "Interest Expense Non Operating": NaN,
        "Interest Income Non Operating": NaN,
        "Operating Income": NaN,
        "Operating Expense": NaN,
        "Depreciation Amortization Depletion Income Statement": NaN,
        "Depreciation And Amortization In Income Statement": NaN,
        "Research And Development": 1105000.0,
        "Selling General And Administration": NaN,
        "Selling And Marketing Expense": NaN,
        "General And Administrative Expense": NaN,
        "Other Gand A": NaN,
        "Salaries And Wages": NaN,
        "Gross Profit": NaN,
        "Cost Of Revenue": NaN,
        "Total Revenue": NaN,
        "Excise Taxes": NaN,
        "Operating Revenue": NaN
    },
    "2023-12-31": {
        "Tax Effect Of Unusual Items": NaN,
        "Tax Rate For Calcs": NaN,
        "Normalized EBITDA": NaN,
        "Total Unusual Items": NaN,
        "Total Unusual Items Excluding Goodwill": NaN,
        "Net Income From Continuing Operation Net Minority Interest": NaN,
        "Reconciled Depreciation": NaN,
        "Reconciled Cost Of Revenue": NaN,
        "EBITDA": NaN,
        "EBIT": NaN,
        "Net Interest Income": NaN,
        "Interest Expense": NaN,
        "Interest Income": NaN,
        "Normalized Income": NaN,
        "Net Income From Continuing And Discontinued Operation": NaN,
        "Total Expenses": NaN,
        "Total Operating Income As Reported": NaN,
        "Diluted Average Shares": NaN,
        "Basic Average Shares": NaN,
        "Diluted EPS": NaN,
        "Basic EPS": NaN,
        "Diluted NI Availto Com Stockholders": NaN,
        "Net Income Common Stockholders": NaN,
        "Net Income": NaN,
        "Minority Interests": NaN,
        "Net Income Including Noncontrolling Interests": NaN,
        "Net Income Discontinuous Operations": NaN,
        "Net Income Continuous Operations": NaN,
        "Tax Provision": NaN,
        "Pretax Income": NaN,
        "Other Income Expense": NaN,
        "Other Non Operating Income Expenses": NaN,
        "Special Income Charges": NaN,
        "Other Special Charges": 571000.0,
        "Write Off": NaN,
        "Restructuring And Mergern Acquisition": NaN,
        "Earnings From Equity Interest": NaN,
        "Gain On Sale Of Security": NaN,
        "Net Non Operating Interest Income Expense": NaN,
        "Interest Expense Non Operating": NaN,
        "Interest Income Non Operating": NaN,
        "Operating Income": NaN,
        "Operating Expense": NaN,
        "Depreciation Amortization Depletion Income Statement": NaN,
        "Depreciation And Amortization In Income Statement": NaN,
        "Research And Development": 1311000.0,
        "Selling General And Administration": NaN,
        "Selling And Marketing Expense": NaN,
        "General And Administrative Expense": NaN,
        "Other Gand A": NaN,
        "Salaries And Wages": NaN,
        "Gross Profit": NaN,
        "Cost Of Revenue": NaN,
        "Total Revenue": NaN,
        "Excise Taxes": NaN,
        "Operating Revenue": NaN
    },
    "2024-03-31": {
        "Tax Effect Of Unusual Items": NaN,
        "Tax Rate For Calcs": NaN,
        "Normalized EBITDA": NaN,
        "Total Unusual Items": NaN,
        "Total Unusual Items Excluding Goodwill": NaN,
        "Net Income From Continuing Operation Net Minority Interest": NaN,
        "Reconciled Depreciation": NaN,
        "Reconciled Cost Of Revenue": NaN,
        "EBITDA": NaN,
        "EBIT": NaN,
        "Net Interest Income": NaN,
        "Interest Expense": NaN,
        "Interest Income": NaN,
        "Normalized Income": NaN,
        "Net Income From Continuing And Discontinued Operation": NaN,
        "Total Expenses": NaN,
        "Total Operating Income As Reported": NaN,
        "Diluted Average Shares": NaN,
        "Basic Average Shares": NaN,
        "Diluted EPS": NaN,
        "Basic EPS": NaN,
        "Diluted NI Availto Com Stockholders": NaN,
        "Net Income Common Stockholders": NaN,
        "Net Income": NaN,
        "Minority Interests": 0.0,
        "Net Income Including Noncontrolling Interests": NaN,
        "Net Income Discontinuous Operations": NaN,
        "Net Income Continuous Operations": NaN,
        "Tax Provision": NaN,
        "Pretax Income": NaN,
        "Other Income Expense": NaN,
        "Other Non Operating Income Expenses": NaN,
        "Special Income Charges": NaN,
        "Other Special Charges": -990000.0,
        "Write Off": NaN,
        "Restructuring And Mergern Acquisition": NaN,
        "Earnings From Equity Interest": NaN,
        "Gain On Sale Of Security": NaN,
        "Net Non Operating Interest Income Expense": NaN,
        "Interest Expense Non Operating": NaN,
        "Interest Income Non Operating": NaN,
        "Operating Income": NaN,
        "Operating Expense": NaN,
        "Depreciation Amortization Depletion Income Statement": NaN,
        "Depreciation And Amortization In Income Statement": NaN,
        "Research And Development": 843000.0,
        "Selling General And Administration": NaN,
        "Selling And Marketing Expense": NaN,
        "General And Administrative Expense": NaN,
        "Other Gand A": NaN,
        "Salaries And Wages": NaN,
        "Gross Profit": NaN,
        "Cost Of Revenue": NaN,
        "Total Revenue": NaN,
        "Excise Taxes": NaN,
        "Operating Revenue": NaN
    },
    "2024-06-30": {
        "Tax Effect Of Unusual Items": -13133250.0,
        "Tax Rate For Calcs": 0.15,
        "Normalized EBITDA": -3269000.0,
        "Total Unusual Items": -87555000.0,
        "Total Unusual Items Excluding Goodwill": -87555000.0,
        "Net Income From Continuing Operation Net Minority Interest": -129191000.0,
        "Reconciled Depreciation": 11030000.0,
        "Reconciled Cost Of Revenue": 38189000.0,
        "EBITDA": -90824000.0,
        "EBIT": -101854000.0,
        "Net Interest Income": -19085000.0,
        "Interest Expense": 21143000.0,
        "Interest Income": 2058000.0,
        "Normalized Income": -54769250.0,
        "Net Income From Continuing And Discontinued Operation": -127138000.0,
        "Total Expenses": 87525000.0,
        "Total Operating Income As Reported": -29108000.0,
        "Diluted Average Shares": 79243020.0,
        "Basic Average Shares": 79243020.0,
        "Diluted EPS": -1.6,
        "Basic EPS": -1.6,
        "Diluted NI Availto Com Stockholders": -127138000.0,
        "Net Income Common Stockholders": -127138000.0,
        "Net Income": -127138000.0,
        "Minority Interests": 0.0,
        "Net Income Including Noncontrolling Interests": -127138000.0,
        "Net Income Discontinuous Operations": 2053000.0,
        "Net Income Continuous Operations": -129191000.0,
        "Tax Provision": 6194000.0,
        "Pretax Income": -122997000.0,
        "Other Income Expense": -82599000.0,
        "Other Non Operating Income Expenses": 4956000.0,
        "Special Income Charges": -12431000.0,
        "Other Special Charges": -22119000.0,
        "Write Off": 20000.0,
        "Restructuring And Mergern Acquisition": 34530000.0,
        "Earnings From Equity Interest": -75970000.0,
        "Gain On Sale Of Security": -75124000.0,
        "Net Non Operating Interest Income Expense": -19085000.0,
        "Interest Expense Non Operating": 21143000.0,
        "Interest Income Non Operating": 2058000.0,
        "Operating Income": -21313000.0,
        "Operating Expense": 44344000.0,
        "Depreciation Amortization Depletion Income Statement": 6038000.0,
        "Depreciation And Amortization In Income Statement": 6038000.0,
        "Research And Development": NaN,
        "Selling General And Administration": 38306000.0,
        "Selling And Marketing Expense": 15248000.0,
        "General And Administrative Expense": 23058000.0,
        "Other Gand A": 18907000.0,
        "Salaries And Wages": 4151000.0,
        "Gross Profit": 23031000.0,
        "Cost Of Revenue": 43181000.0,
        "Total Revenue": 66212000.0,
        "Excise Taxes": 9571000.0,
        "Operating Revenue": 75783000.0
    },
    "2024-09-30": {
        "Tax Effect Of Unusual Items": -11687250.0,
        "Tax Rate For Calcs": 0.15,
        "Normalized EBITDA": -21748000.0,
        "Total Unusual Items": -77915000.0,
        "Total Unusual Items Excluding Goodwill": -77915000.0,
        "Net Income From Continuing Operation Net Minority Interest": -131550000.0,
        "Reconciled Depreciation": 10307000.0,
        "Reconciled Cost Of Revenue": 36865000.0,
        "EBITDA": -99663000.0,
        "EBIT": -109970000.0,
        "Net Interest Income": -18862000.0,
        "Interest Expense": 21278000.0,
        "Interest Income": 2416000.0,
        "Normalized Income": -65322250.0,
        "Net Income From Continuing And Discontinued Operation": -128293000.0,
        "Total Expenses": 84174000.0,
        "Total Operating Income As Reported": -45943000.0,
        "Diluted Average Shares": 86827991.0,
        "Basic Average Shares": 86827991.0,
        "Diluted EPS": -1.48,
        "Basic EPS": -1.48,
        "Diluted NI Availto Com Stockholders": -128293000.0,
        "Net Income Common Stockholders": -128293000.0,
        "Net Income": -128293000.0,
        "Minority Interests": 0.0,
        "Net Income Including Noncontrolling Interests": -128293000.0,
        "Net Income Discontinuous Operations": 3257000.0,
        "Net Income Continuous Operations": -131550000.0,
        "Tax Provision": 302000.0,
        "Pretax Income": -131248000.0,
        "Other Income Expense": -91203000.0,
        "Other Non Operating Income Expenses": 380000.0,
        "Special Income Charges": -31157000.0,
        "Other Special Charges": -320000.0,
        "Write Off": 20830000.0,
        "Restructuring And Mergern Acquisition": 10647000.0,
        "Earnings From Equity Interest": -13668000.0,
        "Gain On Sale Of Security": -46758000.0,
        "Net Non Operating Interest Income Expense": -18862000.0,
        "Interest Expense Non Operating": 21278000.0,
        "Interest Income Non Operating": 2416000.0,
        "Operating Income": -21183000.0,
        "Operating Expense": 43021000.0,
        "Depreciation Amortization Depletion Income Statement": 6019000.0,
        "Depreciation And Amortization In Income Statement": 6019000.0,
        "Research And Development": NaN,
        "Selling General And Administration": 37002000.0,
        "Selling And Marketing Expense": 14983000.0,
        "General And Administrative Expense": 22019000.0,
        "Other Gand A": 16798000.0,
        "Salaries And Wages": 5221000.0,
        "Gross Profit": 21838000.0,
        "Cost Of Revenue": 41153000.0,
        "Total Revenue": 62991000.0,
        "Excise Taxes": 10967000.0,
        "Operating Revenue": 73958000.0
    },
    "2024-12-31": {
        "Tax Effect Of Unusual Items": -547200.0,
        "Tax Rate For Calcs": 0.15,
        "Normalized EBITDA": -90852000.0,
        "Total Unusual Items": -3648000.0,
        "Total Unusual Items Excluding Goodwill": -3648000.0,
        "Net Income From Continuing Operation Net Minority Interest": -121896000.0,
        "Reconciled Depreciation": 10314000.0,
        "Reconciled Cost Of Revenue": 46360000.0,
        "EBITDA": -94500000.0,
        "EBIT": -104814000.0,
        "Net Interest Income": -14825000.0,
        "Interest Expense": 16766000.0,
        "Interest Income": 1941000.0,
        "Normalized Income": -118795200.0,
        "Net Income From Continuing And Discontinued Operation": -121896000.0,
        "Total Expenses": 94262000.0,
        "Total Operating Income As Reported": -23822000.0,
        "Diluted Average Shares": 110306430.0,
        "Basic Average Shares": 110306430.0,
        "Diluted EPS": -1.11,
        "Basic EPS": -1.11,
        "Diluted NI Availto Com Stockholders": -121896000.0,
        "Net Income Common Stockholders": -121896000.0,
        "Net Income": -121896000.0,
        "Minority Interests": 0.0,
        "Net Income Including Noncontrolling Interests": -121896000.0,
        "Net Income Discontinuous Operations": 0.0,
        "Net Income Continuous Operations": -121896000.0,
        "Tax Provision": 316000.0,
        "Pretax Income": -121580000.0,
        "Other Income Expense": -87254000.0,
        "Other Non Operating Income Expenses": -83606000.0,
        "Special Income Charges": -4321000.0,
        "Other Special Charges": NaN,
        "Write Off": 1285000.0,
        "Restructuring And Mergern Acquisition": 3036000.0,
        "Earnings From Equity Interest": NaN,
        "Gain On Sale Of Security": 673000.0,
        "Net Non Operating Interest Income Expense": -14825000.0,
        "Interest Expense Non Operating": 16766000.0,
        "Interest Income Non Operating": 1941000.0,
        "Operating Income": -19501000.0,
        "Operating Expense": 43599000.0,
        "Depreciation Amortization Depletion Income Statement": 6011000.0,
        "Depreciation And Amortization In Income Statement": 6011000.0,
        "Research And Development": NaN,
        "Selling General And Administration": 37588000.0,
        "Selling And Marketing Expense": 15445000.0,
        "General And Administrative Expense": 22143000.0,
        "Other Gand A": 16984000.0,
        "Salaries And Wages": 5159000.0,
        "Gross Profit": 24098000.0,
        "Cost Of Revenue": 50663000.0,
        "Total Revenue": 74761000.0,
        "Excise Taxes": 11483000.0,
        "Operating Revenue": 86244000.0
    },
    "2025-03-31": {
        "Tax Effect Of Unusual Items": -61993350.0,
        "Tax Rate For Calcs": 0.15,
        "Normalized EBITDA": 218966000.0,
        "Total Unusual Items": -413289000.0,
        "Total Unusual Items Excluding Goodwill": -413289000.0,
        "Net Income From Continuing Operation Net Minority Interest": -221501000.0,
        "Reconciled Depreciation": 11467000.0,
        "Reconciled Cost Of Revenue": 49142000.0,
        "EBITDA": -194323000.0,
        "EBIT": -205790000.0,
        "Net Interest Income": -12982000.0,
        "Interest Expense": 15382000.0,
        "Interest Income": 2400000.0,
        "Normalized Income": 129794650.0,
        "Net Income From Continuing And Discontinued Operation": -220788000.0,
        "Total Expenses": 69420000.0,
        "Total Operating Income As Reported": -18270000.0,
        "Diluted Average Shares": NaN,
        "Basic Average Shares": 154551440.0,
        "Diluted EPS": NaN,
        "Basic EPS": NaN,
        "Diluted NI Availto Com Stockholders": -220788000.0,
        "Net Income Common Stockholders": -220788000.0,
        "Net Income": -220788000.0,
        "Minority Interests": 0.0,
        "Net Income Including Noncontrolling Interests": -220788000.0,
        "Net Income Discontinuous Operations": 713000.0,
        "Net Income Continuous Operations": -221501000.0,
        "Tax Provision": 329000.0,
        "Pretax Income": -221172000.0,
        "Other Income Expense": -203801000.0,
        "Other Non Operating Income Expenses": 209488000.0,
        "Special Income Charges": -16033000.0,
        "Other Special Charges": 99000.0,
        "Write Off": 9098000.0,
        "Restructuring And Mergern Acquisition": 6836000.0,
        "Earnings From Equity Interest": NaN,
        "Gain On Sale Of Security": -397256000.0,
        "Net Non Operating Interest Income Expense": -12982000.0,
        "Interest Expense Non Operating": 15382000.0,
        "Interest Income Non Operating": 2400000.0,
        "Operating Income": -4389000.0,
        "Operating Expense": 14933000.0,
        "Depreciation Amortization Depletion Income Statement": 6122000.0,
        "Depreciation And Amortization In Income Statement": 6122000.0,
        "Research And Development": NaN,
        "Selling General And Administration": 8811000.0,
        "Selling And Marketing Expense": 15176000.0,
        "General And Administrative Expense": -6365000.0,
        "Other Gand A": 12371000.0,
        "Salaries And Wages": -18736000.0,
        "Gross Profit": 10544000.0,
        "Cost Of Revenue": 54487000.0,
        "Total Revenue": 65031000.0,
        "Excise Taxes": 12953000.0,
        "Operating Revenue": 77984000.0
    },
    "2025-06-30": {
        "Tax Effect Of Unusual Items": -2199000.0,
        "Tax Rate For Calcs": 0.15,
        "Normalized EBITDA": -7167000.0,
        "Total Unusual Items": -14660000.0,
        "Total Unusual Items Excluding Goodwill": -14660000.0,
        "Net Income From Continuing Operation Net Minority Interest": -41527000.0,
        "Reconciled Depreciation": 9670000.0,
        "Reconciled Cost Of Revenue": 49892000.0,
        "EBITDA": -21827000.0,
        "EBIT": -31497000.0,
        "Net Interest Income": -8682000.0,
        "Interest Expense": 9739000.0,
        "Interest Income": 1057000.0,
        "Normalized Income": -29066000.0,
        "Net Income From Continuing And Discontinued Operation": -41527000.0,
        "Total Expenses": 89994000.0,
        "Total Operating Income As Reported": -22624000.0,
        "Diluted Average Shares": 188321555.0,
        "Basic Average Shares": 188321555.0,
        "Diluted EPS": -0.22,
        "Basic EPS": -0.22,
        "Diluted NI Availto Com Stockholders": -41527000.0,
        "Net Income Common Stockholders": -41527000.0,
        "Net Income": -41527000.0,
        "Minority Interests": NaN,
        "Net Income Including Noncontrolling Interests": -41527000.0,
        "Net Income Discontinuous Operations": 0.0,
        "Net Income Continuous Operations": -41527000.0,
        "Tax Provision": 291000.0,
        "Pretax Income": -41236000.0,
        "Other Income Expense": -14694000.0,
        "Other Non Operating Income Expenses": -34000.0,
        "Special Income Charges": -4764000.0,
        "Other Special Charges": NaN,
        "Write Off": 2653000.0,
        "Restructuring And Mergern Acquisition": 2111000.0,
        "Earnings From Equity Interest": NaN,
        "Gain On Sale Of Security": -9896000.0,
        "Net Non Operating Interest Income Expense": -8682000.0,
        "Interest Expense Non Operating": 9739000.0,
        "Interest Income Non Operating": 1057000.0,
        "Operating Income": -17860000.0,
        "Operating Expense": 35898000.0,
        "Depreciation Amortization Depletion Income Statement": 5466000.0,
        "Depreciation And Amortization In Income Statement": 5466000.0,
        "Research And Development": NaN,
        "Selling General And Administration": 30432000.0,
        "Selling And Marketing Expense": 15833000.0,
        "General And Administrative Expense": 14599000.0,
        "Other Gand A": 14698000.0,
        "Salaries And Wages": -99000.0,
        "Gross Profit": 18038000.0,
        "Cost Of Revenue": 54096000.0,
        "Total Revenue": 72134000.0,
        "Excise Taxes": 16614000.0,
        "Operating Revenue": 88748000.0
    }
}