{
    "2023-04-30": {
        "Tax Effect Of Unusual Items": NaN,
        "Tax Rate For Calcs": NaN,
        "Normalized EBITDA": NaN,
        "Net Income From Continuing Operation Net Minority Interest": NaN,
        "Reconciled Depreciation": NaN,
        "Reconciled Cost Of Revenue": NaN,
        "EBITDA": NaN,
        "EBIT": NaN,
        "Net Interest Income": NaN,
        "Interest Expense": NaN,
        "Interest Income": NaN,
        "Normalized Income": NaN,
        "Net Income From Continuing And Discontinued Operation": NaN,
        "Total Expenses": NaN,
        "Total Operating Income As Reported": NaN,
        "Diluted Average Shares": 68901000.0,
        "Basic Average Shares": 68901000.0,
        "Diluted EPS": -0.13,
        "Basic EPS": -0.13,
        "Diluted NI Availto Com Stockholders": NaN,
        "Net Income Common Stockholders": NaN,
        "Net Income": NaN,
        "Minority Interests": NaN,
        "Net Income Including Noncontrolling Interests": NaN,
        "Net Income Continuous Operations": NaN,
        "Tax Provision": NaN,
        "Pretax Income": NaN,
        "Other Income Expense": NaN,
        "Other Non Operating Income Expenses": NaN,
        "Net Non Operating Interest Income Expense": NaN,
        "Interest Expense Non Operating": NaN,
        "Interest Income Non Operating": NaN,
        "Operating Income": NaN,
        "Operating Expense": NaN,
        "Depreciation Amortization Depletion Income Statement": NaN,
        "Depreciation And Amortization In Income Statement": NaN,
        "Amortization": NaN,
        "Amortization Of Intangibles Income Statement": NaN,
        "Research And Development": NaN,
        "Selling General And Administration": NaN,
        "Gross Profit": NaN,
        "Cost Of Revenue": NaN,
        "Total Revenue": NaN,
        "Operating Revenue": NaN
    },
    "2023-01-31": {
        "Tax Effect Of Unusual Items": NaN,
        "Tax Rate For Calcs": NaN,
        "Normalized EBITDA": NaN,
        "Net Income From Continuing Operation Net Minority Interest": NaN,
        "Reconciled Depreciation": NaN,
        "Reconciled Cost Of Revenue": NaN,
        "EBITDA": NaN,
        "EBIT": NaN,
        "Net Interest Income": NaN,
        "Interest Expense": NaN,
        "Interest Income": NaN,
        "Normalized Income": NaN,
        "Net Income From Continuing And Discontinued Operation": NaN,
        "Total Expenses": NaN,
        "Total Operating Income As Reported": NaN,
        "Diluted Average Shares": 68614000.0,
        "Basic Average Shares": 68614000.0,
        "Diluted EPS": -0.4,
        "Basic EPS": -0.4,
        "Diluted NI Availto Com Stockholders": NaN,
        "Net Income Common Stockholders": NaN,
        "Net Income": NaN,
        "Minority Interests": NaN,
        "Net Income Including Noncontrolling Interests": NaN,
        "Net Income Continuous Operations": NaN,
        "Tax Provision": NaN,
        "Pretax Income": NaN,
        "Other Income Expense": NaN,
        "Other Non Operating Income Expenses": NaN,
        "Net Non Operating Interest Income Expense": NaN,
        "Interest Expense Non Operating": NaN,
        "Interest Income Non Operating": NaN,
        "Operating Income": NaN,
        "Operating Expense": NaN,
        "Depreciation Amortization Depletion Income Statement": NaN,
        "Depreciation And Amortization In Income Statement": NaN,
        "Amortization": NaN,
        "Amortization Of Intangibles Income Statement": NaN,
        "Research And Development": NaN,
        "Selling General And Administration": NaN,
        "Gross Profit": NaN,
        "Cost Of Revenue": NaN,
        "Total Revenue": NaN,
        "Operating Revenue": NaN
    },
    "2022-10-31": {
        "Tax Effect Of Unusual Items": NaN,
        "Tax Rate For Calcs": NaN,
        "Normalized EBITDA": NaN,
        "Net Income From Continuing Operation Net Minority Interest": NaN,
        "Reconciled Depreciation": NaN,
        "Reconciled Cost Of Revenue": NaN,
        "EBITDA": NaN,
        "EBIT": NaN,
        "Net Interest Income": NaN,
        "Interest Expense": NaN,
        "Interest Income": NaN,
        "Normalized Income": NaN,
        "Net Income From Continuing And Discontinued Operation": NaN,
        "Total Expenses": NaN,
        "Total Operating Income As Reported": NaN,
        "Diluted Average Shares": 68081000.0,
        "Basic Average Shares": 68081000.0,
        "Diluted EPS": -0.41,
        "Basic EPS": -0.41,
        "Diluted NI Availto Com Stockholders": NaN,
        "Net Income Common Stockholders": NaN,
        "Net Income": NaN,
        "Minority Interests": NaN,
        "Net Income Including Noncontrolling Interests": NaN,
        "Net Income Continuous Operations": NaN,
        "Tax Provision": NaN,
        "Pretax Income": NaN,
        "Other Income Expense": NaN,
        "Other Non Operating Income Expenses": NaN,
        "Net Non Operating Interest Income Expense": NaN,
        "Interest Expense Non Operating": NaN,
        "Interest Income Non Operating": NaN,
        "Operating Income": NaN,
        "Operating Expense": NaN,
        "Depreciation Amortization Depletion Income Statement": NaN,
        "Depreciation And Amortization In Income Statement": NaN,
        "Amortization": NaN,
        "Amortization Of Intangibles Income Statement": NaN,
        "Research And Development": NaN,
        "Selling General And Administration": NaN,
        "Gross Profit": NaN,
        "Cost Of Revenue": NaN,
        "Total Revenue": NaN,
        "Operating Revenue": NaN
    },
    "2022-07-31": {
        "Tax Effect Of Unusual Items": 0.0,
        "Tax Rate For Calcs": 0.4,
        "Normalized EBITDA": -22314000.0,
        "Net Income From Continuing Operation Net Minority Interest": -28874000.0,
        "Reconciled Depreciation": 4730000.0,
        "Reconciled Cost Of Revenue": 25195000.0,
        "EBITDA": -22314000.0,
        "EBIT": -27044000.0,
        "Net Interest Income": -147000.0,
        "Interest Expense": 340000.0,
        "Interest Income": 193000.0,
        "Normalized Income": -28874000.0,
        "Net Income From Continuing And Discontinued Operation": -28874000.0,
        "Total Expenses": 107515000.0,
        "Total Operating Income As Reported": -26410000.0,
        "Diluted Average Shares": 67677000.0,
        "Basic Average Shares": 67677000.0,
        "Diluted EPS": -0.43,
        "Basic EPS": -0.43,
        "Diluted NI Availto Com Stockholders": -28874000.0,
        "Net Income Common Stockholders": -28874000.0,
        "Net Income": -28874000.0,
        "Minority Interests": -1178000.0,
        "Net Income Including Noncontrolling Interests": -27696000.0,
        "Net Income Continuous Operations": -27696000.0,
        "Tax Provision": 312000.0,
        "Pretax Income": -27384000.0,
        "Other Income Expense": -827000.0,
        "Other Non Operating Income Expenses": -827000.0,
        "Net Non Operating Interest Income Expense": -147000.0,
        "Interest Expense Non Operating": 340000.0,
        "Interest Income Non Operating": 193000.0,
        "Operating Income": -26410000.0,
        "Operating Expense": 77841000.0,
        "Depreciation Amortization Depletion Income Statement": 251000.0,
        "Depreciation And Amortization In Income Statement": 251000.0,
        "Amortization": 251000.0,
        "Amortization Of Intangibles Income Statement": 251000.0,
        "Research And Development": 38547000.0,
        "Selling General And Administration": 39043000.0,
        "Gross Profit": 51431000.0,
        "Cost Of Revenue": 29674000.0,
        "Total Revenue": 81105000.0,
        "Operating Revenue": 81105000.0
    },
    "2022-04-30": {
        "Diluted EPS": -0.45,
        "Total Revenue": 86,
        "Gross Profit": 52,
        "Operating Income": -30,
        "EBIT": -26,
        "Net Income": -30
    },
    "2022-01-31": {
        "Diluted EPS": -0.18,
        "Total Revenue": 125,
        "Gross Profit": 90,
        "Operating Income": 4,
        "EBIT": 9,
        "Net Income": -12
    },
    "2021-10-31": {
        "Diluted EPS": 0.03,
        "Total Revenue": 118,
        "Gross Profit": 86,
        "Operating Income": 7,
        "EBIT": 12,
        "Net Income": 2
    },
    "2021-07-31": {
        "Diluted EPS": 0.0,
        "Total Revenue": 116,
        "Gross Profit": 84,
        "Operating Income": 2,
        "EBIT": 7,
        "Net Income": 0
    },
    "2021-04-30": {
        "Diluted EPS": -0.07,
        "Total Revenue": 115,
        "Gross Profit": 82,
        "Operating Income": -3,
        "EBIT": 5,
        "Net Income": -4
    },
    "2021-01-31": {
        "Diluted EPS": 0.07,
        "Total Revenue": 124,
        "Gross Profit": 87,
        "Operating Income": 0,
        "EBIT": 8,
        "Net Income": 4
    },
    "2020-10-31": {
        "Diluted EPS": 0.15,
        "Total Revenue": 319,
        "Gross Profit": 224,
        "Operating Income": 18,
        "EBIT": 24,
        "Net Income": 10
    },
    "2020-07-31": {
        "Diluted EPS": 0.07,
        "Total Revenue": 105,
        "Gross Profit": 73,
        "Operating Income": 11,
        "EBIT": 16,
        "Net Income": 4
    },
    "2020-04-30": {
        "Diluted EPS": -0.04,
        "Total Revenue": 101,
        "Gross Profit": 69,
        "Operating Income": -3,
        "EBIT": 2,
        "Net Income": -2
    },
    "2020-01-31": {
        "Diluted EPS": 0.06,
        "Total Revenue": 129,
        "Gross Profit": 83,
        "Operating Income": 129,
        "EBIT": 129,
        "Net Income": 4
    },
    "2019-07-31": {
        "Diluted EPS": 0.0,
        "Total Revenue": NaN,
        "Gross Profit": NaN,
        "Operating Income": NaN,
        "EBIT": NaN,
        "Net Income": NaN
    },
    "2019-01-31": {
        "Diluted EPS": 0.0,
        "Total Revenue": NaN,
        "Gross Profit": NaN,
        "Operating Income": NaN,
        "EBIT": NaN,
        "Net Income": NaN
    },
    "2023-07-31": {
        "Tax Effect Of Unusual Items": NaN,
        "Tax Rate For Calcs": NaN,
        "Normalized EBITDA": NaN,
        "Net Income From Continuing Operation Net Minority Interest": NaN,
        "Reconciled Depreciation": NaN,
        "Reconciled Cost Of Revenue": NaN,
        "EBITDA": NaN,
        "EBIT": NaN,
        "Net Interest Income": NaN,
        "Interest Expense": NaN,
        "Interest Income": NaN,
        "Normalized Income": NaN,
        "Net Income From Continuing And Discontinued Operation": NaN,
        "Total Expenses": NaN,
        "Total Operating Income As Reported": NaN,
        "Diluted Average Shares": 70134000.0,
        "Basic Average Shares": 70134000.0,
        "Diluted EPS": -0.13,
        "Basic EPS": -0.13,
        "Diluted NI Availto Com Stockholders": NaN,
        "Net Income Common Stockholders": NaN,
        "Net Income": NaN,
        "Minority Interests": NaN,
        "Net Income Including Noncontrolling Interests": NaN,
        "Net Income Continuous Operations": NaN,
        "Tax Provision": NaN,
        "Pretax Income": NaN,
        "Other Income Expense": NaN,
        "Other Non Operating Income Expenses": NaN,
        "Net Non Operating Interest Income Expense": NaN,
        "Interest Expense Non Operating": NaN,
        "Interest Income Non Operating": NaN,
        "Operating Income": NaN,
        "Operating Expense": NaN,
        "Depreciation Amortization Depletion Income Statement": NaN,
        "Depreciation And Amortization In Income Statement": NaN,
        "Amortization": NaN,
        "Amortization Of Intangibles Income Statement": NaN,
        "Research And Development": NaN,
        "Selling General And Administration": NaN,
        "Gross Profit": NaN,
        "Cost Of Revenue": NaN,
        "Total Revenue": NaN,
        "Operating Revenue": NaN
    },
    "2023-10-31": {
        "Tax Effect Of Unusual Items": NaN,
        "Tax Rate For Calcs": NaN,
        "Normalized EBITDA": NaN,
        "Net Income From Continuing Operation Net Minority Interest": NaN,
        "Reconciled Depreciation": NaN,
        "Reconciled Cost Of Revenue": NaN,
        "EBITDA": NaN,
        "EBIT": NaN,
        "Net Interest Income": NaN,
        "Interest Expense": NaN,
        "Interest Income": NaN,
        "Normalized Income": NaN,
        "Net Income From Continuing And Discontinued Operation": NaN,
        "Total Expenses": NaN,
        "Total Operating Income As Reported": NaN,
        "Diluted Average Shares": 70732000.0,
        "Basic Average Shares": 70345000.0,
        "Diluted EPS": 0.07,
        "Basic EPS": 0.07,
        "Diluted NI Availto Com Stockholders": NaN,
        "Net Income Common Stockholders": NaN,
        "Net Income": NaN,
        "Minority Interests": NaN,
        "Net Income Including Noncontrolling Interests": NaN,
        "Net Income Continuous Operations": NaN,
        "Tax Provision": NaN,
        "Pretax Income": NaN,
        "Other Income Expense": NaN,
        "Other Non Operating Income Expenses": NaN,
        "Net Non Operating Interest Income Expense": NaN,
        "Interest Expense Non Operating": NaN,
        "Interest Income Non Operating": NaN,
        "Operating Income": NaN,
        "Operating Expense": NaN,
        "Depreciation Amortization Depletion Income Statement": NaN,
        "Depreciation And Amortization In Income Statement": NaN,
        "Amortization": NaN,
        "Amortization Of Intangibles Income Statement": NaN,
        "Research And Development": NaN,
        "Selling General And Administration": NaN,
        "Gross Profit": NaN,
        "Cost Of Revenue": NaN,
        "Total Revenue": NaN,
        "Operating Revenue": NaN
    },
    "2024-01-31": {
        "Tax Effect Of Unusual Items": 0.0,
        "Tax Rate For Calcs": 0.23,
        "Normalized EBITDA": -2517000.0,
        "Net Income From Continuing Operation Net Minority Interest": -2614000.0,
        "Reconciled Depreciation": 3470000.0,
        "Reconciled Cost Of Revenue": 22988000.0,
        "EBITDA": -2517000.0,
        "EBIT": -5987000.0,
        "Net Interest Income": 559000.0,
        "Interest Expense": 4000.0,
        "Interest Income": 563000.0,
        "Normalized Income": -2614000.0,
        "Net Income From Continuing And Discontinued Operation": -2614000.0,
        "Total Expenses": 86545000.0,
        "Total Operating Income As Reported": -2854000.0,
        "Diluted Average Shares": NaN,
        "Basic Average Shares": NaN,
        "Diluted EPS": NaN,
        "Basic EPS": NaN,
        "Diluted NI Availto Com Stockholders": -2614000.0,
        "Net Income Common Stockholders": -2614000.0,
        "Net Income": -2614000.0,
        "Minority Interests": -737000.0,
        "Net Income Including Noncontrolling Interests": -1877000.0,
        "Net Income Continuous Operations": -1877000.0,
        "Tax Provision": -4114000.0,
        "Pretax Income": -5991000.0,
        "Other Income Expense": -3696000.0,
        "Other Non Operating Income Expenses": -7288000.0,
        "Net Non Operating Interest Income Expense": 559000.0,
        "Interest Expense Non Operating": 4000.0,
        "Interest Income Non Operating": 563000.0,
        "Operating Income": -2854000.0,
        "Operating Expense": 60207000.0,
        "Depreciation Amortization Depletion Income Statement": 120000.0,
        "Depreciation And Amortization In Income Statement": 120000.0,
        "Amortization": 120000.0,
        "Amortization Of Intangibles Income Statement": 120000.0,
        "Research And Development": 27035000.0,
        "Selling General And Administration": 33052000.0,
        "Gross Profit": 57353000.0,
        "Cost Of Revenue": 26338000.0,
        "Total Revenue": 83691000.0,
        "Operating Revenue": 83691000.0
    },
    "2024-04-30": {
        "Tax Effect Of Unusual Items": 0.0,
        "Tax Rate For Calcs": 0.23,
        "Normalized EBITDA": 1759000.0,
        "Net Income From Continuing Operation Net Minority Interest": -5117000.0,
        "Reconciled Depreciation": 3275000.0,
        "Reconciled Cost Of Revenue": 21130000.0,
        "EBITDA": 1759000.0,
        "EBIT": -1516000.0,
        "Net Interest Income": 558000.0,
        "Interest Expense": 10000.0,
        "Interest Income": 568000.0,
        "Normalized Income": -5117000.0,
        "Net Income From Continuing And Discontinued Operation": -5117000.0,
        "Total Expenses": 84996000.0,
        "Total Operating Income As Reported": -2282000.0,
        "Diluted Average Shares": 71029000.0,
        "Basic Average Shares": 71029000.0,
        "Diluted EPS": -0.07,
        "Basic EPS": -0.07,
        "Diluted NI Availto Com Stockholders": -5117000.0,
        "Net Income Common Stockholders": -5117000.0,
        "Net Income": -5117000.0,
        "Minority Interests": -1516000.0,
        "Net Income Including Noncontrolling Interests": -3601000.0,
        "Net Income Continuous Operations": -3601000.0,
        "Tax Provision": 2075000.0,
        "Pretax Income": -1526000.0,
        "Other Income Expense": 198000.0,
        "Other Non Operating Income Expenses": 198000.0,
        "Net Non Operating Interest Income Expense": 558000.0,
        "Interest Expense Non Operating": 10000.0,
        "Interest Income Non Operating": 568000.0,
        "Operating Income": -2282000.0,
        "Operating Expense": 60664000.0,
        "Depreciation Amortization Depletion Income Statement": 73000.0,
        "Depreciation And Amortization In Income Statement": 73000.0,
        "Amortization": 73000.0,
        "Amortization Of Intangibles Income Statement": 73000.0,
        "Research And Development": 26825000.0,
        "Selling General And Administration": 33766000.0,
        "Gross Profit": 58382000.0,
        "Cost Of Revenue": 24332000.0,
        "Total Revenue": 82714000.0,
        "Operating Revenue": 82714000.0
    },
    "2024-07-31": {
        "Tax Effect Of Unusual Items": 0.0,
        "Tax Rate For Calcs": 0.23,
        "Normalized EBITDA": 3132000.0,
        "Net Income From Continuing Operation Net Minority Interest": -1934000.0,
        "Reconciled Depreciation": 3904000.0,
        "Reconciled Cost Of Revenue": 20957000.0,
        "EBITDA": 3132000.0,
        "EBIT": -772000.0,
        "Net Interest Income": 503000.0,
        "Interest Expense": 29000.0,
        "Interest Income": 532000.0,
        "Normalized Income": -1934000.0,
        "Net Income From Continuing And Discontinued Operation": -1934000.0,
        "Total Expenses": 85803000.0,
        "Total Operating Income As Reported": -1390000.0,
        "Diluted Average Shares": 71800000.0,
        "Basic Average Shares": 71800000.0,
        "Diluted EPS": -0.03,
        "Basic EPS": -0.03,
        "Diluted NI Availto Com Stockholders": -1934000.0,
        "Net Income Common Stockholders": -1934000.0,
        "Net Income": -1934000.0,
        "Minority Interests": -1079000.0,
        "Net Income Including Noncontrolling Interests": -855000.0,
        "Net Income Continuous Operations": -855000.0,
        "Tax Provision": 54000.0,
        "Pretax Income": -801000.0,
        "Other Income Expense": 86000.0,
        "Other Non Operating Income Expenses": 86000.0,
        "Net Non Operating Interest Income Expense": 503000.0,
        "Interest Expense Non Operating": 29000.0,
        "Interest Income Non Operating": 532000.0,
        "Operating Income": -1390000.0,
        "Operating Expense": 61014000.0,
        "Depreciation Amortization Depletion Income Statement": 72000.0,
        "Depreciation And Amortization In Income Statement": 72000.0,
        "Amortization": 72000.0,
        "Amortization Of Intangibles Income Statement": 72000.0,
        "Research And Development": 26180000.0,
        "Selling General And Administration": 34762000.0,
        "Gross Profit": 59624000.0,
        "Cost Of Revenue": 24789000.0,
        "Total Revenue": 84413000.0,
        "Operating Revenue": 84413000.0
    },
    "2024-10-31": {
        "Tax Effect Of Unusual Items": 0.0,
        "Tax Rate For Calcs": 0.23,
        "Normalized EBITDA": 1457000.0,
        "Net Income From Continuing Operation Net Minority Interest": -3772000.0,
        "Reconciled Depreciation": 3205000.0,
        "Reconciled Cost Of Revenue": 23991000.0,
        "EBITDA": 1457000.0,
        "EBIT": -1748000.0,
        "Net Interest Income": 653000.0,
        "Interest Expense": 20000.0,
        "Interest Income": 673000.0,
        "Normalized Income": -3772000.0,
        "Net Income From Continuing And Discontinued Operation": -3772000.0,
        "Total Expenses": 91151000.0,
        "Total Operating Income As Reported": -2151000.0,
        "Diluted Average Shares": 71937000.0,
        "Basic Average Shares": 71937000.0,
        "Diluted EPS": -0.05,
        "Basic EPS": -0.05,
        "Diluted NI Availto Com Stockholders": -3772000.0,
        "Net Income Common Stockholders": -3772000.0,
        "Net Income": -3772000.0,
        "Minority Interests": -1210000.0,
        "Net Income Including Noncontrolling Interests": -2562000.0,
        "Net Income Continuous Operations": -2562000.0,
        "Tax Provision": 794000.0,
        "Pretax Income": -1768000.0,
        "Other Income Expense": -270000.0,
        "Other Non Operating Income Expenses": -270000.0,
        "Net Non Operating Interest Income Expense": 653000.0,
        "Interest Expense Non Operating": 20000.0,
        "Interest Income Non Operating": 673000.0,
        "Operating Income": -2151000.0,
        "Operating Expense": 64028000.0,
        "Depreciation Amortization Depletion Income Statement": 73000.0,
        "Depreciation And Amortization In Income Statement": 73000.0,
        "Amortization": 73000.0,
        "Amortization Of Intangibles Income Statement": 73000.0,
        "Research And Development": 27192000.0,
        "Selling General And Administration": 36763000.0,
        "Gross Profit": 61877000.0,
        "Cost Of Revenue": 27123000.0,
        "Total Revenue": 89000000.0,
        "Operating Revenue": 89000000.0
    },
    "2025-01-31": {
        "Tax Effect Of Unusual Items": 0.0,
        "Tax Rate For Calcs": 0.214545,
        "Normalized EBITDA": 3034000.0,
        "Net Income From Continuing Operation Net Minority Interest": -1228000.0,
        "Reconciled Depreciation": 3268000.0,
        "Reconciled Cost Of Revenue": 24238000.0,
        "EBITDA": 3034000.0,
        "EBIT": -234000.0,
        "Net Interest Income": 656000.0,
        "Interest Expense": 41000.0,
        "Interest Income": 697000.0,
        "Normalized Income": -1228000.0,
        "Net Income From Continuing And Discontinued Operation": -1228000.0,
        "Total Expenses": 93808000.0,
        "Total Operating Income As Reported": 697000.0,
        "Diluted Average Shares": 72406000.0,
        "Basic Average Shares": 72406000.0,
        "Diluted EPS": -0.02,
        "Basic EPS": -0.02,
        "Diluted NI Availto Com Stockholders": -1228000.0,
        "Net Income Common Stockholders": -1228000.0,
        "Net Income": -1228000.0,
        "Minority Interests": -1012000.0,
        "Net Income Including Noncontrolling Interests": -216000.0,
        "Net Income Continuous Operations": -216000.0,
        "Tax Provision": -59000.0,
        "Pretax Income": -275000.0,
        "Other Income Expense": -1628000.0,
        "Other Non Operating Income Expenses": -409000.0,
        "Net Non Operating Interest Income Expense": 656000.0,
        "Interest Expense Non Operating": 41000.0,
        "Interest Income Non Operating": 697000.0,
        "Operating Income": 697000.0,
        "Operating Expense": 66342000.0,
        "Depreciation Amortization Depletion Income Statement": 40000.0,
        "Depreciation And Amortization In Income Statement": 40000.0,
        "Amortization": 40000.0,
        "Amortization Of Intangibles Income Statement": 40000.0,
        "Research And Development": 28077000.0,
        "Selling General And Administration": 38225000.0,
        "Gross Profit": 67039000.0,
        "Cost Of Revenue": 27466000.0,
        "Total Revenue": 94505000.0,
        "Operating Revenue": 94505000.0
    },
    "2025-04-30": {
        "Tax Effect Of Unusual Items": 0.0,
        "Tax Rate For Calcs": 0.23,
        "Normalized EBITDA": 7119000.0,
        "Net Income From Continuing Operation Net Minority Interest": -981000.0,
        "Reconciled Depreciation": 2787000.0,
        "Reconciled Cost Of Revenue": 24615000.0,
        "EBITDA": 7119000.0,
        "EBIT": 4332000.0,
        "Net Interest Income": 605000.0,
        "Interest Expense": 53000.0,
        "Interest Income": 658000.0,
        "Normalized Income": -981000.0,
        "Net Income From Continuing And Discontinued Operation": -981000.0,
        "Total Expenses": 93395000.0,
        "Total Operating Income As Reported": 2153000.0,
        "Diluted Average Shares": 72225000.0,
        "Basic Average Shares": 72225000.0,
        "Diluted EPS": -0.01,
        "Basic EPS": -0.01,
        "Diluted NI Availto Com Stockholders": -981000.0,
        "Net Income Common Stockholders": -981000.0,
        "Net Income": -981000.0,
        "Minority Interests": -1123000.0,
        "Net Income Including Noncontrolling Interests": 142000.0,
        "Net Income Continuous Operations": 142000.0,
        "Tax Provision": 4137000.0,
        "Pretax Income": 4279000.0,
        "Other Income Expense": 1521000.0,
        "Other Non Operating Income Expenses": 1521000.0,
        "Net Non Operating Interest Income Expense": 605000.0,
        "Interest Expense Non Operating": 53000.0,
        "Interest Income Non Operating": 658000.0,
        "Operating Income": 2153000.0,
        "Operating Expense": 65993000.0,
        "Depreciation Amortization Depletion Income Statement": 0.0,
        "Depreciation And Amortization In Income Statement": 0.0,
        "Amortization": 0.0,
        "Amortization Of Intangibles Income Statement": 0.0,
        "Research And Development": 29098000.0,
        "Selling General And Administration": 36895000.0,
        "Gross Profit": 68146000.0,
        "Cost Of Revenue": 27402000.0,
        "Total Revenue": 95548000.0,
        "Operating Revenue": 95548000.0
    }
}