{
    "2023-03-31": {
        "Tax Effect Of Unusual Items": NaN,
        "Tax Rate For Calcs": NaN,
        "Normalized EBITDA": NaN,
        "Total Unusual Items": NaN,
        "Total Unusual Items Excluding Goodwill": NaN,
        "Net Income From Continuing Operation Net Minority Interest": NaN,
        "Reconciled Depreciation": NaN,
        "Reconciled Cost Of Revenue": NaN,
        "EBITDA": NaN,
        "EBIT": NaN,
        "Normalized Income": NaN,
        "Net Income From Continuing And Discontinued Operation": NaN,
        "Total Expenses": NaN,
        "Total Operating Income As Reported": NaN,
        "Diluted Average Shares": 173903000.0,
        "Basic Average Shares": 172624000.0,
        "Diluted EPS": 0.15,
        "Basic EPS": 0.15,
        "Diluted NI Availto Com Stockholders": NaN,
        "Net Income Common Stockholders": NaN,
        "Net Income": NaN,
        "Net Income Including Noncontrolling Interests": NaN,
        "Net Income Continuous Operations": NaN,
        "Tax Provision": NaN,
        "Pretax Income": NaN,
        "Other Income Expense": NaN,
        "Other Non Operating Income Expenses": NaN,
        "Special Income Charges": NaN,
        "Other Special Charges": NaN,
        "Gain On Sale Of Security": NaN,
        "Operating Income": NaN,
        "Operating Expense": NaN,
        "Research And Development": NaN,
        "Selling General And Administration": NaN,
        "Gross Profit": NaN,
        "Cost Of Revenue": NaN,
        "Total Revenue": NaN,
        "Operating Revenue": NaN
    },
    "2022-12-31": {
        "Tax Effect Of Unusual Items": NaN,
        "Tax Rate For Calcs": NaN,
        "Normalized EBITDA": NaN,
        "Total Unusual Items": NaN,
        "Total Unusual Items Excluding Goodwill": NaN,
        "Net Income From Continuing Operation Net Minority Interest": NaN,
        "Reconciled Depreciation": NaN,
        "Reconciled Cost Of Revenue": NaN,
        "EBITDA": NaN,
        "EBIT": NaN,
        "Normalized Income": NaN,
        "Net Income From Continuing And Discontinued Operation": NaN,
        "Total Expenses": NaN,
        "Total Operating Income As Reported": NaN,
        "Diluted Average Shares": NaN,
        "Basic Average Shares": NaN,
        "Diluted EPS": NaN,
        "Basic EPS": NaN,
        "Diluted NI Availto Com Stockholders": NaN,
        "Net Income Common Stockholders": NaN,
        "Net Income": NaN,
        "Net Income Including Noncontrolling Interests": NaN,
        "Net Income Continuous Operations": NaN,
        "Tax Provision": NaN,
        "Pretax Income": NaN,
        "Other Income Expense": NaN,
        "Other Non Operating Income Expenses": NaN,
        "Special Income Charges": -2142000.0,
        "Other Special Charges": 485000.0,
        "Gain On Sale Of Security": NaN,
        "Operating Income": NaN,
        "Operating Expense": NaN,
        "Research And Development": NaN,
        "Selling General And Administration": NaN,
        "Gross Profit": NaN,
        "Cost Of Revenue": NaN,
        "Total Revenue": NaN,
        "Operating Revenue": NaN
    },
    "2022-09-30": {
        "Tax Effect Of Unusual Items": NaN,
        "Tax Rate For Calcs": NaN,
        "Normalized EBITDA": NaN,
        "Total Unusual Items": NaN,
        "Total Unusual Items Excluding Goodwill": NaN,
        "Net Income From Continuing Operation Net Minority Interest": NaN,
        "Reconciled Depreciation": NaN,
        "Reconciled Cost Of Revenue": NaN,
        "EBITDA": NaN,
        "EBIT": NaN,
        "Normalized Income": NaN,
        "Net Income From Continuing And Discontinued Operation": NaN,
        "Total Expenses": NaN,
        "Total Operating Income As Reported": NaN,
        "Diluted Average Shares": NaN,
        "Basic Average Shares": NaN,
        "Diluted EPS": NaN,
        "Basic EPS": NaN,
        "Diluted NI Availto Com Stockholders": NaN,
        "Net Income Common Stockholders": NaN,
        "Net Income": NaN,
        "Net Income Including Noncontrolling Interests": NaN,
        "Net Income Continuous Operations": NaN,
        "Tax Provision": NaN,
        "Pretax Income": NaN,
        "Other Income Expense": NaN,
        "Other Non Operating Income Expenses": NaN,
        "Special Income Charges": -2891000.0,
        "Other Special Charges": 2891000.0,
        "Gain On Sale Of Security": NaN,
        "Operating Income": NaN,
        "Operating Expense": NaN,
        "Research And Development": NaN,
        "Selling General And Administration": NaN,
        "General And Administrative Expense": 79646000.0,
        "Other Gand A": 73669000.0,
        "Salaries And Wages": 5977000.0,
        "Gross Profit": NaN,
        "Cost Of Revenue": NaN,
        "Total Revenue": NaN,
        "Operating Revenue": NaN
    },
    "2022-06-30": {
        "Tax Effect Of Unusual Items": -1320300.0,
        "Tax Rate For Calcs": 0.09,
        "Normalized EBITDA": 98762000.0,
        "Total Unusual Items": -14670000.0,
        "Total Unusual Items Excluding Goodwill": -14670000.0,
        "Net Income From Continuing Operation Net Minority Interest": 58901000.0,
        "Reconciled Depreciation": 4819000.0,
        "Reconciled Cost Of Revenue": 78143000.0,
        "EBITDA": 84092000.0,
        "EBIT": 79273000.0,
        "Normalized Income": 72250700.0,
        "Net Income From Continuing And Discontinued Operation": 58901000.0,
        "Total Expenses": 195355000.0,
        "Total Operating Income As Reported": 65141000.0,
        "Diluted Average Shares": 174993000.0,
        "Basic Average Shares": 173507000.0,
        "Diluted EPS": 0.34,
        "Basic EPS": 0.34,
        "Diluted NI Availto Com Stockholders": 58901000.0,
        "Net Income Common Stockholders": 58901000.0,
        "Net Income": 58901000.0,
        "Net Income Including Noncontrolling Interests": 58901000.0,
        "Net Income Continuous Operations": 58901000.0,
        "Tax Provision": 5514000.0,
        "Pretax Income": 64415000.0,
        "Other Income Expense": -14858000.0,
        "Other Non Operating Income Expenses": -188000.0,
        "Special Income Charges": -17403000.0,
        "Other Special Charges": 17403000.0,
        "Restructuring And Mergern Acquisition": NaN,
        "Gain On Sale Of Security": 2733000.0,
        "Operating Income": 79273000.0,
        "Operating Expense": 117212000.0,
        "Research And Development": 33991000.0,
        "Selling General And Administration": 83221000.0,
        "General And Administrative Expense": 83221000.0,
        "Other Gand A": 75764000.0,
        "Salaries And Wages": 7457000.0,
        "Gross Profit": 196485000.0,
        "Cost Of Revenue": 78143000.0,
        "Total Revenue": 274628000.0,
        "Operating Revenue": 274628000.0
    },
    "2023-06-30": {
        "Tax Effect Of Unusual Items": NaN,
        "Tax Rate For Calcs": NaN,
        "Normalized EBITDA": NaN,
        "Total Unusual Items": NaN,
        "Total Unusual Items Excluding Goodwill": NaN,
        "Net Income From Continuing Operation Net Minority Interest": NaN,
        "Reconciled Depreciation": NaN,
        "Reconciled Cost Of Revenue": NaN,
        "EBITDA": NaN,
        "EBIT": NaN,
        "Normalized Income": NaN,
        "Net Income From Continuing And Discontinued Operation": NaN,
        "Total Expenses": NaN,
        "Total Operating Income As Reported": NaN,
        "Diluted Average Shares": 173622000.0,
        "Basic Average Shares": 172429000.0,
        "Diluted EPS": 0.33,
        "Basic EPS": 0.33,
        "Diluted NI Availto Com Stockholders": NaN,
        "Net Income Common Stockholders": NaN,
        "Net Income": NaN,
        "Net Income Including Noncontrolling Interests": NaN,
        "Net Income Continuous Operations": NaN,
        "Tax Provision": NaN,
        "Pretax Income": NaN,
        "Other Income Expense": NaN,
        "Other Non Operating Income Expenses": NaN,
        "Special Income Charges": NaN,
        "Other Special Charges": -2500000.0,
        "Gain On Sale Of Security": NaN,
        "Operating Income": NaN,
        "Operating Expense": NaN,
        "Research And Development": NaN,
        "Selling General And Administration": NaN,
        "Gross Profit": NaN,
        "Cost Of Revenue": NaN,
        "Total Revenue": NaN,
        "Operating Revenue": NaN
    },
    "2022-03-31": {
        "Diluted EPS": 0.38,
        "Total Revenue": 282,
        "Gross Profit": 204,
        "Operating Income": 87,
        "EBIT": 93,
        "Net Income": 67
    },
    "2021-12-31": {
        "Diluted EPS": 0.3,
        "Total Revenue": 244,
        "Gross Profit": 175,
        "Operating Income": 57,
        "EBIT": 63,
        "Net Income": 54
    },
    "2021-09-30": {
        "Diluted EPS": 0.44,
        "Total Revenue": 285,
        "Gross Profit": 199,
        "Operating Income": 88,
        "EBIT": 94,
        "Net Income": 79
    },
    "2021-06-30": {
        "Diluted EPS": 0.43,
        "Total Revenue": 269,
        "Gross Profit": 201,
        "Operating Income": 93,
        "EBIT": 99,
        "Net Income": 78
    },
    "2021-03-31": {
        "Diluted EPS": 0.39,
        "Total Revenue": 239,
        "Gross Profit": 185,
        "Operating Income": 78,
        "EBIT": 84,
        "Net Income": 70
    },
    "2020-12-31": {
        "Diluted EPS": 0.4,
        "Total Revenue": 224,
        "Gross Profit": 168,
        "Operating Income": 59,
        "EBIT": 66,
        "Net Income": 69
    },
    "2020-09-30": {
        "Diluted EPS": 0.49,
        "Total Revenue": 251,
        "Gross Profit": 191,
        "Operating Income": 97,
        "EBIT": 103,
        "Net Income": 88
    },
    "2020-06-30": {
        "Diluted EPS": -0.01,
        "Total Revenue": 169,
        "Gross Profit": 119,
        "Operating Income": -6,
        "EBIT": 1,
        "Net Income": -1
    },
    "2020-03-31": {
        "Diluted EPS": 0.12,
        "Total Revenue": 167,
        "Gross Profit": 126,
        "Operating Income": 21,
        "EBIT": 28,
        "Net Income": 20
    },
    "2019-12-31": {
        "Diluted EPS": 0.45,
        "Total Revenue": 170,
        "Gross Profit": 125,
        "Operating Income": 18,
        "EBIT": 25,
        "Net Income": 80
    },
    "2019-09-30": {
        "Diluted EPS": 0.24,
        "Total Revenue": 183,
        "Gross Profit": 136,
        "Operating Income": 43,
        "EBIT": 49,
        "Net Income": 42
    },
    "2019-06-30": {
        "Diluted EPS": 0.28,
        "Total Revenue": 199,
        "Gross Profit": 148,
        "Operating Income": 52,
        "EBIT": 59,
        "Net Income": 49
    },
    "2019-03-31": {
        "Diluted EPS": 0.19,
        "Total Revenue": 173,
        "Gross Profit": 127,
        "Operating Income": 30,
        "EBIT": 35,
        "Net Income": 33
    },
    "2018-12-31": {
        "Diluted EPS": 0.26,
        "Total Revenue": 193,
        "Gross Profit": 140,
        "Operating Income": 45,
        "EBIT": 51,
        "Net Income": 45
    },
    "2018-09-30": {
        "Diluted EPS": 0.45,
        "Total Revenue": 232,
        "Gross Profit": 173,
        "Operating Income": 78,
        "EBIT": 83,
        "Net Income": 80
    },
    "2018-06-30": {
        "Diluted EPS": 0.32,
        "Total Revenue": 211,
        "Gross Profit": 157,
        "Operating Income": 63,
        "EBIT": 69,
        "Net Income": 56
    },
    "2018-03-31": {
        "Diluted EPS": 0.21,
        "Total Revenue": 170,
        "Gross Profit": 129,
        "Operating Income": 35,
        "EBIT": 40,
        "Net Income": 37
    },
    "2017-12-31": {
        "Diluted EPS": -0.16,
        "Total Revenue": 183,
        "Gross Profit": 138,
        "Operating Income": 51,
        "EBIT": 55,
        "Net Income": -28
    },
    "2017-09-30": {
        "Diluted EPS": 0.57,
        "Total Revenue": 266,
        "Gross Profit": 198,
        "Operating Income": 111,
        "EBIT": 115,
        "Net Income": 102
    },
    "2017-06-30": {
        "Diluted EPS": 0.32,
        "Total Revenue": 178,
        "Gross Profit": 136,
        "Operating Income": 60,
        "EBIT": 64,
        "Net Income": 56
    },
    "2017-03-31": {
        "Diluted EPS": 0.25,
        "Total Revenue": 139,
        "Gross Profit": 107,
        "Operating Income": 37,
        "EBIT": 41,
        "Net Income": 45
    },
    "2016-12-31": {
        "Diluted EPS": 0.2,
        "Total Revenue": 138,
        "Gross Profit": 96,
        "Operating Income": 34,
        "EBIT": 38,
        "Net Income": 32
    },
    "2016-09-30": {
        "Diluted EPS": 0.31,
        "Total Revenue": 148,
        "Gross Profit": 115,
        "Operating Income": 55,
        "EBIT": 58,
        "Net Income": 54
    },
    "2016-06-30": {
        "Diluted EPS": 0.25,
        "Total Revenue": 147,
        "Gross Profit": 112,
        "Operating Income": 50,
        "EBIT": 53,
        "Net Income": 43
    },
    "2016-03-31": {
        "Diluted EPS": 0.09,
        "Total Revenue": 96,
        "Gross Profit": 75,
        "Operating Income": 16,
        "EBIT": 20,
        "Net Income": 15
    },
    "2015-12-31": {
        "Diluted EPS": 0.11,
        "Total Revenue": 98,
        "Gross Profit": 74,
        "Operating Income": 19,
        "EBIT": 23,
        "Net Income": 19
    },
    "2015-09-30": {
        "Diluted EPS": 0.6,
        "Total Revenue": 108,
        "Gross Profit": 81,
        "Operating Income": 28,
        "EBIT": 32,
        "Net Income": 104
    },
    "2015-06-30": {
        "Diluted EPS": 0.25,
        "Total Revenue": 144,
        "Gross Profit": 113,
        "Operating Income": 52,
        "EBIT": 56,
        "Net Income": 44
    },
    "2015-03-31": {
        "Diluted EPS": 0.12,
        "Total Revenue": 101,
        "Gross Profit": 79,
        "Operating Income": 22,
        "EBIT": 26,
        "Net Income": 21
    },
    "2014-12-31": {
        "Diluted EPS": 0.15,
        "Total Revenue": 89,
        "Gross Profit": 72,
        "Operating Income": 24,
        "EBIT": 28,
        "Net Income": 27
    },
    "2014-09-30": {
        "Diluted EPS": 0.29,
        "Total Revenue": 154,
        "Gross Profit": 117,
        "Operating Income": 55,
        "EBIT": 59,
        "Net Income": 50
    },
    "2014-06-30": {
        "Diluted EPS": 0.15,
        "Total Revenue": 92,
        "Gross Profit": 74,
        "Operating Income": 26,
        "EBIT": 29,
        "Net Income": 26
    },
    "2014-03-31": {
        "Diluted EPS": 0.11,
        "Total Revenue": 91,
        "Gross Profit": 70,
        "Operating Income": 22,
        "EBIT": 26,
        "Net Income": 19
    },
    "2013-12-31": {
        "Diluted EPS": 0.12,
        "Total Revenue": 96,
        "Gross Profit": 74,
        "Operating Income": 25,
        "EBIT": 28,
        "Net Income": 20
    },
    "2013-09-30": {
        "Diluted EPS": 0.12,
        "Total Revenue": 91,
        "Gross Profit": 69,
        "Operating Income": 23,
        "EBIT": 27,
        "Net Income": 21
    },
    "2013-06-30": {
        "Diluted EPS": 0.1,
        "Total Revenue": 87,
        "Gross Profit": 65,
        "Operating Income": 20,
        "EBIT": 24,
        "Net Income": 17
    },
    "2013-03-31": {
        "Diluted EPS": 0.09,
        "Total Revenue": 81,
        "Gross Profit": 61,
        "Operating Income": 18,
        "EBIT": 22,
        "Net Income": 16
    },
    "2012-12-31": {
        "Diluted EPS": 0.1,
        "Total Revenue": 82,
        "Gross Profit": 62,
        "Operating Income": 21,
        "EBIT": 24,
        "Net Income": 16
    },
    "2012-09-30": {
        "Diluted EPS": 0.1,
        "Total Revenue": 80,
        "Gross Profit": 61,
        "Operating Income": 22,
        "EBIT": 26,
        "Net Income": 18
    },
    "2012-06-30": {
        "Diluted EPS": 0.11,
        "Total Revenue": 84,
        "Gross Profit": 64,
        "Operating Income": 23,
        "EBIT": 28,
        "Net Income": 20
    },
    "2012-03-31": {
        "Diluted EPS": 0.08,
        "Total Revenue": 78,
        "Gross Profit": 59,
        "Operating Income": 18,
        "EBIT": 22,
        "Net Income": 14
    },
    "2011-12-31": {
        "Diluted EPS": 0.11,
        "Total Revenue": 84,
        "Gross Profit": 63,
        "Operating Income": 22,
        "EBIT": 26,
        "Net Income": 19
    },
    "2011-09-30": {
        "Diluted EPS": 0.11,
        "Total Revenue": 80,
        "Gross Profit": 61,
        "Operating Income": 22,
        "EBIT": 27,
        "Net Income": 18
    },
    "2011-06-30": {
        "Diluted EPS": 0.11,
        "Total Revenue": 83,
        "Gross Profit": 64,
        "Operating Income": 24,
        "EBIT": 28,
        "Net Income": 19
    },
    "2011-03-31": {
        "Diluted EPS": 0.08,
        "Total Revenue": 74,
        "Gross Profit": 56,
        "Operating Income": 17,
        "EBIT": 21,
        "Net Income": 14
    },
    "2010-12-31": {
        "Diluted EPS": 0.12,
        "Total Revenue": 85,
        "Gross Profit": 61,
        "Operating Income": 23,
        "EBIT": 27,
        "Net Income": 20
    },
    "2010-09-30": {
        "Diluted EPS": 0.11,
        "Total Revenue": 75,
        "Gross Profit": 56,
        "Operating Income": 22,
        "EBIT": 26,
        "Net Income": 18
    },
    "2010-06-30": {
        "Diluted EPS": 0.1,
        "Total Revenue": 72,
        "Gross Profit": 53,
        "Operating Income": 19,
        "EBIT": 22,
        "Net Income": 15
    },
    "2010-03-31": {
        "Diluted EPS": 0.06,
        "Total Revenue": 59,
        "Gross Profit": 43,
        "Operating Income": 11,
        "EBIT": 14,
        "Net Income": 9
    },
    "2009-12-31": {
        "Diluted EPS": 0.01,
        "Total Revenue": 51,
        "Gross Profit": 35,
        "Operating Income": 1,
        "EBIT": 4,
        "Net Income": 0
    },
    "2009-09-30": {
        "Diluted EPS": 0.03,
        "Total Revenue": 41,
        "Gross Profit": 29,
        "Operating Income": 1,
        "EBIT": 4,
        "Net Income": 5
    },
    "2009-06-30": {
        "Diluted EPS": -0.04,
        "Total Revenue": 41,
        "Gross Profit": 26,
        "Operating Income": -8,
        "EBIT": -5,
        "Net Income": -6
    },
    "2009-03-31": {
        "Diluted EPS": -0.02,
        "Total Revenue": 42,
        "Gross Profit": 29,
        "Operating Income": -6,
        "EBIT": -4,
        "Net Income": -3
    },
    "2023-09-30": {
        "Tax Effect Of Unusual Items": NaN,
        "Tax Rate For Calcs": NaN,
        "Normalized EBITDA": NaN,
        "Total Unusual Items": NaN,
        "Total Unusual Items Excluding Goodwill": NaN,
        "Net Income From Continuing Operation Net Minority Interest": NaN,
        "Reconciled Depreciation": NaN,
        "Reconciled Cost Of Revenue": NaN,
        "EBITDA": NaN,
        "EBIT": NaN,
        "Normalized Income": NaN,
        "Net Income From Continuing And Discontinued Operation": NaN,
        "Total Expenses": NaN,
        "Total Operating Income As Reported": NaN,
        "Diluted Average Shares": 173354000.0,
        "Basic Average Shares": 172169000.0,
        "Diluted EPS": 0.11,
        "Basic EPS": 0.11,
        "Diluted NI Availto Com Stockholders": NaN,
        "Net Income Common Stockholders": NaN,
        "Net Income": NaN,
        "Net Income Including Noncontrolling Interests": NaN,
        "Net Income Continuous Operations": NaN,
        "Tax Provision": NaN,
        "Pretax Income": NaN,
        "Other Income Expense": NaN,
        "Other Non Operating Income Expenses": NaN,
        "Special Income Charges": 2750000.0,
        "Other Special Charges": -2750000.0,
        "Gain On Sale Of Security": NaN,
        "Operating Income": NaN,
        "Operating Expense": NaN,
        "Research And Development": NaN,
        "Selling General And Administration": NaN,
        "Gross Profit": NaN,
        "Cost Of Revenue": NaN,
        "Total Revenue": NaN,
        "Operating Revenue": NaN
    },
    "2023-12-31": {
        "Tax Effect Of Unusual Items": 901534.415494,
        "Tax Rate For Calcs": 0.217709,
        "Normalized EBITDA": 12733000.0,
        "Total Unusual Items": 4141000.0,
        "Total Unusual Items Excluding Goodwill": 4141000.0,
        "Net Income From Continuing Operation Net Minority Interest": 11229000.0,
        "Reconciled Depreciation": 6895000.0,
        "Reconciled Cost Of Revenue": 61626000.0,
        "EBITDA": 16874000.0,
        "EBIT": 9979000.0,
        "Normalized Income": 7989534.415494,
        "Net Income From Continuing And Discontinued Operation": 11229000.0,
        "Total Expenses": 186691000.0,
        "Total Operating Income As Reported": 12729000.0,
        "Diluted Average Shares": NaN,
        "Basic Average Shares": NaN,
        "Diluted EPS": NaN,
        "Basic EPS": NaN,
        "Diluted NI Availto Com Stockholders": 11229000.0,
        "Net Income Common Stockholders": 11229000.0,
        "Net Income": 11229000.0,
        "Net Income Including Noncontrolling Interests": 11229000.0,
        "Net Income Continuous Operations": 11229000.0,
        "Tax Provision": 3125000.0,
        "Pretax Income": 14354000.0,
        "Other Income Expense": 4375000.0,
        "Other Non Operating Income Expenses": 234000.0,
        "Special Income Charges": 2750000.0,
        "Other Special Charges": -2750000.0,
        "Gain On Sale Of Security": 1391000.0,
        "Operating Income": 9979000.0,
        "Operating Expense": 125065000.0,
        "Research And Development": 34693000.0,
        "Selling General And Administration": 90372000.0,
        "Gross Profit": 135044000.0,
        "Cost Of Revenue": 61626000.0,
        "Total Revenue": 196670000.0,
        "Operating Revenue": 196670000.0
    },
    "2024-03-31": {
        "Tax Effect Of Unusual Items": 1013120.0,
        "Tax Rate For Calcs": 0.32,
        "Normalized EBITDA": 19130000.0,
        "Total Unusual Items": 3166000.0,
        "Total Unusual Items Excluding Goodwill": 3166000.0,
        "Net Income From Continuing Operation Net Minority Interest": 12022000.0,
        "Reconciled Depreciation": 8092000.0,
        "Reconciled Cost Of Revenue": 68860000.0,
        "EBITDA": 22296000.0,
        "EBIT": 14204000.0,
        "Normalized Income": 9869120.0,
        "Net Income From Continuing And Discontinued Operation": 12022000.0,
        "Total Expenses": 196593000.0,
        "Total Operating Income As Reported": 14204000.0,
        "Diluted Average Shares": 172594000.0,
        "Basic Average Shares": 171692000.0,
        "Diluted EPS": 0.07,
        "Basic EPS": 0.07,
        "Diluted NI Availto Com Stockholders": 12022000.0,
        "Net Income Common Stockholders": 12022000.0,
        "Net Income": 12022000.0,
        "Net Income Including Noncontrolling Interests": 12022000.0,
        "Net Income Continuous Operations": 12022000.0,
        "Tax Provision": 5544000.0,
        "Pretax Income": 17566000.0,
        "Other Income Expense": 3362000.0,
        "Other Non Operating Income Expenses": 196000.0,
        "Special Income Charges": NaN,
        "Other Special Charges": NaN,
        "Gain On Sale Of Security": 3166000.0,
        "Operating Income": 14204000.0,
        "Operating Expense": 127733000.0,
        "Research And Development": 37105000.0,
        "Selling General And Administration": 90628000.0,
        "Gross Profit": 141937000.0,
        "Cost Of Revenue": 68860000.0,
        "Total Revenue": 210797000.0,
        "Operating Revenue": 210797000.0
    },
    "2024-06-30": {
        "Tax Effect Of Unusual Items": 381550.0,
        "Tax Rate For Calcs": 0.13,
        "Normalized EBITDA": 43442000.0,
        "Total Unusual Items": 2935000.0,
        "Total Unusual Items Excluding Goodwill": 2935000.0,
        "Net Income From Continuing Operation Net Minority Interest": 36212000.0,
        "Reconciled Depreciation": 7920000.0,
        "Reconciled Cost Of Revenue": 72693000.0,
        "EBITDA": 46377000.0,
        "EBIT": 38457000.0,
        "Normalized Income": 33658550.0,
        "Net Income From Continuing And Discontinued Operation": 36212000.0,
        "Total Expenses": 200835000.0,
        "Total Operating Income As Reported": 38457000.0,
        "Diluted Average Shares": 172733000.0,
        "Basic Average Shares": 171568000.0,
        "Diluted EPS": 0.21,
        "Basic EPS": 0.21,
        "Diluted NI Availto Com Stockholders": 36212000.0,
        "Net Income Common Stockholders": 36212000.0,
        "Net Income": 36212000.0,
        "Net Income Including Noncontrolling Interests": 36212000.0,
        "Net Income Continuous Operations": 36212000.0,
        "Tax Provision": 5356000.0,
        "Pretax Income": 41568000.0,
        "Other Income Expense": 3111000.0,
        "Other Non Operating Income Expenses": 176000.0,
        "Special Income Charges": 0.0,
        "Other Special Charges": NaN,
        "Gain On Sale Of Security": 2935000.0,
        "Operating Income": 38457000.0,
        "Operating Expense": 128142000.0,
        "Research And Development": 34962000.0,
        "Selling General And Administration": 93180000.0,
        "Gross Profit": 166599000.0,
        "Cost Of Revenue": 72693000.0,
        "Total Revenue": 239292000.0,
        "Operating Revenue": 239292000.0
    },
    "2024-09-30": {
        "Tax Effect Of Unusual Items": 908580.0,
        "Tax Rate For Calcs": 0.19,
        "Normalized EBITDA": 35600000.0,
        "Total Unusual Items": 4782000.0,
        "Total Unusual Items Excluding Goodwill": 4782000.0,
        "Net Income From Continuing Operation Net Minority Interest": 29591000.0,
        "Reconciled Depreciation": 8818000.0,
        "Reconciled Cost Of Revenue": 75343000.0,
        "EBITDA": 40382000.0,
        "EBIT": 31564000.0,
        "Normalized Income": 25717580.0,
        "Net Income From Continuing And Discontinued Operation": 29591000.0,
        "Total Expenses": 203178000.0,
        "Total Operating Income As Reported": 31564000.0,
        "Diluted Average Shares": 172753000.0,
        "Basic Average Shares": 171519000.0,
        "Diluted EPS": 0.17,
        "Basic EPS": 0.17,
        "Diluted NI Availto Com Stockholders": 29591000.0,
        "Net Income Common Stockholders": 29591000.0,
        "Net Income": 29591000.0,
        "Net Income Including Noncontrolling Interests": 29591000.0,
        "Net Income Continuous Operations": 29591000.0,
        "Tax Provision": 6964000.0,
        "Pretax Income": 36555000.0,
        "Other Income Expense": 4991000.0,
        "Other Non Operating Income Expenses": 209000.0,
        "Special Income Charges": 0.0,
        "Other Special Charges": NaN,
        "Gain On Sale Of Security": 4782000.0,
        "Operating Income": 31564000.0,
        "Operating Expense": 127835000.0,
        "Research And Development": 35210000.0,
        "Selling General And Administration": 92625000.0,
        "Gross Profit": 159399000.0,
        "Cost Of Revenue": 75343000.0,
        "Total Revenue": 234742000.0,
        "Operating Revenue": 234742000.0
    },
    "2024-12-31": {
        "Tax Effect Of Unusual Items": 961732.569832,
        "Tax Rate For Calcs": 0.208212,
        "Normalized EBITDA": 34080000.0,
        "Total Unusual Items": 4619000.0,
        "Total Unusual Items Excluding Goodwill": 4619000.0,
        "Net Income From Continuing Operation Net Minority Interest": 28346000.0,
        "Reconciled Depreciation": 7859000.0,
        "Reconciled Cost Of Revenue": 71825000.0,
        "EBITDA": 38699000.0,
        "EBIT": 30840000.0,
        "Normalized Income": 24688732.569832,
        "Net Income From Continuing And Discontinued Operation": 28346000.0,
        "Total Expenses": 198844000.0,
        "Total Operating Income As Reported": 30840000.0,
        "Diluted Average Shares": NaN,
        "Basic Average Shares": NaN,
        "Diluted EPS": NaN,
        "Basic EPS": NaN,
        "Diluted NI Availto Com Stockholders": 28346000.0,
        "Net Income Common Stockholders": 28346000.0,
        "Net Income": 28346000.0,
        "Net Income Including Noncontrolling Interests": 28346000.0,
        "Net Income Continuous Operations": 28346000.0,
        "Tax Provision": 7454000.0,
        "Pretax Income": 35800000.0,
        "Other Income Expense": 4960000.0,
        "Other Non Operating Income Expenses": 341000.0,
        "Special Income Charges": 0.0,
        "Other Special Charges": NaN,
        "Gain On Sale Of Security": 4619000.0,
        "Operating Income": 30840000.0,
        "Operating Expense": 127019000.0,
        "Research And Development": 32538000.0,
        "Selling General And Administration": 94481000.0,
        "Gross Profit": 157859000.0,
        "Cost Of Revenue": 71825000.0,
        "Total Revenue": 229684000.0,
        "Operating Revenue": 229684000.0
    }
}