{
    "2024-03-31": {
        "Tax Effect Of Unusual Items": 0.0,
        "Tax Rate For Calcs": 0.0,
        "Normalized EBITDA": -22465000.0,
        "Net Income From Continuing Operation Net Minority Interest": -16934000.0,
        "Reconciled Depreciation": 4000.0,
        "EBITDA": -22465000.0,
        "EBIT": -22469000.0,
        "Net Interest Income": 5544000.0,
        "Interest Income": 5544000.0,
        "Normalized Income": -16934000.0,
        "Net Income From Continuing And Discontinued Operation": -16934000.0,
        "Total Expenses": 22998000.0,
        "Total Operating Income As Reported": -22469000.0,
        "Diluted Average Shares": 47064768.0,
        "Basic Average Shares": 47064768.0,
        "Diluted EPS": -0.36,
        "Basic EPS": -0.36,
        "Diluted NI Availto Com Stockholders": -16934000.0,
        "Net Income Common Stockholders": -16934000.0,
        "Preferred Stock Dividends": NaN,
        "Net Income": -16934000.0,
        "Net Income Including Noncontrolling Interests": -16934000.0,
        "Net Income Continuous Operations": -16934000.0,
        "Pretax Income": -16934000.0,
        "Other Income Expense": -9000.0,
        "Other Non Operating Income Expenses": -9000.0,
        "Net Non Operating Interest Income Expense": 5544000.0,
        "Total Other Finance Cost": NaN,
        "Interest Income Non Operating": 5544000.0,
        "Operating Income": -22469000.0,
        "Operating Expense": 22998000.0,
        "Research And Development": 17210000.0,
        "Selling General And Administration": 5788000.0,
        "General And Administrative Expense": 5788000.0,
        "Other Gand A": 2646000.0,
        "Salaries And Wages": 3142000.0,
        "Total Revenue": 529000.0,
        "Operating Revenue": 529000.0
    },
    "2023-12-31": {
        "Tax Effect Of Unusual Items": NaN,
        "Tax Rate For Calcs": NaN,
        "Normalized EBITDA": NaN,
        "Net Income From Continuing Operation Net Minority Interest": NaN,
        "Reconciled Depreciation": NaN,
        "EBITDA": NaN,
        "EBIT": NaN,
        "Net Interest Income": NaN,
        "Interest Income": NaN,
        "Normalized Income": NaN,
        "Net Income From Continuing And Discontinued Operation": NaN,
        "Total Expenses": NaN,
        "Total Operating Income As Reported": NaN,
        "Diluted Average Shares": NaN,
        "Basic Average Shares": NaN,
        "Diluted EPS": NaN,
        "Basic EPS": NaN,
        "Diluted NI Availto Com Stockholders": NaN,
        "Net Income Common Stockholders": NaN,
        "Preferred Stock Dividends": 5935000.0,
        "Net Income": NaN,
        "Net Income Including Noncontrolling Interests": NaN,
        "Net Income Continuous Operations": NaN,
        "Pretax Income": NaN,
        "Other Income Expense": NaN,
        "Other Non Operating Income Expenses": NaN,
        "Net Non Operating Interest Income Expense": NaN,
        "Total Other Finance Cost": -2820000.0,
        "Interest Income Non Operating": NaN,
        "Operating Income": NaN,
        "Operating Expense": NaN,
        "Research And Development": NaN,
        "Selling General And Administration": NaN,
        "General And Administrative Expense": NaN,
        "Other Gand A": NaN,
        "Salaries And Wages": NaN,
        "Total Revenue": NaN,
        "Operating Revenue": NaN
    },
    "2023-03-31": {
        "Tax Effect Of Unusual Items": NaN,
        "Tax Rate For Calcs": NaN,
        "Normalized EBITDA": NaN,
        "Net Income From Continuing Operation Net Minority Interest": NaN,
        "Reconciled Depreciation": NaN,
        "EBITDA": NaN,
        "EBIT": NaN,
        "Net Interest Income": NaN,
        "Interest Income": NaN,
        "Normalized Income": NaN,
        "Net Income From Continuing And Discontinued Operation": NaN,
        "Total Expenses": NaN,
        "Total Operating Income As Reported": NaN,
        "Diluted Average Shares": NaN,
        "Basic Average Shares": NaN,
        "Diluted EPS": NaN,
        "Basic EPS": NaN,
        "Diluted NI Availto Com Stockholders": NaN,
        "Net Income Common Stockholders": NaN,
        "Preferred Stock Dividends": 3734000.0,
        "Net Income": NaN,
        "Net Income Including Noncontrolling Interests": NaN,
        "Net Income Continuous Operations": NaN,
        "Pretax Income": NaN,
        "Other Income Expense": NaN,
        "Other Non Operating Income Expenses": NaN,
        "Net Non Operating Interest Income Expense": NaN,
        "Total Other Finance Cost": NaN,
        "Interest Income Non Operating": NaN,
        "Operating Income": NaN,
        "Operating Expense": NaN,
        "Research And Development": NaN,
        "Selling General And Administration": NaN,
        "General And Administrative Expense": NaN,
        "Other Gand A": NaN,
        "Salaries And Wages": NaN,
        "Total Revenue": NaN,
        "Operating Revenue": NaN
    },
    "2022-12-31": {
        "Tax Effect Of Unusual Items": NaN,
        "Tax Rate For Calcs": NaN,
        "Normalized EBITDA": NaN,
        "Net Income From Continuing Operation Net Minority Interest": NaN,
        "Reconciled Depreciation": NaN,
        "EBITDA": NaN,
        "EBIT": NaN,
        "Net Interest Income": NaN,
        "Interest Income": NaN,
        "Normalized Income": NaN,
        "Net Income From Continuing And Discontinued Operation": NaN,
        "Total Expenses": NaN,
        "Total Operating Income As Reported": NaN,
        "Diluted Average Shares": NaN,
        "Basic Average Shares": NaN,
        "Diluted EPS": NaN,
        "Basic EPS": NaN,
        "Diluted NI Availto Com Stockholders": NaN,
        "Net Income Common Stockholders": NaN,
        "Preferred Stock Dividends": 3770000.0,
        "Net Income": NaN,
        "Net Income Including Noncontrolling Interests": NaN,
        "Net Income Continuous Operations": NaN,
        "Pretax Income": NaN,
        "Other Income Expense": NaN,
        "Other Non Operating Income Expenses": NaN,
        "Net Non Operating Interest Income Expense": NaN,
        "Total Other Finance Cost": NaN,
        "Interest Income Non Operating": NaN,
        "Operating Income": NaN,
        "Operating Expense": NaN,
        "Research And Development": NaN,
        "Selling General And Administration": NaN,
        "General And Administrative Expense": NaN,
        "Other Gand A": NaN,
        "Salaries And Wages": NaN,
        "Total Revenue": NaN,
        "Operating Revenue": NaN
    },
    "2024-06-30": {
        "Tax Effect Of Unusual Items": 0.0,
        "Tax Rate For Calcs": 0.0,
        "Normalized EBITDA": -25846000.0,
        "Net Income From Continuing Operation Net Minority Interest": -18902000.0,
        "Reconciled Depreciation": 7000.0,
        "EBITDA": -25846000.0,
        "EBIT": -25853000.0,
        "Net Interest Income": 6943000.0,
        "Interest Income": 6943000.0,
        "Normalized Income": -18902000.0,
        "Net Income From Continuing And Discontinued Operation": -18902000.0,
        "Total Expenses": 25964000.0,
        "Total Operating Income As Reported": -25853000.0,
        "Diluted Average Shares": 66649443.0,
        "Basic Average Shares": 66649443.0,
        "Diluted EPS": -0.28,
        "Basic EPS": -0.28,
        "Diluted NI Availto Com Stockholders": -18902000.0,
        "Net Income Common Stockholders": -18902000.0,
        "Preferred Stock Dividends": NaN,
        "Net Income": -18902000.0,
        "Net Income Including Noncontrolling Interests": -18902000.0,
        "Net Income Continuous Operations": -18902000.0,
        "Pretax Income": -18902000.0,
        "Other Income Expense": 8000.0,
        "Other Non Operating Income Expenses": 8000.0,
        "Net Non Operating Interest Income Expense": 6943000.0,
        "Total Other Finance Cost": NaN,
        "Interest Income Non Operating": 6943000.0,
        "Operating Income": -25853000.0,
        "Operating Expense": 25964000.0,
        "Research And Development": 18470000.0,
        "Selling General And Administration": 7494000.0,
        "General And Administrative Expense": 7494000.0,
        "Other Gand A": 3167000.0,
        "Salaries And Wages": 4327000.0,
        "Total Revenue": 111000.0,
        "Operating Revenue": 111000.0
    },
    "2023-09-30": {
        "Tax Effect Of Unusual Items": NaN,
        "Tax Rate For Calcs": NaN,
        "Normalized EBITDA": NaN,
        "Net Income From Continuing Operation Net Minority Interest": NaN,
        "Reconciled Depreciation": NaN,
        "EBITDA": NaN,
        "EBIT": NaN,
        "Net Interest Income": NaN,
        "Interest Income": NaN,
        "Normalized Income": NaN,
        "Net Income From Continuing And Discontinued Operation": NaN,
        "Total Expenses": NaN,
        "Total Operating Income As Reported": NaN,
        "Diluted Average Shares": 63482511.0,
        "Basic Average Shares": 63482511.0,
        "Diluted EPS": -0.275887,
        "Basic EPS": -0.275887,
        "Diluted NI Availto Com Stockholders": NaN,
        "Net Income Common Stockholders": NaN,
        "Preferred Stock Dividends": 5746000.0,
        "Net Income": NaN,
        "Net Income Including Noncontrolling Interests": NaN,
        "Net Income Continuous Operations": NaN,
        "Pretax Income": NaN,
        "Other Income Expense": NaN,
        "Other Non Operating Income Expenses": NaN,
        "Net Non Operating Interest Income Expense": NaN,
        "Total Other Finance Cost": NaN,
        "Interest Income Non Operating": NaN,
        "Operating Income": NaN,
        "Operating Expense": NaN,
        "Research And Development": NaN,
        "Selling General And Administration": NaN,
        "General And Administrative Expense": NaN,
        "Other Gand A": NaN,
        "Salaries And Wages": NaN,
        "Total Revenue": NaN,
        "Operating Revenue": NaN
    },
    "2023-06-30": {
        "Tax Effect Of Unusual Items": NaN,
        "Tax Rate For Calcs": NaN,
        "Normalized EBITDA": NaN,
        "Net Income From Continuing Operation Net Minority Interest": NaN,
        "Reconciled Depreciation": NaN,
        "EBITDA": NaN,
        "EBIT": NaN,
        "Net Interest Income": NaN,
        "Interest Income": 771000.0,
        "Normalized Income": NaN,
        "Net Income From Continuing And Discontinued Operation": NaN,
        "Total Expenses": NaN,
        "Total Operating Income As Reported": NaN,
        "Diluted Average Shares": 63482511.0,
        "Basic Average Shares": 63482511.0,
        "Diluted EPS": -0.242413,
        "Basic EPS": -0.242413,
        "Diluted NI Availto Com Stockholders": NaN,
        "Net Income Common Stockholders": NaN,
        "Preferred Stock Dividends": 3776000.0,
        "Net Income": NaN,
        "Net Income Including Noncontrolling Interests": NaN,
        "Net Income Continuous Operations": NaN,
        "Pretax Income": NaN,
        "Other Income Expense": NaN,
        "Other Non Operating Income Expenses": NaN,
        "Net Non Operating Interest Income Expense": NaN,
        "Total Other Finance Cost": NaN,
        "Interest Income Non Operating": 771000.0,
        "Operating Income": NaN,
        "Operating Expense": NaN,
        "Research And Development": NaN,
        "Selling General And Administration": NaN,
        "General And Administrative Expense": NaN,
        "Other Gand A": NaN,
        "Salaries And Wages": NaN,
        "Total Revenue": NaN,
        "Operating Revenue": NaN
    },
    "2024-09-30": {
        "Tax Effect Of Unusual Items": 0.0,
        "Tax Rate For Calcs": 0.0,
        "Normalized EBITDA": -28274000.0,
        "Net Income From Continuing Operation Net Minority Interest": -20405000.0,
        "Reconciled Depreciation": 21000.0,
        "EBITDA": -28274000.0,
        "EBIT": -28295000.0,
        "Net Interest Income": 7892000.0,
        "Interest Income": 7892000.0,
        "Normalized Income": -20405000.0,
        "Net Income From Continuing And Discontinued Operation": -20405000.0,
        "Total Expenses": 28338000.0,
        "Total Operating Income As Reported": -28295000.0,
        "Diluted Average Shares": 67143744.0,
        "Basic Average Shares": 67143744.0,
        "Diluted EPS": -0.3,
        "Basic EPS": -0.3,
        "Diluted NI Availto Com Stockholders": -20405000.0,
        "Net Income Common Stockholders": -20405000.0,
        "Preferred Stock Dividends": NaN,
        "Net Income": -20405000.0,
        "Net Income Including Noncontrolling Interests": -20405000.0,
        "Net Income Continuous Operations": -20405000.0,
        "Pretax Income": -20405000.0,
        "Other Income Expense": -2000.0,
        "Other Non Operating Income Expenses": -2000.0,
        "Net Non Operating Interest Income Expense": 7892000.0,
        "Total Other Finance Cost": NaN,
        "Interest Income Non Operating": 7892000.0,
        "Operating Income": -28295000.0,
        "Operating Expense": 28338000.0,
        "Research And Development": 19622000.0,
        "Selling General And Administration": 8716000.0,
        "General And Administrative Expense": 8716000.0,
        "Other Gand A": 2861000.0,
        "Salaries And Wages": 5855000.0,
        "Total Revenue": 43000.0,
        "Operating Revenue": 43000.0
    },
    "2024-12-31": {
        "Tax Effect Of Unusual Items": 0.0,
        "Tax Rate For Calcs": 0.0,
        "Normalized EBITDA": -38049000.0,
        "Net Income From Continuing Operation Net Minority Interest": -31798000.0,
        "Reconciled Depreciation": 0.0,
        "EBITDA": -38049000.0,
        "EBIT": -38049000.0,
        "Net Interest Income": 6245000.0,
        "Interest Income": 6245000.0,
        "Normalized Income": -31798000.0,
        "Net Income From Continuing And Discontinued Operation": -31798000.0,
        "Total Expenses": 38505000.0,
        "Total Operating Income As Reported": -38049000.0,
        "Diluted Average Shares": NaN,
        "Basic Average Shares": NaN,
        "Diluted EPS": NaN,
        "Basic EPS": NaN,
        "Diluted NI Availto Com Stockholders": -31798000.0,
        "Net Income Common Stockholders": -31798000.0,
        "Preferred Stock Dividends": NaN,
        "Net Income": -31798000.0,
        "Net Income Including Noncontrolling Interests": -31798000.0,
        "Net Income Continuous Operations": -31798000.0,
        "Pretax Income": -31798000.0,
        "Other Income Expense": 6000.0,
        "Other Non Operating Income Expenses": 6000.0,
        "Net Non Operating Interest Income Expense": 6245000.0,
        "Total Other Finance Cost": NaN,
        "Interest Income Non Operating": 6245000.0,
        "Operating Income": -38049000.0,
        "Operating Expense": 38505000.0,
        "Research And Development": 26800000.0,
        "Selling General And Administration": 11705000.0,
        "General And Administrative Expense": 11705000.0,
        "Other Gand A": 3636000.0,
        "Salaries And Wages": 8069000.0,
        "Total Revenue": 456000.0,
        "Operating Revenue": 456000.0
    },
    "2025-03-31": {
        "Tax Effect Of Unusual Items": 0.0,
        "Tax Rate For Calcs": 0.0,
        "Normalized EBITDA": -42180000.0,
        "Net Income From Continuing Operation Net Minority Interest": -34452000.0,
        "Reconciled Depreciation": 24000.0,
        "EBITDA": -42180000.0,
        "EBIT": -42204000.0,
        "Net Interest Income": 7747000.0,
        "Interest Income": 7747000.0,
        "Normalized Income": -34452000.0,
        "Net Income From Continuing And Discontinued Operation": -34452000.0,
        "Total Expenses": 42256000.0,
        "Total Operating Income As Reported": -42204000.0,
        "Diluted Average Shares": 76187621.0,
        "Basic Average Shares": 76187621.0,
        "Diluted EPS": -0.45,
        "Basic EPS": -0.45,
        "Diluted NI Availto Com Stockholders": -34452000.0,
        "Net Income Common Stockholders": -34452000.0,
        "Preferred Stock Dividends": NaN,
        "Net Income": -34452000.0,
        "Net Income Including Noncontrolling Interests": -34452000.0,
        "Net Income Continuous Operations": -34452000.0,
        "Pretax Income": -34452000.0,
        "Other Income Expense": 5000.0,
        "Other Non Operating Income Expenses": 5000.0,
        "Net Non Operating Interest Income Expense": 7747000.0,
        "Total Other Finance Cost": NaN,
        "Interest Income Non Operating": 7747000.0,
        "Operating Income": -42204000.0,
        "Operating Expense": 42256000.0,
        "Research And Development": 27467000.0,
        "Selling General And Administration": 14789000.0,
        "General And Administrative Expense": 14789000.0,
        "Other Gand A": 6348000.0,
        "Salaries And Wages": 8441000.0,
        "Total Revenue": 52000.0,
        "Operating Revenue": 52000.0
    }
}