{
    "2022-12-31": {
        "Tax Effect Of Unusual Items": 0.0,
        "Tax Rate For Calcs": 0.0,
        "Normalized EBITDA": -3314000.0,
        "Total Unusual Items": 0.0,
        "Total Unusual Items Excluding Goodwill": 0.0,
        "Net Income From Continuing Operation Net Minority Interest": -5214000.0,
        "Reconciled Depreciation": 1225000.0,
        "Reconciled Cost Of Revenue": 16937000.0,
        "EBITDA": -3314000.0,
        "EBIT": -3314000.0,
        "Net Interest Income": -1857000.0,
        "Interest Expense": 1900000.0,
        "Interest Income": 43000.0,
        "Normalized Income": -5214000.0,
        "Net Income From Continuing And Discontinued Operation": -5214000.0,
        "Total Expenses": 22968000.0,
        "Total Operating Income As Reported": -3362000.0,
        "Diluted Average Shares": 18351000.0,
        "Basic Average Shares": 18351000.0,
        "Diluted EPS": -0.28,
        "Basic EPS": -0.28,
        "Diluted NI Availto Com Stockholders": -5214000.0,
        "Net Income Common Stockholders": -5214000.0,
        "Otherunder Preferred Stock Dividend": 0.0,
        "Net Income": -5214000.0,
        "Net Income Including Noncontrolling Interests": -5214000.0,
        "Net Income Continuous Operations": -5214000.0,
        "Tax Provision": 0.0,
        "Pretax Income": -5214000.0,
        "Other Income Expense": 5000.0,
        "Other Non Operating Income Expenses": 5000.0,
        "Special Income Charges": 0.0,
        "Net Non Operating Interest Income Expense": -1857000.0,
        "Interest Expense Non Operating": 1900000.0,
        "Interest Income Non Operating": 43000.0,
        "Operating Income": -3362000.0,
        "Operating Expense": 6031000.0,
        "Research And Development": 634000.0,
        "Selling General And Administration": 5397000.0,
        "Gross Profit": 2669000.0,
        "Cost Of Revenue": 16937000.0,
        "Total Revenue": 19606000.0,
        "Operating Revenue": 19606000.0
    },
    "2022-09-30": {
        "Tax Effect Of Unusual Items": 0.0,
        "Tax Rate For Calcs": 0.4,
        "Normalized EBITDA": -2402000.0,
        "Total Unusual Items": 0.0,
        "Total Unusual Items Excluding Goodwill": 0.0,
        "Net Income From Continuing Operation Net Minority Interest": -4918000.0,
        "Reconciled Depreciation": 1156000.0,
        "Reconciled Cost Of Revenue": 18599000.0,
        "EBITDA": -2402000.0,
        "EBIT": -3558000.0,
        "Net Interest Income": -1330000.0,
        "Interest Expense": 1356000.0,
        "Interest Income": 26000.0,
        "Normalized Income": -4918000.0,
        "Net Income From Continuing And Discontinued Operation": -4918000.0,
        "Total Expenses": 24309000.0,
        "Total Operating Income As Reported": -3534000.0,
        "Diluted Average Shares": 16785000.0,
        "Basic Average Shares": 16785000.0,
        "Diluted EPS": -0.3,
        "Basic EPS": -0.3,
        "Diluted NI Availto Com Stockholders": -5015000.0,
        "Net Income Common Stockholders": -5015000.0,
        "Otherunder Preferred Stock Dividend": 97000.0,
        "Net Income": -4918000.0,
        "Net Income Including Noncontrolling Interests": -4918000.0,
        "Net Income Continuous Operations": -4918000.0,
        "Tax Provision": 4000.0,
        "Pretax Income": -4914000.0,
        "Other Income Expense": -50000.0,
        "Other Non Operating Income Expenses": -50000.0,
        "Special Income Charges": 0.0,
        "Net Non Operating Interest Income Expense": -1330000.0,
        "Interest Expense Non Operating": 1356000.0,
        "Interest Income Non Operating": 26000.0,
        "Operating Income": -3534000.0,
        "Operating Expense": 5710000.0,
        "Research And Development": 603000.0,
        "Selling General And Administration": 5107000.0,
        "Gross Profit": 2176000.0,
        "Cost Of Revenue": 18599000.0,
        "Total Revenue": 20775000.0,
        "Operating Revenue": 20775000.0
    },
    "2022-06-30": {
        "Tax Effect Of Unusual Items": 0.0,
        "Tax Rate For Calcs": 0.4,
        "Normalized EBITDA": 117000.0,
        "Total Unusual Items": 0.0,
        "Total Unusual Items Excluding Goodwill": 0.0,
        "Net Income From Continuing Operation Net Minority Interest": -2059000.0,
        "Reconciled Depreciation": 812000.0,
        "Reconciled Cost Of Revenue": 13946000.0,
        "EBITDA": 117000.0,
        "EBIT": -695000.0,
        "Net Interest Income": -1356000.0,
        "Interest Expense": 1362000.0,
        "Interest Income": 6000.0,
        "Normalized Income": -2059000.0,
        "Net Income From Continuing And Discontinued Operation": -2059000.0,
        "Total Expenses": 19355000.0,
        "Total Operating Income As Reported": -703000.0,
        "Diluted Average Shares": 15318000.0,
        "Basic Average Shares": 15318000.0,
        "Diluted EPS": -0.13,
        "Basic EPS": -0.13,
        "Diluted NI Availto Com Stockholders": -2059000.0,
        "Net Income Common Stockholders": -2059000.0,
        "Otherunder Preferred Stock Dividend": NaN,
        "Net Income": -2059000.0,
        "Net Income Including Noncontrolling Interests": -2059000.0,
        "Net Income Continuous Operations": -2059000.0,
        "Tax Provision": 2000.0,
        "Pretax Income": -2057000.0,
        "Other Income Expense": 2000.0,
        "Other Non Operating Income Expenses": 2000.0,
        "Special Income Charges": 0.0,
        "Net Non Operating Interest Income Expense": -1356000.0,
        "Interest Expense Non Operating": 1362000.0,
        "Interest Income Non Operating": 6000.0,
        "Operating Income": -703000.0,
        "Operating Expense": 5409000.0,
        "Research And Development": 490000.0,
        "Selling General And Administration": 4919000.0,
        "Gross Profit": 4706000.0,
        "Cost Of Revenue": 13946000.0,
        "Total Revenue": 18652000.0,
        "Operating Revenue": 18652000.0
    },
    "2022-03-31": {
        "Diluted EPS": -0.47,
        "Total Revenue": 16,
        "Gross Profit": 1,
        "Operating Income": -6,
        "EBIT": -5,
        "Net Income": -7
    },
    "2021-12-31": {
        "Diluted EPS": -0.34,
        "Total Revenue": 21,
        "Gross Profit": 2,
        "Operating Income": -4,
        "EBIT": -3,
        "Net Income": -5
    },
    "2021-09-30": {
        "Diluted EPS": -0.4,
        "Total Revenue": 17,
        "Gross Profit": 3,
        "Operating Income": -5,
        "EBIT": -4,
        "Net Income": -6
    },
    "2021-06-30": {
        "Diluted EPS": -0.16,
        "Total Revenue": 16,
        "Gross Profit": 3,
        "Operating Income": -4,
        "EBIT": -3,
        "Net Income": -2
    },
    "2021-03-31": {
        "Diluted EPS": -0.39,
        "Total Revenue": 18,
        "Gross Profit": -3,
        "Operating Income": -8,
        "EBIT": -8,
        "Net Income": -5
    },
    "2020-12-31": {
        "Diluted EPS": -0.69,
        "Total Revenue": 21,
        "Gross Profit": 3,
        "Operating Income": -2,
        "EBIT": -2,
        "Net Income": -8
    },
    "2020-09-30": {
        "Diluted EPS": -0.38,
        "Total Revenue": 15,
        "Gross Profit": 3,
        "Operating Income": -3,
        "EBIT": -2,
        "Net Income": -4
    },
    "2020-06-30": {
        "Diluted EPS": -0.17,
        "Total Revenue": 14,
        "Gross Profit": 3,
        "Operating Income": -1,
        "EBIT": 0,
        "Net Income": -2
    },
    "2020-03-31": {
        "Diluted EPS": -0.75,
        "Total Revenue": 12,
        "Gross Profit": 0,
        "Operating Income": -6,
        "EBIT": -5,
        "Net Income": -7
    },
    "2019-12-31": {
        "Diluted EPS": -0.59,
        "Total Revenue": 17,
        "Gross Profit": 3,
        "Operating Income": -4,
        "EBIT": -3,
        "Net Income": -5
    },
    "2019-09-30": {
        "Diluted EPS": -0.59,
        "Total Revenue": 21,
        "Gross Profit": 3,
        "Operating Income": -3,
        "EBIT": -2,
        "Net Income": -5
    },
    "2019-06-30": {
        "Diluted EPS": -0.77,
        "Total Revenue": 19,
        "Gross Profit": 3,
        "Operating Income": -4,
        "EBIT": -3,
        "Net Income": -6
    },
    "2019-03-31": {
        "Diluted EPS": -0.52,
        "Total Revenue": 22,
        "Gross Profit": 3,
        "Operating Income": -3,
        "EBIT": -2,
        "Net Income": -4
    },
    "2018-12-31": {
        "Diluted EPS": -0.5,
        "Total Revenue": 18,
        "Gross Profit": 2,
        "Operating Income": -3,
        "EBIT": -3,
        "Net Income": -3
    },
    "2018-09-30": {
        "Diluted EPS": -0.67,
        "Total Revenue": 22,
        "Gross Profit": 2,
        "Operating Income": -4,
        "EBIT": -4,
        "Net Income": -4
    },
    "2018-06-30": {
        "Diluted EPS": -0.8,
        "Total Revenue": 21,
        "Gross Profit": 2,
        "Operating Income": -5,
        "EBIT": -4,
        "Net Income": -5
    },
    "2018-03-31": {
        "Diluted EPS": 0.0,
        "Total Revenue": 21,
        "Gross Profit": 5,
        "Operating Income": -2,
        "EBIT": -1,
        "Net Income": -2
    },
    "2017-12-31": {
        "Diluted EPS": -0.1,
        "Total Revenue": 23,
        "Gross Profit": 5,
        "Operating Income": 0,
        "EBIT": 0,
        "Net Income": 0
    },
    "2017-09-30": {
        "Diluted EPS": -0.9,
        "Total Revenue": 20,
        "Gross Profit": 3,
        "Operating Income": -3,
        "EBIT": -3,
        "Net Income": -4
    },
    "2017-06-30": {
        "Diluted EPS": -1.0,
        "Total Revenue": 19,
        "Gross Profit": 2,
        "Operating Income": -4,
        "EBIT": -3,
        "Net Income": -4
    },
    "2017-03-31": {
        "Diluted EPS": -1.2,
        "Total Revenue": 23,
        "Gross Profit": 2,
        "Operating Income": -4,
        "EBIT": -4,
        "Net Income": -4
    },
    "2016-12-31": {
        "Diluted EPS": -3.1,
        "Total Revenue": 20,
        "Gross Profit": -4,
        "Operating Income": -10,
        "EBIT": -10,
        "Net Income": -11
    },
    "2016-09-30": {
        "Diluted EPS": -1.9,
        "Total Revenue": 15,
        "Gross Profit": 1,
        "Operating Income": -6,
        "EBIT": -5,
        "Net Income": -6
    },
    "2016-06-30": {
        "Diluted EPS": -1.7,
        "Total Revenue": 19,
        "Gross Profit": 3,
        "Operating Income": -4,
        "EBIT": -4,
        "Net Income": -5
    },
    "2016-03-31": {
        "Diluted EPS": -2.1,
        "Total Revenue": 19,
        "Gross Profit": 2,
        "Operating Income": -5,
        "EBIT": -5,
        "Net Income": -5
    },
    "2015-12-31": {
        "Diluted EPS": -3.4,
        "Total Revenue": 21,
        "Gross Profit": 4,
        "Operating Income": -6,
        "EBIT": -5,
        "Net Income": -6
    },
    "2015-09-30": {
        "Diluted EPS": -4.8,
        "Total Revenue": 18,
        "Gross Profit": 2,
        "Operating Income": -8,
        "EBIT": -7,
        "Net Income": -8
    },
    "2015-06-30": {
        "Diluted EPS": -3.6,
        "Total Revenue": 27,
        "Gross Profit": 5,
        "Operating Income": -6,
        "EBIT": -5,
        "Net Income": -6
    },
    "2015-03-31": {
        "Diluted EPS": -8.8,
        "Total Revenue": 30,
        "Gross Profit": 4,
        "Operating Income": -14,
        "EBIT": -14,
        "Net Income": -14
    },
    "2014-12-31": {
        "Diluted EPS": -2.4,
        "Total Revenue": 30,
        "Gross Profit": 6,
        "Operating Income": -4,
        "EBIT": -3,
        "Net Income": -4
    },
    "2014-09-30": {
        "Diluted EPS": -4.0,
        "Total Revenue": 32,
        "Gross Profit": 5,
        "Operating Income": -6,
        "EBIT": -6,
        "Net Income": -7
    },
    "2014-06-30": {
        "Diluted EPS": -4.0,
        "Total Revenue": 23,
        "Gross Profit": 3,
        "Operating Income": -7,
        "EBIT": -6,
        "Net Income": -7
    },
    "2014-03-31": {
        "Diluted EPS": -2.6,
        "Total Revenue": 36,
        "Gross Profit": 6,
        "Operating Income": -3,
        "EBIT": -3,
        "Net Income": -3
    },
    "2013-12-31": {
        "Diluted EPS": -2.0,
        "Total Revenue": 37,
        "Gross Profit": 7,
        "Operating Income": -2,
        "EBIT": -1,
        "Net Income": -2
    },
    "2013-09-30": {
        "Diluted EPS": -2.0,
        "Total Revenue": 35,
        "Gross Profit": 5,
        "Operating Income": -4,
        "EBIT": -3,
        "Net Income": -4
    },
    "2013-06-30": {
        "Diluted EPS": -4.0,
        "Total Revenue": 24,
        "Gross Profit": 3,
        "Operating Income": -7,
        "EBIT": -6,
        "Net Income": -7
    },
    "2013-03-31": {
        "Diluted EPS": -2.0,
        "Total Revenue": 35,
        "Gross Profit": 5,
        "Operating Income": -4,
        "EBIT": -3,
        "Net Income": -4
    },
    "2012-12-31": {
        "Diluted EPS": -2.0,
        "Total Revenue": 33,
        "Gross Profit": 5,
        "Operating Income": -4,
        "EBIT": -4,
        "Net Income": -4
    },
    "2012-09-30": {
        "Diluted EPS": -4.0,
        "Total Revenue": 30,
        "Gross Profit": 3,
        "Operating Income": -6,
        "EBIT": -5,
        "Net Income": -6
    },
    "2012-06-30": {
        "Diluted EPS": -6.0,
        "Total Revenue": 29,
        "Gross Profit": 2,
        "Operating Income": -7,
        "EBIT": -7,
        "Net Income": -8
    },
    "2012-03-31": {
        "Diluted EPS": -6.0,
        "Total Revenue": 30,
        "Gross Profit": 1,
        "Operating Income": -8,
        "EBIT": -8,
        "Net Income": -8
    },
    "2011-12-31": {
        "Diluted EPS": -6.0,
        "Total Revenue": 27,
        "Gross Profit": 2,
        "Operating Income": -8,
        "EBIT": -7,
        "Net Income": -9
    },
    "2011-09-30": {
        "Diluted EPS": 0.0,
        "Total Revenue": 27,
        "Gross Profit": 2,
        "Operating Income": -7,
        "EBIT": -6,
        "Net Income": 1
    },
    "2011-06-30": {
        "Diluted EPS": -2.0,
        "Total Revenue": 24,
        "Gross Profit": 1,
        "Operating Income": -8,
        "EBIT": -7,
        "Net Income": -3
    },
    "2011-03-31": {
        "Diluted EPS": -24.0,
        "Total Revenue": 23,
        "Gross Profit": -1,
        "Operating Income": -10,
        "EBIT": -9,
        "Net Income": -29
    },
    "2010-12-31": {
        "Diluted EPS": -6.0,
        "Total Revenue": 24,
        "Gross Profit": 1,
        "Operating Income": -6,
        "EBIT": -6,
        "Net Income": -8
    },
    "2010-09-30": {
        "Diluted EPS": -2.0,
        "Total Revenue": 19,
        "Gross Profit": 0,
        "Operating Income": -9,
        "EBIT": -7,
        "Net Income": -2
    },
    "2010-06-30": {
        "Diluted EPS": 0.0,
        "Total Revenue": 16,
        "Gross Profit": -1,
        "Operating Income": -8,
        "EBIT": -7,
        "Net Income": 0
    },
    "2010-03-31": {
        "Diluted EPS": -10.0,
        "Total Revenue": 16,
        "Gross Profit": -2,
        "Operating Income": -12,
        "EBIT": -11,
        "Net Income": -13
    },
    "2009-12-31": {
        "Diluted EPS": -8.0,
        "Total Revenue": 16,
        "Gross Profit": 0,
        "Operating Income": -10,
        "EBIT": -9,
        "Net Income": -7
    },
    "2009-09-30": {
        "Diluted EPS": -34.0,
        "Total Revenue": 16,
        "Gross Profit": -3,
        "Operating Income": -12,
        "EBIT": -11,
        "Net Income": -32
    },
    "2009-06-30": {
        "Diluted EPS": -16.0,
        "Total Revenue": 14,
        "Gross Profit": -3,
        "Operating Income": -10,
        "EBIT": -9,
        "Net Income": -15
    },
    "2009-03-31": {
        "Diluted EPS": -12.0,
        "Total Revenue": 12,
        "Gross Profit": -3,
        "Operating Income": -12,
        "EBIT": -11,
        "Net Income": -12
    }
}