{
    "2023-06-30": {
        "Tax Effect Of Unusual Items": NaN,
        "Tax Rate For Calcs": NaN,
        "Normalized EBITDA": NaN,
        "Total Unusual Items": NaN,
        "Total Unusual Items Excluding Goodwill": NaN,
        "Net Income From Continuing Operation Net Minority Interest": NaN,
        "Reconciled Depreciation": NaN,
        "Reconciled Cost Of Revenue": NaN,
        "EBITDA": NaN,
        "EBIT": NaN,
        "Net Interest Income": NaN,
        "Interest Expense": NaN,
        "Normalized Income": NaN,
        "Net Income From Continuing And Discontinued Operation": NaN,
        "Total Expenses": NaN,
        "Total Operating Income As Reported": NaN,
        "Diluted Average Shares": NaN,
        "Basic Average Shares": NaN,
        "Diluted EPS": NaN,
        "Basic EPS": NaN,
        "Diluted NI Availto Com Stockholders": NaN,
        "Net Income Common Stockholders": NaN,
        "Net Income": NaN,
        "Minority Interests": 0.0,
        "Net Income Including Noncontrolling Interests": NaN,
        "Net Income Continuous Operations": NaN,
        "Tax Provision": NaN,
        "Pretax Income": NaN,
        "Other Income Expense": NaN,
        "Other Non Operating Income Expenses": NaN,
        "Special Income Charges": NaN,
        "Gain On Sale Of Ppe": NaN,
        "Impairment Of Capital Assets": NaN,
        "Restructuring And Mergern Acquisition": NaN,
        "Earnings From Equity Interest": NaN,
        "Net Non Operating Interest Income Expense": NaN,
        "Interest Expense Non Operating": NaN,
        "Operating Income": NaN,
        "Operating Expense": NaN,
        "Selling General And Administration": NaN,
        "Gross Profit": NaN,
        "Cost Of Revenue": NaN,
        "Total Revenue": NaN,
        "Operating Revenue": NaN
    },
    "2023-03-31": {
        "Tax Effect Of Unusual Items": NaN,
        "Tax Rate For Calcs": NaN,
        "Normalized EBITDA": NaN,
        "Total Unusual Items": NaN,
        "Total Unusual Items Excluding Goodwill": NaN,
        "Net Income From Continuing Operation Net Minority Interest": NaN,
        "Reconciled Depreciation": NaN,
        "Reconciled Cost Of Revenue": NaN,
        "EBITDA": NaN,
        "EBIT": NaN,
        "Net Interest Income": NaN,
        "Interest Expense": NaN,
        "Normalized Income": NaN,
        "Net Income From Continuing And Discontinued Operation": NaN,
        "Total Expenses": NaN,
        "Total Operating Income As Reported": NaN,
        "Diluted Average Shares": NaN,
        "Basic Average Shares": NaN,
        "Diluted EPS": NaN,
        "Basic EPS": NaN,
        "Diluted NI Availto Com Stockholders": NaN,
        "Net Income Common Stockholders": NaN,
        "Net Income": NaN,
        "Minority Interests": NaN,
        "Net Income Including Noncontrolling Interests": NaN,
        "Net Income Continuous Operations": NaN,
        "Tax Provision": NaN,
        "Pretax Income": NaN,
        "Other Income Expense": NaN,
        "Other Non Operating Income Expenses": 1400000.0,
        "Special Income Charges": NaN,
        "Gain On Sale Of Ppe": NaN,
        "Impairment Of Capital Assets": 0.0,
        "Restructuring And Mergern Acquisition": NaN,
        "Earnings From Equity Interest": NaN,
        "Net Non Operating Interest Income Expense": NaN,
        "Interest Expense Non Operating": NaN,
        "Operating Income": NaN,
        "Operating Expense": NaN,
        "Selling General And Administration": NaN,
        "Gross Profit": NaN,
        "Cost Of Revenue": NaN,
        "Total Revenue": NaN,
        "Operating Revenue": NaN
    },
    "2022-12-31": {
        "Tax Effect Of Unusual Items": NaN,
        "Tax Rate For Calcs": NaN,
        "Normalized EBITDA": NaN,
        "Total Unusual Items": NaN,
        "Total Unusual Items Excluding Goodwill": NaN,
        "Net Income From Continuing Operation Net Minority Interest": NaN,
        "Reconciled Depreciation": NaN,
        "Reconciled Cost Of Revenue": NaN,
        "EBITDA": NaN,
        "EBIT": NaN,
        "Net Interest Income": NaN,
        "Interest Expense": NaN,
        "Normalized Income": NaN,
        "Net Income From Continuing And Discontinued Operation": NaN,
        "Total Expenses": NaN,
        "Total Operating Income As Reported": NaN,
        "Diluted Average Shares": NaN,
        "Basic Average Shares": NaN,
        "Diluted EPS": NaN,
        "Basic EPS": NaN,
        "Diluted NI Availto Com Stockholders": NaN,
        "Net Income Common Stockholders": NaN,
        "Net Income": NaN,
        "Net Income Including Noncontrolling Interests": NaN,
        "Net Income Continuous Operations": NaN,
        "Tax Provision": NaN,
        "Pretax Income": NaN,
        "Other Income Expense": NaN,
        "Other Non Operating Income Expenses": 2600000.0,
        "Special Income Charges": NaN,
        "Gain On Sale Of Ppe": NaN,
        "Impairment Of Capital Assets": 33400000.0,
        "Restructuring And Mergern Acquisition": NaN,
        "Earnings From Equity Interest": NaN,
        "Net Non Operating Interest Income Expense": NaN,
        "Interest Expense Non Operating": NaN,
        "Operating Income": NaN,
        "Operating Expense": NaN,
        "Selling General And Administration": NaN,
        "Gross Profit": NaN,
        "Cost Of Revenue": NaN,
        "Total Revenue": NaN,
        "Operating Revenue": NaN
    },
    "2022-09-30": {
        "Tax Effect Of Unusual Items": -268119.891008,
        "Tax Rate For Calcs": 0.223433,
        "Normalized EBITDA": 139500000.0,
        "Total Unusual Items": -1200000.0,
        "Total Unusual Items Excluding Goodwill": -1200000.0,
        "Net Income From Continuing Operation Net Minority Interest": 57000000.0,
        "Reconciled Depreciation": 28700000.0,
        "Reconciled Cost Of Revenue": 280500000.0,
        "EBITDA": 138300000.0,
        "EBIT": 109600000.0,
        "Net Interest Income": -36200000.0,
        "Interest Expense": 36200000.0,
        "Normalized Income": 57931880.108992,
        "Net Income From Continuing And Discontinued Operation": 57000000.0,
        "Total Expenses": 318900000.0,
        "Total Operating Income As Reported": 63000000.0,
        "Diluted Average Shares": 76700000.0,
        "Basic Average Shares": 75600000.0,
        "Diluted EPS": 0.74,
        "Basic EPS": 0.75,
        "Diluted NI Availto Com Stockholders": 57000000.0,
        "Net Income Common Stockholders": 57000000.0,
        "Net Income": 57000000.0,
        "Net Income Including Noncontrolling Interests": 57000000.0,
        "Net Income Continuous Operations": 57000000.0,
        "Tax Provision": 16400000.0,
        "Pretax Income": 73400000.0,
        "Other Income Expense": 45400000.0,
        "Other Non Operating Income Expenses": 4200000.0,
        "Special Income Charges": -1200000.0,
        "Gain On Sale Of Ppe": 0.0,
        "Impairment Of Capital Assets": 0.0,
        "Restructuring And Mergern Acquisition": 1200000.0,
        "Earnings From Equity Interest": 42400000.0,
        "Net Non Operating Interest Income Expense": -36200000.0,
        "Interest Expense Non Operating": 36200000.0,
        "Operating Income": 64200000.0,
        "Operating Expense": 38400000.0,
        "Selling General And Administration": 38400000.0,
        "Gross Profit": 102600000.0,
        "Cost Of Revenue": 280500000.0,
        "Total Revenue": 383100000.0,
        "Operating Revenue": 381900000.0
    },
    "2022-06-30": {
        "Tax Effect Of Unusual Items": 80100104.188373,
        "Tax Rate For Calcs": 0.292978,
        "Normalized EBITDA": 269100000.0,
        "Total Unusual Items": 273400000.0,
        "Total Unusual Items Excluding Goodwill": 273400000.0,
        "Net Income From Continuing Operation Net Minority Interest": 339300000.0,
        "Reconciled Depreciation": 27500000.0,
        "Reconciled Cost Of Revenue": 343200000.0,
        "EBITDA": 542500000.0,
        "EBIT": 515000000.0,
        "Net Interest Income": -35100000.0,
        "Interest Expense": 35100000.0,
        "Normalized Income": 146000104.188373,
        "Net Income From Continuing And Discontinued Operation": 339300000.0,
        "Total Expenses": 381600000.0,
        "Total Operating Income As Reported": 199700000.0,
        "Diluted Average Shares": 77200000.0,
        "Basic Average Shares": 76200000.0,
        "Diluted EPS": 4.39,
        "Basic EPS": 4.45,
        "Diluted NI Availto Com Stockholders": 339300000.0,
        "Net Income Common Stockholders": 339300000.0,
        "Net Income": 339300000.0,
        "Net Income Including Noncontrolling Interests": 339300000.0,
        "Net Income Continuous Operations": 339300000.0,
        "Tax Provision": 140600000.0,
        "Pretax Income": 479900000.0,
        "Other Income Expense": 314100000.0,
        "Other Non Operating Income Expenses": 200000.0,
        "Special Income Charges": 273400000.0,
        "Gain On Sale Of Ppe": 274600000.0,
        "Impairment Of Capital Assets": 0.0,
        "Restructuring And Mergern Acquisition": 1200000.0,
        "Earnings From Equity Interest": 40500000.0,
        "Net Non Operating Interest Income Expense": -35100000.0,
        "Interest Expense Non Operating": 35100000.0,
        "Operating Income": 200900000.0,
        "Operating Expense": 38400000.0,
        "Selling General And Administration": 38400000.0,
        "Gross Profit": 239300000.0,
        "Cost Of Revenue": 343200000.0,
        "Total Revenue": 582500000.0,
        "Operating Revenue": 582000000.0
    },
    "2022-03-31": {
        "Diluted EPS": 0.54,
        "Total Revenue": 364,
        "Gross Profit": 93,
        "Operating Income": 47,
        "EBIT": 74,
        "Net Income": 42
    },
    "2021-12-31": {
        "Diluted EPS": 0.56,
        "Total Revenue": 365,
        "Gross Profit": 83,
        "Operating Income": 35,
        "EBIT": 61,
        "Net Income": 43
    },
    "2021-09-30": {
        "Diluted EPS": 0.79,
        "Total Revenue": 393,
        "Gross Profit": 106,
        "Operating Income": 68,
        "EBIT": 95,
        "Net Income": 61
    },
    "2021-06-30": {
        "Diluted EPS": 1.38,
        "Total Revenue": 515,
        "Gross Profit": 180,
        "Operating Income": 135,
        "EBIT": 164,
        "Net Income": 108
    },
    "2021-03-31": {
        "Diluted EPS": 0.46,
        "Total Revenue": 324,
        "Gross Profit": 77,
        "Operating Income": 47,
        "EBIT": 73,
        "Net Income": 36
    },
    "2020-12-31": {
        "Diluted EPS": 0.22,
        "Total Revenue": 278,
        "Gross Profit": 52,
        "Operating Income": 23,
        "EBIT": 50,
        "Net Income": 17
    },
    "2020-09-30": {
        "Diluted EPS": 0.54,
        "Total Revenue": 338,
        "Gross Profit": 89,
        "Operating Income": 50,
        "EBIT": 73,
        "Net Income": 43
    },
    "2020-06-30": {
        "Diluted EPS": -1.5,
        "Total Revenue": 185,
        "Gross Profit": 22,
        "Operating Income": 0,
        "EBIT": 23,
        "Net Income": -119
    },
    "2020-03-31": {
        "Diluted EPS": -0.3,
        "Total Revenue": 253,
        "Gross Profit": 30,
        "Operating Income": -12,
        "EBIT": 12,
        "Net Income": -23
    },
    "2019-12-31": {
        "Diluted EPS": 0.05,
        "Total Revenue": 281,
        "Gross Profit": 36,
        "Operating Income": 4,
        "EBIT": 37,
        "Net Income": 4
    },
    "2019-09-30": {
        "Diluted EPS": 0.18,
        "Total Revenue": 306,
        "Gross Profit": 63,
        "Operating Income": 28,
        "EBIT": 51,
        "Net Income": 15
    },
    "2019-06-30": {
        "Diluted EPS": 1.32,
        "Total Revenue": 477,
        "Gross Profit": 187,
        "Operating Income": 156,
        "EBIT": 180,
        "Net Income": 107
    },
    "2019-03-31": {
        "Diluted EPS": 0.15,
        "Total Revenue": 265,
        "Gross Profit": 56,
        "Operating Income": 28,
        "EBIT": 49,
        "Net Income": 12
    },
    "2018-12-31": {
        "Diluted EPS": 0.2,
        "Total Revenue": 219,
        "Gross Profit": 41,
        "Operating Income": 12,
        "EBIT": 30,
        "Net Income": 11
    },
    "2018-09-30": {
        "Diluted EPS": 0.69,
        "Total Revenue": 221,
        "Gross Profit": 48,
        "Operating Income": 21,
        "EBIT": 37,
        "Net Income": 56
    },
    "2018-06-30": {
        "Diluted EPS": 1.26,
        "Total Revenue": 379,
        "Gross Profit": 162,
        "Operating Income": 137,
        "EBIT": 152,
        "Net Income": 103
    },
    "2018-03-31": {
        "Diluted EPS": 2.09,
        "Total Revenue": 189,
        "Gross Profit": 40,
        "Operating Income": 20,
        "EBIT": 34,
        "Net Income": 182
    },
    "2017-12-31": {
        "Diluted EPS": 0.41,
        "Total Revenue": 179,
        "Gross Profit": 34,
        "Operating Income": -13,
        "EBIT": 15,
        "Net Income": 38
    },
    "2017-09-30": {
        "Diluted EPS": 0.18,
        "Total Revenue": 197,
        "Gross Profit": 48,
        "Operating Income": 27,
        "EBIT": 56,
        "Net Income": 17
    },
    "2017-06-30": {
        "Diluted EPS": 0.8,
        "Total Revenue": 339,
        "Gross Profit": 144,
        "Operating Income": 123,
        "EBIT": 152,
        "Net Income": 78
    },
    "2017-03-31": {
        "Diluted EPS": 0.07,
        "Total Revenue": 168,
        "Gross Profit": 28,
        "Operating Income": 9,
        "EBIT": 37,
        "Net Income": 7
    },
    "2016-12-31": {
        "Diluted EPS": 0.27,
        "Total Revenue": 162,
        "Gross Profit": 26,
        "Operating Income": 32,
        "EBIT": 65,
        "Net Income": 27
    },
    "2016-09-30": {
        "Diluted EPS": 0.09,
        "Total Revenue": 303,
        "Gross Profit": 65,
        "Operating Income": 27,
        "EBIT": 59,
        "Net Income": 9
    },
    "2016-06-30": {
        "Diluted EPS": 0.69,
        "Total Revenue": 439,
        "Gross Profit": 154,
        "Operating Income": 117,
        "EBIT": 148,
        "Net Income": 69
    },
    "2016-03-31": {
        "Diluted EPS": 0.03,
        "Total Revenue": 288,
        "Gross Profit": 43,
        "Operating Income": 6,
        "EBIT": 37,
        "Net Income": 3
    },
    "2015-12-31": {
        "Diluted EPS": 0.08,
        "Total Revenue": -141,
        "Gross Profit": -25,
        "Operating Income": 15,
        "EBIT": 47,
        "Net Income": 8
    },
    "2015-09-30": {
        "Diluted EPS": 0.04,
        "Total Revenue": 280,
        "Gross Profit": 60,
        "Operating Income": 9,
        "EBIT": 40,
        "Net Income": 4
    },
    "2015-06-30": {
        "Diluted EPS": 0.52,
        "Total Revenue": 409,
        "Gross Profit": 147,
        "Operating Income": 106,
        "EBIT": 136,
        "Net Income": 54
    },
    "2015-03-31": {
        "Diluted EPS": -0.02,
        "Total Revenue": 251,
        "Gross Profit": 34,
        "Operating Income": -4,
        "EBIT": 24,
        "Net Income": -2
    },
    "2014-12-31": {
        "Diluted EPS": -0.12,
        "Total Revenue": 168,
        "Gross Profit": 15,
        "Operating Income": -14,
        "EBIT": 6,
        "Net Income": -14
    },
    "2014-09-30": {
        "Diluted EPS": 0.03,
        "Total Revenue": 173,
        "Gross Profit": 29,
        "Operating Income": 8,
        "EBIT": 26,
        "Net Income": 3
    },
    "2014-06-30": {
        "Diluted EPS": 0.54,
        "Total Revenue": 303,
        "Gross Profit": 113,
        "Operating Income": 94,
        "EBIT": 110,
        "Net Income": 57
    },
    "2014-03-31": {
        "Diluted EPS": -0.01,
        "Total Revenue": 167,
        "Gross Profit": 23,
        "Operating Income": 2,
        "EBIT": 17,
        "Net Income": -1
    },
    "2013-12-31": {
        "Diluted EPS": -0.06,
        "Total Revenue": 162,
        "Gross Profit": 17,
        "Operating Income": -5,
        "EBIT": 11,
        "Net Income": -6
    },
    "2013-09-30": {
        "Diluted EPS": 0.09,
        "Total Revenue": 185,
        "Gross Profit": 31,
        "Operating Income": 10,
        "EBIT": 26,
        "Net Income": 9
    },
    "2013-06-30": {
        "Diluted EPS": 0.47,
        "Total Revenue": 284,
        "Gross Profit": 104,
        "Operating Income": 82,
        "EBIT": 97,
        "Net Income": 50
    },
    "2013-03-31": {
        "Diluted EPS": 0.01,
        "Total Revenue": 148,
        "Gross Profit": 20,
        "Operating Income": 3,
        "EBIT": 18,
        "Net Income": 1
    },
    "2012-12-31": {
        "Diluted EPS": 0.03,
        "Total Revenue": 157,
        "Gross Profit": 22,
        "Operating Income": 3,
        "EBIT": 18,
        "Net Income": 3
    },
    "2012-09-30": {
        "Diluted EPS": 0.06,
        "Total Revenue": 165,
        "Gross Profit": 26,
        "Operating Income": 8,
        "EBIT": 21,
        "Net Income": 6
    },
    "2012-06-30": {
        "Diluted EPS": 0.46,
        "Total Revenue": 271,
        "Gross Profit": 97,
        "Operating Income": 82,
        "EBIT": 96,
        "Net Income": 48
    },
    "2012-03-31": {
        "Diluted EPS": 0.01,
        "Total Revenue": 138,
        "Gross Profit": 18,
        "Operating Income": 4,
        "EBIT": 18,
        "Net Income": 1
    },
    "2011-12-31": {
        "Diluted EPS": 0.07,
        "Total Revenue": 149,
        "Gross Profit": 20,
        "Operating Income": 6,
        "EBIT": 20,
        "Net Income": 9
    },
    "2011-09-30": {
        "Diluted EPS": 0.2,
        "Total Revenue": 166,
        "Gross Profit": 26,
        "Operating Income": 10,
        "EBIT": 24,
        "Net Income": 20
    },
    "2011-06-30": {
        "Diluted EPS": 0.4,
        "Total Revenue": 250,
        "Gross Profit": 86,
        "Operating Income": 67,
        "EBIT": 81,
        "Net Income": 39
    },
    "2011-03-31": {
        "Diluted EPS": -0.03,
        "Total Revenue": 132,
        "Gross Profit": 13,
        "Operating Income": -3,
        "EBIT": 11,
        "Net Income": -3
    },
    "2010-12-31": {
        "Diluted EPS": -0.02,
        "Total Revenue": 137,
        "Gross Profit": 14,
        "Operating Income": -4,
        "EBIT": 8,
        "Net Income": -2
    },
    "2010-09-30": {
        "Diluted EPS": -0.01,
        "Total Revenue": 148,
        "Gross Profit": 19,
        "Operating Income": 3,
        "EBIT": 16,
        "Net Income": -1
    },
    "2010-06-30": {
        "Diluted EPS": 0.31,
        "Total Revenue": 215,
        "Gross Profit": 64,
        "Operating Income": 48,
        "EBIT": 60,
        "Net Income": 28
    },
    "2010-03-31": {
        "Diluted EPS": -0.11,
        "Total Revenue": 85,
        "Gross Profit": -3,
        "Operating Income": -16,
        "EBIT": -6,
        "Net Income": -9
    },
    "2009-12-31": {
        "Diluted EPS": -0.08,
        "Total Revenue": 116,
        "Gross Profit": 4,
        "Operating Income": -10,
        "EBIT": -2,
        "Net Income": -7
    },
    "2009-09-30": {
        "Diluted EPS": -0.03,
        "Total Revenue": 101,
        "Gross Profit": 16,
        "Operating Income": 2,
        "EBIT": 10,
        "Net Income": -2
    },
    "2009-06-30": {
        "Diluted EPS": 0.37,
        "Total Revenue": 180,
        "Gross Profit": 63,
        "Operating Income": 51,
        "EBIT": 59,
        "Net Income": 31
    },
    "2009-03-31": {
        "Diluted EPS": -0.06,
        "Total Revenue": 74,
        "Gross Profit": 3,
        "Operating Income": -9,
        "EBIT": -2,
        "Net Income": -5
    },
    "2023-09-30": {
        "Tax Effect Of Unusual Items": NaN,
        "Tax Rate For Calcs": NaN,
        "Normalized EBITDA": NaN,
        "Total Unusual Items": NaN,
        "Total Unusual Items Excluding Goodwill": NaN,
        "Net Income From Continuing Operation Net Minority Interest": NaN,
        "Reconciled Depreciation": NaN,
        "Reconciled Cost Of Revenue": NaN,
        "EBITDA": NaN,
        "EBIT": NaN,
        "Net Interest Income": NaN,
        "Interest Expense": NaN,
        "Normalized Income": NaN,
        "Net Income From Continuing And Discontinued Operation": NaN,
        "Total Expenses": NaN,
        "Total Operating Income As Reported": NaN,
        "Diluted Average Shares": NaN,
        "Basic Average Shares": NaN,
        "Diluted EPS": NaN,
        "Basic EPS": NaN,
        "Diluted NI Availto Com Stockholders": NaN,
        "Net Income Common Stockholders": NaN,
        "Net Income": NaN,
        "Minority Interests": NaN,
        "Net Income Including Noncontrolling Interests": NaN,
        "Net Income Continuous Operations": NaN,
        "Tax Provision": NaN,
        "Pretax Income": NaN,
        "Other Income Expense": NaN,
        "Other Non Operating Income Expenses": NaN,
        "Special Income Charges": NaN,
        "Gain On Sale Of Ppe": NaN,
        "Impairment Of Capital Assets": 0.0,
        "Restructuring And Mergern Acquisition": NaN,
        "Earnings From Equity Interest": NaN,
        "Net Non Operating Interest Income Expense": NaN,
        "Interest Expense Non Operating": NaN,
        "Operating Income": NaN,
        "Operating Expense": NaN,
        "Selling General And Administration": NaN,
        "Gross Profit": NaN,
        "Cost Of Revenue": NaN,
        "Total Revenue": NaN,
        "Operating Revenue": NaN
    },
    "2023-12-31": {
        "Tax Effect Of Unusual Items": NaN,
        "Tax Rate For Calcs": NaN,
        "Normalized EBITDA": NaN,
        "Total Unusual Items": NaN,
        "Total Unusual Items Excluding Goodwill": NaN,
        "Net Income From Continuing Operation Net Minority Interest": NaN,
        "Reconciled Depreciation": NaN,
        "Reconciled Cost Of Revenue": NaN,
        "EBITDA": NaN,
        "EBIT": NaN,
        "Net Interest Income": NaN,
        "Interest Expense": NaN,
        "Normalized Income": NaN,
        "Net Income From Continuing And Discontinued Operation": NaN,
        "Total Expenses": NaN,
        "Total Operating Income As Reported": NaN,
        "Diluted Average Shares": NaN,
        "Basic Average Shares": NaN,
        "Diluted EPS": NaN,
        "Basic EPS": NaN,
        "Diluted NI Availto Com Stockholders": NaN,
        "Net Income Common Stockholders": NaN,
        "Net Income": NaN,
        "Minority Interests": NaN,
        "Net Income Including Noncontrolling Interests": NaN,
        "Net Income Continuous Operations": NaN,
        "Tax Provision": NaN,
        "Pretax Income": NaN,
        "Other Income Expense": NaN,
        "Other Non Operating Income Expenses": NaN,
        "Special Income Charges": NaN,
        "Gain On Sale Of Ppe": 0.0,
        "Impairment Of Capital Assets": 100000.0,
        "Restructuring And Mergern Acquisition": NaN,
        "Earnings From Equity Interest": NaN,
        "Net Non Operating Interest Income Expense": NaN,
        "Interest Expense Non Operating": NaN,
        "Operating Income": NaN,
        "Operating Expense": NaN,
        "Selling General And Administration": NaN,
        "Gross Profit": NaN,
        "Cost Of Revenue": NaN,
        "Total Revenue": NaN,
        "Operating Revenue": NaN
    },
    "2024-03-31": {
        "Tax Effect Of Unusual Items": NaN,
        "Tax Rate For Calcs": NaN,
        "Normalized EBITDA": NaN,
        "Total Unusual Items": NaN,
        "Total Unusual Items Excluding Goodwill": NaN,
        "Net Income From Continuing Operation Net Minority Interest": NaN,
        "Reconciled Depreciation": NaN,
        "Reconciled Cost Of Revenue": NaN,
        "EBITDA": NaN,
        "EBIT": NaN,
        "Net Interest Income": NaN,
        "Interest Expense": NaN,
        "Normalized Income": NaN,
        "Net Income From Continuing And Discontinued Operation": NaN,
        "Total Expenses": NaN,
        "Total Operating Income As Reported": NaN,
        "Diluted Average Shares": NaN,
        "Basic Average Shares": NaN,
        "Diluted EPS": NaN,
        "Basic EPS": NaN,
        "Diluted NI Availto Com Stockholders": NaN,
        "Net Income Common Stockholders": NaN,
        "Net Income": NaN,
        "Minority Interests": NaN,
        "Net Income Including Noncontrolling Interests": NaN,
        "Net Income Continuous Operations": NaN,
        "Tax Provision": NaN,
        "Pretax Income": NaN,
        "Other Income Expense": NaN,
        "Other Non Operating Income Expenses": NaN,
        "Special Income Charges": NaN,
        "Gain On Sale Of Ppe": 0.0,
        "Impairment Of Capital Assets": NaN,
        "Restructuring And Mergern Acquisition": NaN,
        "Earnings From Equity Interest": NaN,
        "Net Non Operating Interest Income Expense": NaN,
        "Interest Expense Non Operating": NaN,
        "Operating Income": NaN,
        "Operating Expense": NaN,
        "Selling General And Administration": NaN,
        "Gross Profit": NaN,
        "Cost Of Revenue": NaN,
        "Total Revenue": NaN,
        "Operating Revenue": NaN
    },
    "2024-06-30": {
        "Tax Effect Of Unusual Items": -171600.0,
        "Tax Rate For Calcs": 0.286,
        "Normalized EBITDA": 418900000.0,
        "Total Unusual Items": -600000.0,
        "Total Unusual Items Excluding Goodwill": -600000.0,
        "Net Income From Continuing Operation Net Minority Interest": 209300000.0,
        "Reconciled Depreciation": 50500000.0,
        "Reconciled Cost Of Revenue": 502700000.0,
        "EBITDA": 418300000.0,
        "EBIT": 367800000.0,
        "Net Interest Income": -73500000.0,
        "Interest Expense": 73500000.0,
        "Normalized Income": 209728400.0,
        "Net Income From Continuing And Discontinued Operation": 209300000.0,
        "Total Expenses": 560100000.0,
        "Total Operating Income As Reported": 330000000.0,
        "Diluted Average Shares": 74600000.0,
        "Basic Average Shares": 73900000.0,
        "Diluted EPS": 2.79,
        "Basic EPS": 2.82,
        "Diluted NI Availto Com Stockholders": 209300000.0,
        "Net Income Common Stockholders": 209300000.0,
        "Net Income": 209300000.0,
        "Minority Interests": -900000.0,
        "Net Income Including Noncontrolling Interests": 210200000.0,
        "Net Income Continuous Operations": 210200000.0,
        "Tax Provision": 84100000.0,
        "Pretax Income": 294300000.0,
        "Other Income Expense": 37200000.0,
        "Other Non Operating Income Expenses": 100000.0,
        "Special Income Charges": -600000.0,
        "Gain On Sale Of Ppe": 0.0,
        "Impairment Of Capital Assets": 0.0,
        "Restructuring And Mergern Acquisition": 600000.0,
        "Earnings From Equity Interest": 37700000.0,
        "Net Non Operating Interest Income Expense": -73500000.0,
        "Interest Expense Non Operating": 73500000.0,
        "Operating Income": 330600000.0,
        "Operating Expense": 57400000.0,
        "Selling General And Administration": 57400000.0,
        "Gross Profit": 388000000.0,
        "Cost Of Revenue": 502700000.0,
        "Total Revenue": 890700000.0,
        "Operating Revenue": 890600000.0
    },
    "2024-09-30": {
        "Tax Effect Of Unusual Items": 23112.659698,
        "Tax Rate For Calcs": 0.231127,
        "Normalized EBITDA": 210100000.0,
        "Total Unusual Items": 100000.0,
        "Total Unusual Items Excluding Goodwill": 100000.0,
        "Net Income From Continuing Operation Net Minority Interest": 65400000.0,
        "Reconciled Depreciation": 51000000.0,
        "Reconciled Cost Of Revenue": 442900000.0,
        "EBITDA": 210200000.0,
        "EBIT": 159200000.0,
        "Net Interest Income": -73100000.0,
        "Interest Expense": 73100000.0,
        "Normalized Income": 65323112.659698,
        "Net Income From Continuing And Discontinued Operation": 65400000.0,
        "Total Expenses": 502700000.0,
        "Total Operating Income As Reported": 125900000.0,
        "Diluted Average Shares": 74600000.0,
        "Basic Average Shares": 73900000.0,
        "Diluted EPS": 0.86,
        "Basic EPS": 0.87,
        "Diluted NI Availto Com Stockholders": 65400000.0,
        "Net Income Common Stockholders": 65400000.0,
        "Net Income": 65400000.0,
        "Minority Interests": -800000.0,
        "Net Income Including Noncontrolling Interests": 66200000.0,
        "Net Income Continuous Operations": 66200000.0,
        "Tax Provision": 19900000.0,
        "Pretax Income": 86100000.0,
        "Other Income Expense": 33400000.0,
        "Other Non Operating Income Expenses": -100000.0,
        "Special Income Charges": 100000.0,
        "Gain On Sale Of Ppe": 0.0,
        "Impairment Of Capital Assets": 3900000.0,
        "Restructuring And Mergern Acquisition": -4000000.0,
        "Earnings From Equity Interest": 33400000.0,
        "Net Non Operating Interest Income Expense": -73100000.0,
        "Interest Expense Non Operating": 73100000.0,
        "Operating Income": 125800000.0,
        "Operating Expense": 59800000.0,
        "Selling General And Administration": 59800000.0,
        "Gross Profit": 185600000.0,
        "Cost Of Revenue": 442900000.0,
        "Total Revenue": 628500000.0,
        "Operating Revenue": 628500000.0
    },
    "2024-12-31": {
        "Tax Effect Of Unusual Items": 2630329.67033,
        "Tax Rate For Calcs": 0.205495,
        "Normalized EBITDA": 205900000.0,
        "Total Unusual Items": 12800000.0,
        "Total Unusual Items Excluding Goodwill": 12800000.0,
        "Net Income From Continuing Operation Net Minority Interest": 71700000.0,
        "Reconciled Depreciation": 54900000.0,
        "Reconciled Cost Of Revenue": 444500000.0,
        "EBITDA": 218700000.0,
        "EBIT": 163800000.0,
        "Net Interest Income": -72800000.0,
        "Interest Expense": 72800000.0,
        "Normalized Income": 61530329.67033,
        "Net Income From Continuing And Discontinued Operation": 71700000.0,
        "Total Expenses": 510200000.0,
        "Total Operating Income As Reported": 126800000.0,
        "Diluted Average Shares": 74600000.0,
        "Basic Average Shares": 73900000.0,
        "Diluted EPS": 0.95,
        "Basic EPS": 0.95,
        "Diluted NI Availto Com Stockholders": 71700000.0,
        "Net Income Common Stockholders": 71700000.0,
        "Net Income": 71700000.0,
        "Minority Interests": -600000.0,
        "Net Income Including Noncontrolling Interests": 72300000.0,
        "Net Income Continuous Operations": 72300000.0,
        "Tax Provision": 18700000.0,
        "Pretax Income": 91000000.0,
        "Other Income Expense": 49800000.0,
        "Other Non Operating Income Expenses": 1000000.0,
        "Special Income Charges": 12800000.0,
        "Gain On Sale Of Ppe": 0.0,
        "Impairment Of Capital Assets": 0.0,
        "Restructuring And Mergern Acquisition": -12800000.0,
        "Earnings From Equity Interest": 36000000.0,
        "Net Non Operating Interest Income Expense": -72800000.0,
        "Interest Expense Non Operating": 72800000.0,
        "Operating Income": 114000000.0,
        "Operating Expense": 65700000.0,
        "Selling General And Administration": 65700000.0,
        "Gross Profit": 179700000.0,
        "Cost Of Revenue": 444500000.0,
        "Total Revenue": 624200000.0,
        "Operating Revenue": 624200000.0
    },
    "2025-03-31": {
        "Tax Effect Of Unusual Items": -77600.0,
        "Tax Rate For Calcs": 0.194,
        "Normalized EBITDA": 229400000.0,
        "Total Unusual Items": -400000.0,
        "Total Unusual Items Excluding Goodwill": -400000.0,
        "Net Income From Continuing Operation Net Minority Interest": 76700000.0,
        "Reconciled Depreciation": 60800000.0,
        "Reconciled Cost Of Revenue": 453100000.0,
        "EBITDA": 229000000.0,
        "EBIT": 168200000.0,
        "Net Interest Income": -72300000.0,
        "Interest Expense": 72300000.0,
        "Normalized Income": 77022400.0,
        "Net Income From Continuing And Discontinued Operation": 76700000.0,
        "Total Expenses": 507600000.0,
        "Total Operating Income As Reported": 134600000.0,
        "Diluted Average Shares": 74400000.0,
        "Basic Average Shares": 73700000.0,
        "Diluted EPS": 1.02,
        "Basic EPS": 1.02,
        "Diluted NI Availto Com Stockholders": 76700000.0,
        "Net Income Common Stockholders": 76700000.0,
        "Net Income": 76700000.0,
        "Minority Interests": -500000.0,
        "Net Income Including Noncontrolling Interests": 77200000.0,
        "Net Income Continuous Operations": 77200000.0,
        "Tax Provision": 18700000.0,
        "Pretax Income": 95900000.0,
        "Other Income Expense": 33200000.0,
        "Other Non Operating Income Expenses": 300000.0,
        "Special Income Charges": -400000.0,
        "Gain On Sale Of Ppe": NaN,
        "Impairment Of Capital Assets": NaN,
        "Restructuring And Mergern Acquisition": 400000.0,
        "Earnings From Equity Interest": 33300000.0,
        "Net Non Operating Interest Income Expense": -72300000.0,
        "Interest Expense Non Operating": 72300000.0,
        "Operating Income": 135000000.0,
        "Operating Expense": 54500000.0,
        "Selling General And Administration": 54500000.0,
        "Gross Profit": 189500000.0,
        "Cost Of Revenue": 453100000.0,
        "Total Revenue": 642600000.0,
        "Operating Revenue": 642600000.0
    },
    "2025-06-30": {
        "Tax Effect Of Unusual Items": -892500.0,
        "Tax Rate For Calcs": 0.255,
        "Normalized EBITDA": 429100000.0,
        "Total Unusual Items": -3500000.0,
        "Total Unusual Items Excluding Goodwill": -3500000.0,
        "Net Income From Continuing Operation Net Minority Interest": 216900000.0,
        "Reconciled Depreciation": 59400000.0,
        "Reconciled Cost Of Revenue": 542300000.0,
        "EBITDA": 425600000.0,
        "EBIT": 366200000.0,
        "Net Interest Income": -74200000.0,
        "Interest Expense": 74200000.0,
        "Normalized Income": 219507500.0,
        "Net Income From Continuing And Discontinued Operation": 216900000.0,
        "Total Expenses": 603200000.0,
        "Total Operating Income As Reported": 327700000.0,
        "Diluted Average Shares": 72300000.0,
        "Basic Average Shares": 71700000.0,
        "Diluted EPS": 2.99,
        "Basic EPS": 3.02,
        "Diluted NI Availto Com Stockholders": 216900000.0,
        "Net Income Common Stockholders": 216900000.0,
        "Net Income": 216900000.0,
        "Minority Interests": -700000.0,
        "Net Income Including Noncontrolling Interests": 217600000.0,
        "Net Income Continuous Operations": 217600000.0,
        "Tax Provision": 74400000.0,
        "Pretax Income": 292000000.0,
        "Other Income Expense": 35000000.0,
        "Other Non Operating Income Expenses": 1400000.0,
        "Special Income Charges": -3500000.0,
        "Gain On Sale Of Ppe": NaN,
        "Impairment Of Capital Assets": 2400000.0,
        "Restructuring And Mergern Acquisition": 1100000.0,
        "Earnings From Equity Interest": 37100000.0,
        "Net Non Operating Interest Income Expense": -74200000.0,
        "Interest Expense Non Operating": 74200000.0,
        "Operating Income": 331200000.0,
        "Operating Expense": 60900000.0,
        "Selling General And Administration": 60900000.0,
        "Gross Profit": 392100000.0,
        "Cost Of Revenue": 542300000.0,
        "Total Revenue": 934400000.0,
        "Operating Revenue": 934300000.0
    }
}