{
    "2023-06-30": {
        "Tax Effect Of Unusual Items": NaN,
        "Tax Rate For Calcs": NaN,
        "Normalized EBITDA": NaN,
        "Total Unusual Items": NaN,
        "Total Unusual Items Excluding Goodwill": NaN,
        "Net Income From Continuing Operation Net Minority Interest": NaN,
        "Reconciled Depreciation": NaN,
        "Reconciled Cost Of Revenue": NaN,
        "EBITDA": NaN,
        "EBIT": NaN,
        "Net Interest Income": NaN,
        "Interest Expense": NaN,
        "Interest Income": NaN,
        "Normalized Income": NaN,
        "Net Income From Continuing And Discontinued Operation": NaN,
        "Total Expenses": NaN,
        "Total Operating Income As Reported": NaN,
        "Diluted Average Shares": NaN,
        "Basic Average Shares": NaN,
        "Diluted EPS": NaN,
        "Basic EPS": NaN,
        "Diluted NI Availto Com Stockholders": NaN,
        "Average Dilution Earnings": NaN,
        "Net Income Common Stockholders": NaN,
        "Net Income": NaN,
        "Net Income Including Noncontrolling Interests": NaN,
        "Net Income Continuous Operations": NaN,
        "Tax Provision": NaN,
        "Pretax Income": NaN,
        "Other Income Expense": NaN,
        "Other Non Operating Income Expenses": -8000.0,
        "Gain On Sale Of Security": 1504000.0,
        "Net Non Operating Interest Income Expense": NaN,
        "Interest Expense Non Operating": NaN,
        "Interest Income Non Operating": NaN,
        "Operating Income": NaN,
        "Operating Expense": NaN,
        "Other Operating Expenses": -18000.0,
        "Depreciation Amortization Depletion Income Statement": NaN,
        "Depreciation And Amortization In Income Statement": NaN,
        "Amortization": NaN,
        "Amortization Of Intangibles Income Statement": NaN,
        "Depreciation Income Statement": NaN,
        "Selling General And Administration": NaN,
        "General And Administrative Expense": NaN,
        "Other Gand A": NaN,
        "Salaries And Wages": NaN,
        "Gross Profit": NaN,
        "Cost Of Revenue": NaN,
        "Total Revenue": NaN,
        "Operating Revenue": NaN
    },
    "2023-03-31": {
        "Tax Effect Of Unusual Items": NaN,
        "Tax Rate For Calcs": NaN,
        "Normalized EBITDA": NaN,
        "Total Unusual Items": -321000.0,
        "Total Unusual Items Excluding Goodwill": -321000.0,
        "Net Income From Continuing Operation Net Minority Interest": NaN,
        "Reconciled Depreciation": NaN,
        "Reconciled Cost Of Revenue": NaN,
        "EBITDA": NaN,
        "EBIT": NaN,
        "Net Interest Income": NaN,
        "Interest Expense": NaN,
        "Interest Income": NaN,
        "Normalized Income": NaN,
        "Net Income From Continuing And Discontinued Operation": NaN,
        "Total Expenses": NaN,
        "Total Operating Income As Reported": NaN,
        "Diluted Average Shares": NaN,
        "Basic Average Shares": NaN,
        "Diluted EPS": NaN,
        "Basic EPS": NaN,
        "Diluted NI Availto Com Stockholders": NaN,
        "Average Dilution Earnings": 0.0,
        "Net Income Common Stockholders": NaN,
        "Net Income": NaN,
        "Net Income Including Noncontrolling Interests": NaN,
        "Net Income Continuous Operations": NaN,
        "Tax Provision": NaN,
        "Pretax Income": NaN,
        "Other Income Expense": NaN,
        "Other Non Operating Income Expenses": 68000.0,
        "Gain On Sale Of Security": -321000.0,
        "Net Non Operating Interest Income Expense": NaN,
        "Interest Expense Non Operating": NaN,
        "Interest Income Non Operating": NaN,
        "Operating Income": NaN,
        "Operating Expense": NaN,
        "Other Operating Expenses": NaN,
        "Depreciation Amortization Depletion Income Statement": NaN,
        "Depreciation And Amortization In Income Statement": NaN,
        "Amortization": NaN,
        "Amortization Of Intangibles Income Statement": NaN,
        "Depreciation Income Statement": NaN,
        "Selling General And Administration": NaN,
        "General And Administrative Expense": NaN,
        "Other Gand A": NaN,
        "Salaries And Wages": NaN,
        "Gross Profit": NaN,
        "Cost Of Revenue": NaN,
        "Total Revenue": NaN,
        "Operating Revenue": NaN
    },
    "2022-12-31": {
        "Tax Effect Of Unusual Items": NaN,
        "Tax Rate For Calcs": NaN,
        "Normalized EBITDA": NaN,
        "Total Unusual Items": NaN,
        "Total Unusual Items Excluding Goodwill": NaN,
        "Net Income From Continuing Operation Net Minority Interest": NaN,
        "Reconciled Depreciation": NaN,
        "Reconciled Cost Of Revenue": NaN,
        "EBITDA": NaN,
        "EBIT": NaN,
        "Net Interest Income": NaN,
        "Interest Expense": NaN,
        "Interest Income": NaN,
        "Normalized Income": NaN,
        "Net Income From Continuing And Discontinued Operation": NaN,
        "Total Expenses": NaN,
        "Total Operating Income As Reported": NaN,
        "Diluted Average Shares": NaN,
        "Basic Average Shares": NaN,
        "Diluted EPS": NaN,
        "Basic EPS": NaN,
        "Diluted NI Availto Com Stockholders": NaN,
        "Average Dilution Earnings": NaN,
        "Net Income Common Stockholders": NaN,
        "Net Income": NaN,
        "Net Income Including Noncontrolling Interests": NaN,
        "Net Income Continuous Operations": NaN,
        "Tax Provision": NaN,
        "Pretax Income": NaN,
        "Other Income Expense": NaN,
        "Other Non Operating Income Expenses": -9589000.0,
        "Gain On Sale Of Security": NaN,
        "Net Non Operating Interest Income Expense": NaN,
        "Interest Expense Non Operating": NaN,
        "Interest Income Non Operating": NaN,
        "Operating Income": NaN,
        "Operating Expense": NaN,
        "Other Operating Expenses": NaN,
        "Depreciation Amortization Depletion Income Statement": NaN,
        "Depreciation And Amortization In Income Statement": NaN,
        "Amortization": NaN,
        "Amortization Of Intangibles Income Statement": NaN,
        "Depreciation Income Statement": NaN,
        "Selling General And Administration": NaN,
        "General And Administrative Expense": NaN,
        "Other Gand A": NaN,
        "Salaries And Wages": NaN,
        "Gross Profit": NaN,
        "Cost Of Revenue": NaN,
        "Total Revenue": NaN,
        "Operating Revenue": NaN
    },
    "2022-09-30": {
        "Tax Effect Of Unusual Items": NaN,
        "Tax Rate For Calcs": NaN,
        "Normalized EBITDA": NaN,
        "Total Unusual Items": NaN,
        "Total Unusual Items Excluding Goodwill": NaN,
        "Net Income From Continuing Operation Net Minority Interest": NaN,
        "Reconciled Depreciation": NaN,
        "Reconciled Cost Of Revenue": NaN,
        "EBITDA": NaN,
        "EBIT": NaN,
        "Net Interest Income": NaN,
        "Interest Expense": NaN,
        "Interest Income": NaN,
        "Normalized Income": NaN,
        "Net Income From Continuing And Discontinued Operation": NaN,
        "Total Expenses": NaN,
        "Total Operating Income As Reported": NaN,
        "Diluted Average Shares": NaN,
        "Basic Average Shares": NaN,
        "Diluted EPS": NaN,
        "Basic EPS": NaN,
        "Diluted NI Availto Com Stockholders": NaN,
        "Average Dilution Earnings": NaN,
        "Net Income Common Stockholders": NaN,
        "Net Income": NaN,
        "Net Income Including Noncontrolling Interests": NaN,
        "Net Income Continuous Operations": NaN,
        "Tax Provision": NaN,
        "Pretax Income": NaN,
        "Other Income Expense": NaN,
        "Other Non Operating Income Expenses": NaN,
        "Gain On Sale Of Security": -3176000.0,
        "Net Non Operating Interest Income Expense": NaN,
        "Interest Expense Non Operating": NaN,
        "Interest Income Non Operating": NaN,
        "Operating Income": NaN,
        "Operating Expense": NaN,
        "Other Operating Expenses": 15000.0,
        "Depreciation Amortization Depletion Income Statement": NaN,
        "Depreciation And Amortization In Income Statement": NaN,
        "Amortization": NaN,
        "Amortization Of Intangibles Income Statement": NaN,
        "Depreciation Income Statement": NaN,
        "Selling General And Administration": NaN,
        "General And Administrative Expense": NaN,
        "Other Gand A": NaN,
        "Salaries And Wages": NaN,
        "Gross Profit": NaN,
        "Cost Of Revenue": NaN,
        "Total Revenue": NaN,
        "Operating Revenue": NaN
    },
    "2022-06-30": {
        "Tax Effect Of Unusual Items": 0.0,
        "Tax Rate For Calcs": 0.228207,
        "Normalized EBITDA": 102242000.0,
        "Total Unusual Items": NaN,
        "Total Unusual Items Excluding Goodwill": NaN,
        "Net Income From Continuing Operation Net Minority Interest": 66456000.0,
        "Reconciled Depreciation": 15234000.0,
        "Reconciled Cost Of Revenue": 336821000.0,
        "EBITDA": 102242000.0,
        "EBIT": 87008000.0,
        "Net Interest Income": -748000.0,
        "Interest Expense": 902000.0,
        "Interest Income": 154000.0,
        "Normalized Income": 66456000.0,
        "Net Income From Continuing And Discontinued Operation": 66456000.0,
        "Total Expenses": 439350000.0,
        "Total Operating Income As Reported": 91938000.0,
        "Diluted Average Shares": 15111000.0,
        "Basic Average Shares": 14932000.0,
        "Diluted EPS": 4.4,
        "Basic EPS": 4.45,
        "Diluted NI Availto Com Stockholders": 66456000.0,
        "Net Income Common Stockholders": 66456000.0,
        "Net Income": 66456000.0,
        "Net Income Including Noncontrolling Interests": 66456000.0,
        "Net Income Continuous Operations": 66456000.0,
        "Tax Provision": 19650000.0,
        "Pretax Income": 86106000.0,
        "Other Income Expense": -5084000.0,
        "Other Non Operating Income Expenses": -5084000.0,
        "Gain On Sale Of Security": NaN,
        "Net Non Operating Interest Income Expense": -748000.0,
        "Interest Expense Non Operating": 902000.0,
        "Interest Income Non Operating": 154000.0,
        "Operating Income": 91938000.0,
        "Operating Expense": 102529000.0,
        "Other Operating Expenses": -558000.0,
        "Depreciation Amortization Depletion Income Statement": 15234000.0,
        "Depreciation And Amortization In Income Statement": 15234000.0,
        "Amortization": 2520000.0,
        "Amortization Of Intangibles Income Statement": 2520000.0,
        "Depreciation Income Statement": 12714000.0,
        "Selling General And Administration": 87853000.0,
        "General And Administrative Expense": 87853000.0,
        "Other Gand A": 86336000.0,
        "Salaries And Wages": 1517000.0,
        "Gross Profit": 194467000.0,
        "Cost Of Revenue": 336821000.0,
        "Total Revenue": 531288000.0,
        "Operating Revenue": 531288000.0
    },
    "2022-03-31": {
        "Diluted EPS": 4.22,
        "Total Revenue": 531,
        "Gross Profit": 194,
        "Operating Income": 89,
        "EBIT": 104,
        "Net Income": 64
    },
    "2021-12-31": {
        "Diluted EPS": 4.78,
        "Total Revenue": 541,
        "Gross Profit": 205,
        "Operating Income": 98,
        "EBIT": 112,
        "Net Income": 75
    },
    "2021-09-30": {
        "Diluted EPS": 4.55,
        "Total Revenue": 539,
        "Gross Profit": 197,
        "Operating Income": 93,
        "EBIT": 107,
        "Net Income": 72
    },
    "2021-06-30": {
        "Diluted EPS": 3.51,
        "Total Revenue": 532,
        "Gross Profit": 182,
        "Operating Income": 72,
        "EBIT": 88,
        "Net Income": 57
    },
    "2021-03-31": {
        "Diluted EPS": 4.01,
        "Total Revenue": 527,
        "Gross Profit": 187,
        "Operating Income": 80,
        "EBIT": 95,
        "Net Income": 65
    },
    "2020-12-31": {
        "Diluted EPS": 6.95,
        "Total Revenue": 533,
        "Gross Profit": 198,
        "Operating Income": 143,
        "EBIT": 158,
        "Net Income": 114
    },
    "2020-09-30": {
        "Diluted EPS": 4.14,
        "Total Revenue": 528,
        "Gross Profit": 189,
        "Operating Income": 74,
        "EBIT": 89,
        "Net Income": 68
    },
    "2020-06-30": {
        "Diluted EPS": 5.01,
        "Total Revenue": 502,
        "Gross Profit": 150,
        "Operating Income": 93,
        "EBIT": 107,
        "Net Income": 82
    },
    "2020-03-31": {
        "Diluted EPS": 3.38,
        "Total Revenue": 516,
        "Gross Profit": 164,
        "Operating Income": 79,
        "EBIT": 93,
        "Net Income": 56
    },
    "2019-12-31": {
        "Diluted EPS": 3.97,
        "Total Revenue": 522,
        "Gross Profit": 175,
        "Operating Income": 77,
        "EBIT": 92,
        "Net Income": 66
    },
    "2019-09-30": {
        "Diluted EPS": 3.56,
        "Total Revenue": 481,
        "Gross Profit": 152,
        "Operating Income": 65,
        "EBIT": 76,
        "Net Income": 59
    },
    "2019-06-30": {
        "Diluted EPS": 3.08,
        "Total Revenue": 474,
        "Gross Profit": 150,
        "Operating Income": 66,
        "EBIT": 76,
        "Net Income": 51
    },
    "2019-03-31": {
        "Diluted EPS": 2.7,
        "Total Revenue": 462,
        "Gross Profit": 140,
        "Operating Income": 49,
        "EBIT": 60,
        "Net Income": 45
    },
    "2018-12-31": {
        "Diluted EPS": 3.24,
        "Total Revenue": 458,
        "Gross Profit": 145,
        "Operating Income": 67,
        "EBIT": 78,
        "Net Income": 54
    },
    "2018-09-30": {
        "Diluted EPS": 3.06,
        "Total Revenue": 444,
        "Gross Profit": 139,
        "Operating Income": 62,
        "EBIT": 71,
        "Net Income": 51
    },
    "2018-06-30": {
        "Diluted EPS": 3.27,
        "Total Revenue": 442,
        "Gross Profit": 136,
        "Operating Income": 58,
        "EBIT": 68,
        "Net Income": 55
    },
    "2018-03-31": {
        "Diluted EPS": 2.66,
        "Total Revenue": 439,
        "Gross Profit": 135,
        "Operating Income": 56,
        "EBIT": 66,
        "Net Income": 45
    },
    "2017-12-31": {
        "Diluted EPS": 3.3,
        "Total Revenue": 428,
        "Gross Profit": 137,
        "Operating Income": 57,
        "EBIT": 66,
        "Net Income": 55
    },
    "2017-09-30": {
        "Diluted EPS": 2.13,
        "Total Revenue": 417,
        "Gross Profit": 129,
        "Operating Income": 54,
        "EBIT": 63,
        "Net Income": 35
    },
    "2017-06-30": {
        "Diluted EPS": -1.35,
        "Total Revenue": 415,
        "Gross Profit": 129,
        "Operating Income": -39,
        "EBIT": -30,
        "Net Income": -22
    },
    "2017-03-31": {
        "Diluted EPS": 1.78,
        "Total Revenue": 406,
        "Gross Profit": 121,
        "Operating Income": 41,
        "EBIT": 51,
        "Net Income": 30
    },
    "2016-12-31": {
        "Diluted EPS": 1.93,
        "Total Revenue": 403,
        "Gross Profit": 124,
        "Operating Income": 53,
        "EBIT": 62,
        "Net Income": 32
    },
    "2016-09-30": {
        "Diluted EPS": 1.62,
        "Total Revenue": 393,
        "Gross Profit": 111,
        "Operating Income": 43,
        "EBIT": 52,
        "Net Income": 27
    },
    "2016-06-30": {
        "Diluted EPS": 1.48,
        "Total Revenue": 390,
        "Gross Profit": 114,
        "Operating Income": 38,
        "EBIT": 48,
        "Net Income": 25
    },
    "2016-03-31": {
        "Diluted EPS": 1.45,
        "Total Revenue": 390,
        "Gross Profit": 112,
        "Operating Income": 44,
        "EBIT": 54,
        "Net Income": 25
    },
    "2015-12-31": {
        "Diluted EPS": 1.73,
        "Total Revenue": 399,
        "Gross Profit": 123,
        "Operating Income": 49,
        "EBIT": 59,
        "Net Income": 30
    },
    "2015-09-30": {
        "Diluted EPS": 1.65,
        "Total Revenue": 386,
        "Gross Profit": 114,
        "Operating Income": 50,
        "EBIT": 59,
        "Net Income": 29
    },
    "2015-06-30": {
        "Diluted EPS": 1.55,
        "Total Revenue": 382,
        "Gross Profit": 111,
        "Operating Income": 45,
        "EBIT": 53,
        "Net Income": 27
    },
    "2015-03-31": {
        "Diluted EPS": 1.4,
        "Total Revenue": 377,
        "Gross Profit": 108,
        "Operating Income": 41,
        "EBIT": 49,
        "Net Income": 25
    },
    "2014-12-31": {
        "Diluted EPS": 1.7,
        "Total Revenue": 379,
        "Gross Profit": 116,
        "Operating Income": 50,
        "EBIT": 59,
        "Net Income": 30
    },
    "2014-09-30": {
        "Diluted EPS": 1.39,
        "Total Revenue": 358,
        "Gross Profit": 102,
        "Operating Income": 40,
        "EBIT": 49,
        "Net Income": 25
    },
    "2014-06-30": {
        "Diluted EPS": 1.36,
        "Total Revenue": 360,
        "Gross Profit": 103,
        "Operating Income": 42,
        "EBIT": 51,
        "Net Income": 24
    },
    "2014-03-31": {
        "Diluted EPS": 1.12,
        "Total Revenue": 358,
        "Gross Profit": 100,
        "Operating Income": 37,
        "EBIT": 47,
        "Net Income": 21
    },
    "2013-12-31": {
        "Diluted EPS": 1.28,
        "Total Revenue": 349,
        "Gross Profit": 103,
        "Operating Income": 39,
        "EBIT": 50,
        "Net Income": 23
    },
    "2013-09-30": {
        "Diluted EPS": 0.94,
        "Total Revenue": 341,
        "Gross Profit": 98,
        "Operating Income": 29,
        "EBIT": 40,
        "Net Income": 17
    },
    "2013-06-30": {
        "Diluted EPS": 0.77,
        "Total Revenue": 357,
        "Gross Profit": 102,
        "Operating Income": 26,
        "EBIT": 36,
        "Net Income": 15
    },
    "2013-03-31": {
        "Diluted EPS": 1.17,
        "Total Revenue": 367,
        "Gross Profit": 102,
        "Operating Income": 39,
        "EBIT": 50,
        "Net Income": 22
    },
    "2012-12-31": {
        "Diluted EPS": 1.39,
        "Total Revenue": 369,
        "Gross Profit": 107,
        "Operating Income": 46,
        "EBIT": 56,
        "Net Income": 27
    },
    "2012-09-30": {
        "Diluted EPS": 1.07,
        "Total Revenue": 354,
        "Gross Profit": 98,
        "Operating Income": 36,
        "EBIT": 47,
        "Net Income": 21
    },
    "2012-06-30": {
        "Diluted EPS": 1.1,
        "Total Revenue": 354,
        "Gross Profit": 97,
        "Operating Income": 40,
        "EBIT": 49,
        "Net Income": 21
    },
    "2012-03-31": {
        "Diluted EPS": 1.06,
        "Total Revenue": 353,
        "Gross Profit": 95,
        "Operating Income": 35,
        "EBIT": 44,
        "Net Income": 20
    },
    "2011-12-31": {
        "Diluted EPS": 1.28,
        "Total Revenue": 350,
        "Gross Profit": 102,
        "Operating Income": 46,
        "EBIT": 56,
        "Net Income": 26
    },
    "2011-09-30": {
        "Diluted EPS": 1.04,
        "Total Revenue": 341,
        "Gross Profit": 96,
        "Operating Income": 41,
        "EBIT": 51,
        "Net Income": 22
    },
    "2011-06-30": {
        "Diluted EPS": 0.94,
        "Total Revenue": 333,
        "Gross Profit": 94,
        "Operating Income": 36,
        "EBIT": 45,
        "Net Income": 20
    },
    "2011-03-31": {
        "Diluted EPS": 0.84,
        "Total Revenue": 331,
        "Gross Profit": 93,
        "Operating Income": 31,
        "EBIT": 40,
        "Net Income": 18
    },
    "2010-12-31": {
        "Diluted EPS": 0.98,
        "Total Revenue": 336,
        "Gross Profit": 101,
        "Operating Income": 38,
        "EBIT": 48,
        "Net Income": 23
    },
    "2010-09-30": {
        "Diluted EPS": 0.91,
        "Total Revenue": 320,
        "Gross Profit": 93,
        "Operating Income": 37,
        "EBIT": 46,
        "Net Income": 21
    },
    "2010-06-30": {
        "Diluted EPS": 0.82,
        "Total Revenue": 315,
        "Gross Profit": 91,
        "Operating Income": 34,
        "EBIT": 43,
        "Net Income": 19
    },
    "2010-03-31": {
        "Diluted EPS": 0.84,
        "Total Revenue": 309,
        "Gross Profit": 90,
        "Operating Income": 34,
        "EBIT": 43,
        "Net Income": 19
    },
    "2009-12-31": {
        "Diluted EPS": 0.79,
        "Total Revenue": 303,
        "Gross Profit": 92,
        "Operating Income": 31,
        "EBIT": 40,
        "Net Income": 18
    },
    "2009-09-30": {
        "Diluted EPS": 0.84,
        "Total Revenue": 297,
        "Gross Profit": 88,
        "Operating Income": 33,
        "EBIT": 41,
        "Net Income": 19
    },
    "2009-06-30": {
        "Diluted EPS": 0.76,
        "Total Revenue": 295,
        "Gross Profit": 88,
        "Operating Income": 28,
        "EBIT": 37,
        "Net Income": 17
    },
    "2009-03-31": {
        "Diluted EPS": 0.85,
        "Total Revenue": 295,
        "Gross Profit": 88,
        "Operating Income": 35,
        "EBIT": 43,
        "Net Income": 19
    },
    "2023-09-30": {
        "Tax Effect Of Unusual Items": NaN,
        "Tax Rate For Calcs": NaN,
        "Normalized EBITDA": NaN,
        "Total Unusual Items": 4257000.0,
        "Total Unusual Items Excluding Goodwill": 4257000.0,
        "Net Income From Continuing Operation Net Minority Interest": NaN,
        "Reconciled Depreciation": NaN,
        "Reconciled Cost Of Revenue": NaN,
        "EBITDA": NaN,
        "EBIT": NaN,
        "Net Interest Income": NaN,
        "Interest Expense": NaN,
        "Interest Income": NaN,
        "Normalized Income": NaN,
        "Net Income From Continuing And Discontinued Operation": NaN,
        "Total Expenses": NaN,
        "Total Operating Income As Reported": NaN,
        "Diluted Average Shares": NaN,
        "Basic Average Shares": NaN,
        "Diluted EPS": NaN,
        "Basic EPS": NaN,
        "Diluted NI Availto Com Stockholders": NaN,
        "Average Dilution Earnings": NaN,
        "Net Income Common Stockholders": NaN,
        "Net Income": NaN,
        "Net Income Including Noncontrolling Interests": NaN,
        "Net Income Continuous Operations": NaN,
        "Tax Provision": NaN,
        "Pretax Income": NaN,
        "Other Income Expense": NaN,
        "Other Non Operating Income Expenses": NaN,
        "Gain On Sale Of Security": 4257000.0,
        "Net Non Operating Interest Income Expense": NaN,
        "Interest Expense Non Operating": NaN,
        "Interest Income Non Operating": NaN,
        "Operating Income": NaN,
        "Operating Expense": NaN,
        "Other Operating Expenses": 343000.0,
        "Depreciation Amortization Depletion Income Statement": NaN,
        "Depreciation And Amortization In Income Statement": NaN,
        "Amortization": NaN,
        "Amortization Of Intangibles Income Statement": NaN,
        "Depreciation Income Statement": NaN,
        "Selling General And Administration": NaN,
        "General And Administrative Expense": NaN,
        "Other Gand A": NaN,
        "Salaries And Wages": NaN,
        "Gross Profit": NaN,
        "Cost Of Revenue": NaN,
        "Total Revenue": NaN,
        "Operating Revenue": NaN
    },
    "2023-12-31": {
        "Tax Effect Of Unusual Items": NaN,
        "Tax Rate For Calcs": NaN,
        "Normalized EBITDA": NaN,
        "Total Unusual Items": -7702000.0,
        "Total Unusual Items Excluding Goodwill": -7702000.0,
        "Net Income From Continuing Operation Net Minority Interest": NaN,
        "Reconciled Depreciation": NaN,
        "Reconciled Cost Of Revenue": NaN,
        "EBITDA": NaN,
        "EBIT": NaN,
        "Net Interest Income": NaN,
        "Interest Expense": NaN,
        "Interest Income": NaN,
        "Normalized Income": NaN,
        "Net Income From Continuing And Discontinued Operation": NaN,
        "Total Expenses": NaN,
        "Total Operating Income As Reported": NaN,
        "Diluted Average Shares": NaN,
        "Basic Average Shares": NaN,
        "Diluted EPS": NaN,
        "Basic EPS": NaN,
        "Diluted NI Availto Com Stockholders": NaN,
        "Average Dilution Earnings": NaN,
        "Net Income Common Stockholders": NaN,
        "Net Income": NaN,
        "Net Income Including Noncontrolling Interests": NaN,
        "Net Income Continuous Operations": NaN,
        "Tax Provision": NaN,
        "Pretax Income": NaN,
        "Other Income Expense": NaN,
        "Other Non Operating Income Expenses": NaN,
        "Gain On Sale Of Security": NaN,
        "Net Non Operating Interest Income Expense": NaN,
        "Interest Expense Non Operating": NaN,
        "Interest Income Non Operating": NaN,
        "Operating Income": NaN,
        "Operating Expense": NaN,
        "Other Operating Expenses": NaN,
        "Depreciation Amortization Depletion Income Statement": NaN,
        "Depreciation And Amortization In Income Statement": NaN,
        "Amortization": NaN,
        "Amortization Of Intangibles Income Statement": NaN,
        "Depreciation Income Statement": NaN,
        "Selling General And Administration": NaN,
        "General And Administrative Expense": NaN,
        "Other Gand A": NaN,
        "Salaries And Wages": NaN,
        "Gross Profit": NaN,
        "Cost Of Revenue": NaN,
        "Total Revenue": NaN,
        "Operating Revenue": NaN
    },
    "2024-03-31": {
        "Tax Effect Of Unusual Items": NaN,
        "Tax Rate For Calcs": NaN,
        "Normalized EBITDA": NaN,
        "Total Unusual Items": 8334000.0,
        "Total Unusual Items Excluding Goodwill": 8334000.0,
        "Net Income From Continuing Operation Net Minority Interest": NaN,
        "Reconciled Depreciation": NaN,
        "Reconciled Cost Of Revenue": NaN,
        "EBITDA": NaN,
        "EBIT": NaN,
        "Net Interest Income": NaN,
        "Interest Expense": NaN,
        "Interest Income": NaN,
        "Normalized Income": NaN,
        "Net Income From Continuing And Discontinued Operation": NaN,
        "Total Expenses": NaN,
        "Total Operating Income As Reported": NaN,
        "Diluted Average Shares": NaN,
        "Basic Average Shares": NaN,
        "Diluted EPS": NaN,
        "Basic EPS": NaN,
        "Diluted NI Availto Com Stockholders": NaN,
        "Average Dilution Earnings": 0.0,
        "Net Income Common Stockholders": NaN,
        "Net Income": NaN,
        "Net Income Including Noncontrolling Interests": NaN,
        "Net Income Continuous Operations": NaN,
        "Tax Provision": NaN,
        "Pretax Income": NaN,
        "Other Income Expense": NaN,
        "Other Non Operating Income Expenses": NaN,
        "Gain On Sale Of Security": 8334000.0,
        "Net Non Operating Interest Income Expense": NaN,
        "Interest Expense Non Operating": NaN,
        "Interest Income Non Operating": NaN,
        "Operating Income": NaN,
        "Operating Expense": NaN,
        "Other Operating Expenses": NaN,
        "Depreciation Amortization Depletion Income Statement": NaN,
        "Depreciation And Amortization In Income Statement": NaN,
        "Amortization": NaN,
        "Amortization Of Intangibles Income Statement": NaN,
        "Depreciation Income Statement": NaN,
        "Selling General And Administration": NaN,
        "General And Administrative Expense": NaN,
        "Other Gand A": NaN,
        "Salaries And Wages": NaN,
        "Gross Profit": NaN,
        "Cost Of Revenue": NaN,
        "Total Revenue": NaN,
        "Operating Revenue": NaN
    },
    "2024-06-30": {
        "Tax Effect Of Unusual Items": NaN,
        "Tax Rate For Calcs": NaN,
        "Normalized EBITDA": NaN,
        "Total Unusual Items": NaN,
        "Total Unusual Items Excluding Goodwill": NaN,
        "Net Income From Continuing Operation Net Minority Interest": NaN,
        "Reconciled Depreciation": NaN,
        "Reconciled Cost Of Revenue": NaN,
        "EBITDA": NaN,
        "EBIT": NaN,
        "Net Interest Income": NaN,
        "Interest Expense": NaN,
        "Interest Income": NaN,
        "Normalized Income": NaN,
        "Net Income From Continuing And Discontinued Operation": NaN,
        "Total Expenses": NaN,
        "Total Operating Income As Reported": NaN,
        "Diluted Average Shares": NaN,
        "Basic Average Shares": NaN,
        "Diluted EPS": NaN,
        "Basic EPS": NaN,
        "Diluted NI Availto Com Stockholders": NaN,
        "Average Dilution Earnings": NaN,
        "Net Income Common Stockholders": NaN,
        "Net Income": NaN,
        "Net Income Including Noncontrolling Interests": NaN,
        "Net Income Continuous Operations": NaN,
        "Tax Provision": NaN,
        "Pretax Income": NaN,
        "Other Income Expense": NaN,
        "Other Non Operating Income Expenses": NaN,
        "Gain On Sale Of Security": NaN,
        "Net Non Operating Interest Income Expense": NaN,
        "Interest Expense Non Operating": NaN,
        "Interest Income Non Operating": NaN,
        "Operating Income": NaN,
        "Operating Expense": NaN,
        "Other Operating Expenses": 37000.0,
        "Depreciation Amortization Depletion Income Statement": NaN,
        "Depreciation And Amortization In Income Statement": NaN,
        "Amortization": NaN,
        "Amortization Of Intangibles Income Statement": NaN,
        "Depreciation Income Statement": NaN,
        "Selling General And Administration": NaN,
        "General And Administrative Expense": NaN,
        "Other Gand A": NaN,
        "Salaries And Wages": NaN,
        "Gross Profit": NaN,
        "Cost Of Revenue": NaN,
        "Total Revenue": NaN,
        "Operating Revenue": NaN
    },
    "2024-09-30": {
        "Tax Effect Of Unusual Items": 1407250.0,
        "Tax Rate For Calcs": 0.25,
        "Normalized EBITDA": 111524000.0,
        "Total Unusual Items": 5629000.0,
        "Total Unusual Items Excluding Goodwill": 5629000.0,
        "Net Income From Continuing Operation Net Minority Interest": 75776000.0,
        "Reconciled Depreciation": 15697000.0,
        "Reconciled Cost Of Revenue": 396187000.0,
        "EBITDA": 117153000.0,
        "EBIT": 101456000.0,
        "Net Interest Income": 3241000.0,
        "Interest Expense": 427000.0,
        "Interest Income": 3668000.0,
        "Normalized Income": 71554250.0,
        "Net Income From Continuing And Discontinued Operation": 75776000.0,
        "Total Expenses": 514024000.0,
        "Total Operating Income As Reported": 92157000.0,
        "Diluted Average Shares": 15168000.0,
        "Basic Average Shares": 15025000.0,
        "Diluted EPS": 5.0,
        "Basic EPS": 5.04,
        "Diluted NI Availto Com Stockholders": 75776000.0,
        "Average Dilution Earnings": NaN,
        "Net Income Common Stockholders": 75776000.0,
        "Net Income": 75776000.0,
        "Net Income Including Noncontrolling Interests": 75776000.0,
        "Net Income Continuous Operations": 75776000.0,
        "Tax Provision": 25253000.0,
        "Pretax Income": 101029000.0,
        "Other Income Expense": 5631000.0,
        "Other Non Operating Income Expenses": 2000.0,
        "Gain On Sale Of Security": 5629000.0,
        "Net Non Operating Interest Income Expense": 3241000.0,
        "Interest Expense Non Operating": 427000.0,
        "Interest Income Non Operating": 3668000.0,
        "Operating Income": 92157000.0,
        "Operating Expense": 117837000.0,
        "Other Operating Expenses": 159000.0,
        "Depreciation Amortization Depletion Income Statement": 15697000.0,
        "Depreciation And Amortization In Income Statement": 15697000.0,
        "Amortization": 2550000.0,
        "Amortization Of Intangibles Income Statement": 2550000.0,
        "Depreciation Income Statement": 13147000.0,
        "Selling General And Administration": 101981000.0,
        "General And Administrative Expense": 101981000.0,
        "Other Gand A": 93269000.0,
        "Salaries And Wages": 8712000.0,
        "Gross Profit": 209994000.0,
        "Cost Of Revenue": 396187000.0,
        "Total Revenue": 606181000.0,
        "Operating Revenue": 603510000.0
    },
    "2024-12-31": {
        "Tax Effect Of Unusual Items": -4229323.143778,
        "Tax Rate For Calcs": 0.248112,
        "Normalized EBITDA": 153499000.0,
        "Total Unusual Items": -17046000.0,
        "Total Unusual Items Excluding Goodwill": -17046000.0,
        "Net Income From Continuing Operation Net Minority Interest": 90319000.0,
        "Reconciled Depreciation": 15831000.0,
        "Reconciled Cost Of Revenue": 405875000.0,
        "EBITDA": 136453000.0,
        "EBIT": 120622000.0,
        "Net Interest Income": 2706000.0,
        "Interest Expense": 499000.0,
        "Interest Income": 3205000.0,
        "Normalized Income": 103135676.856222,
        "Net Income From Continuing And Discontinued Operation": 90319000.0,
        "Total Expenses": 525669000.0,
        "Total Operating Income As Reported": 113878000.0,
        "Diluted Average Shares": 14992000.0,
        "Basic Average Shares": 14853000.0,
        "Diluted EPS": 6.02,
        "Basic EPS": 6.08,
        "Diluted NI Availto Com Stockholders": 90319000.0,
        "Average Dilution Earnings": NaN,
        "Net Income Common Stockholders": 90319000.0,
        "Net Income": 90319000.0,
        "Net Income Including Noncontrolling Interests": 90319000.0,
        "Net Income Continuous Operations": 90319000.0,
        "Tax Provision": 29804000.0,
        "Pretax Income": 120123000.0,
        "Other Income Expense": 3093000.0,
        "Other Non Operating Income Expenses": 20139000.0,
        "Gain On Sale Of Security": NaN,
        "Net Non Operating Interest Income Expense": 2706000.0,
        "Interest Expense Non Operating": 499000.0,
        "Interest Income Non Operating": 3205000.0,
        "Operating Income": 114324000.0,
        "Operating Expense": 119794000.0,
        "Other Operating Expenses": NaN,
        "Depreciation Amortization Depletion Income Statement": 15831000.0,
        "Depreciation And Amortization In Income Statement": 15831000.0,
        "Amortization": 2568000.0,
        "Amortization Of Intangibles Income Statement": 2568000.0,
        "Depreciation Income Statement": 13263000.0,
        "Selling General And Administration": 104251000.0,
        "General And Administrative Expense": 104251000.0,
        "Other Gand A": 116496000.0,
        "Salaries And Wages": -12245000.0,
        "Gross Profit": 234118000.0,
        "Cost Of Revenue": 405875000.0,
        "Total Revenue": 639993000.0,
        "Operating Revenue": 641945000.0
    },
    "2025-03-31": {
        "Tax Effect Of Unusual Items": 0.0,
        "Tax Rate For Calcs": 0.25,
        "Normalized EBITDA": 112020000.0,
        "Total Unusual Items": NaN,
        "Total Unusual Items Excluding Goodwill": NaN,
        "Net Income From Continuing Operation Net Minority Interest": 71757000.0,
        "Reconciled Depreciation": 16017000.0,
        "Reconciled Cost Of Revenue": 430530000.0,
        "EBITDA": 112020000.0,
        "EBIT": 96003000.0,
        "Net Interest Income": 1747000.0,
        "Interest Expense": 329000.0,
        "Interest Income": 2076000.0,
        "Normalized Income": 71757000.0,
        "Net Income From Continuing And Discontinued Operation": 71757000.0,
        "Total Expenses": 552185000.0,
        "Total Operating Income As Reported": 94758000.0,
        "Diluted Average Shares": 14764000.0,
        "Basic Average Shares": 14622000.0,
        "Diluted EPS": 4.86,
        "Basic EPS": 4.91,
        "Diluted NI Availto Com Stockholders": 71757000.0,
        "Average Dilution Earnings": 0.0,
        "Net Income Common Stockholders": 71757000.0,
        "Net Income": 71757000.0,
        "Net Income Including Noncontrolling Interests": 71757000.0,
        "Net Income Continuous Operations": 71757000.0,
        "Tax Provision": 23917000.0,
        "Pretax Income": 95674000.0,
        "Other Income Expense": -831000.0,
        "Other Non Operating Income Expenses": -831000.0,
        "Gain On Sale Of Security": NaN,
        "Net Non Operating Interest Income Expense": 1747000.0,
        "Interest Expense Non Operating": 329000.0,
        "Interest Income Non Operating": 2076000.0,
        "Operating Income": 94758000.0,
        "Operating Expense": 121655000.0,
        "Other Operating Expenses": 51000.0,
        "Depreciation Amortization Depletion Income Statement": 16017000.0,
        "Depreciation And Amortization In Income Statement": 16017000.0,
        "Amortization": 2572000.0,
        "Amortization Of Intangibles Income Statement": 2572000.0,
        "Depreciation Income Statement": 13445000.0,
        "Selling General And Administration": 105587000.0,
        "General And Administrative Expense": 105587000.0,
        "Other Gand A": 102930000.0,
        "Salaries And Wages": 2657000.0,
        "Gross Profit": 216413000.0,
        "Cost Of Revenue": 430530000.0,
        "Total Revenue": 646943000.0,
        "Operating Revenue": 648164000.0
    },
    "2025-06-30": {
        "Tax Effect Of Unusual Items": 0.0,
        "Tax Rate For Calcs": 0.262,
        "Normalized EBITDA": 87818000.0,
        "Total Unusual Items": NaN,
        "Total Unusual Items Excluding Goodwill": NaN,
        "Net Income From Continuing Operation Net Minority Interest": 52493000.0,
        "Reconciled Depreciation": 16260000.0,
        "Reconciled Cost Of Revenue": 434105000.0,
        "EBITDA": 87818000.0,
        "EBIT": 71558000.0,
        "Net Interest Income": 2112000.0,
        "Interest Expense": 443000.0,
        "Interest Income": 2555000.0,
        "Normalized Income": 52493000.0,
        "Net Income From Continuing And Discontinued Operation": 52493000.0,
        "Total Expenses": 549796000.0,
        "Total Operating Income As Reported": 68084000.0,
        "Diluted Average Shares": 14703000.0,
        "Basic Average Shares": 14591000.0,
        "Diluted EPS": 3.57,
        "Basic EPS": 3.6,
        "Diluted NI Availto Com Stockholders": 52493000.0,
        "Average Dilution Earnings": NaN,
        "Net Income Common Stockholders": 52493000.0,
        "Net Income": 52493000.0,
        "Net Income Including Noncontrolling Interests": 52493000.0,
        "Net Income Continuous Operations": 52493000.0,
        "Tax Provision": 18622000.0,
        "Pretax Income": 71115000.0,
        "Other Income Expense": 1000.0,
        "Other Non Operating Income Expenses": 1000.0,
        "Gain On Sale Of Security": NaN,
        "Net Non Operating Interest Income Expense": 2112000.0,
        "Interest Expense Non Operating": 443000.0,
        "Interest Income Non Operating": 2555000.0,
        "Operating Income": 69002000.0,
        "Operating Expense": 115691000.0,
        "Other Operating Expenses": 26000.0,
        "Depreciation Amortization Depletion Income Statement": 16260000.0,
        "Depreciation And Amortization In Income Statement": 16260000.0,
        "Amortization": 2571000.0,
        "Amortization Of Intangibles Income Statement": 2571000.0,
        "Depreciation Income Statement": 13689000.0,
        "Selling General And Administration": 99405000.0,
        "General And Administrative Expense": 99405000.0,
        "Other Gand A": 98552000.0,
        "Salaries And Wages": 853000.0,
        "Gross Profit": 184693000.0,
        "Cost Of Revenue": 434105000.0,
        "Total Revenue": 618798000.0,
        "Operating Revenue": 620450000.0
    },
    "2025-09-30": {
        "Tax Effect Of Unusual Items": 1548393.0,
        "Tax Rate For Calcs": 0.231,
        "Normalized EBITDA": 93532000.0,
        "Total Unusual Items": 6703000.0,
        "Total Unusual Items Excluding Goodwill": 6703000.0,
        "Net Income From Continuing Operation Net Minority Interest": 64237000.0,
        "Reconciled Depreciation": 16234000.0,
        "Reconciled Cost Of Revenue": 427993000.0,
        "EBITDA": 100235000.0,
        "EBIT": 84001000.0,
        "Net Interest Income": 2098000.0,
        "Interest Expense": 457000.0,
        "Interest Income": 2555000.0,
        "Normalized Income": 59082393.0,
        "Net Income From Continuing And Discontinued Operation": 64237000.0,
        "Total Expenses": 550150000.0,
        "Total Operating Income As Reported": 74750000.0,
        "Diluted Average Shares": 14409000.0,
        "Basic Average Shares": 14394000.0,
        "Diluted EPS": 4.46,
        "Basic EPS": 4.46,
        "Diluted NI Availto Com Stockholders": 64237000.0,
        "Average Dilution Earnings": NaN,
        "Net Income Common Stockholders": 64237000.0,
        "Net Income": 64237000.0,
        "Net Income Including Noncontrolling Interests": 64237000.0,
        "Net Income Continuous Operations": 64237000.0,
        "Tax Provision": 19307000.0,
        "Pretax Income": 83544000.0,
        "Other Income Expense": 6696000.0,
        "Other Non Operating Income Expenses": -7000.0,
        "Gain On Sale Of Security": 6703000.0,
        "Net Non Operating Interest Income Expense": 2098000.0,
        "Interest Expense Non Operating": 457000.0,
        "Interest Income Non Operating": 2555000.0,
        "Operating Income": 74750000.0,
        "Operating Expense": 122157000.0,
        "Other Operating Expenses": 148000.0,
        "Depreciation Amortization Depletion Income Statement": 16234000.0,
        "Depreciation And Amortization In Income Statement": 16234000.0,
        "Amortization": 2570000.0,
        "Amortization Of Intangibles Income Statement": 2570000.0,
        "Depreciation Income Statement": 13664000.0,
        "Selling General And Administration": 105775000.0,
        "General And Administrative Expense": 105775000.0,
        "Other Gand A": 99288000.0,
        "Salaries And Wages": 6487000.0,
        "Gross Profit": 196907000.0,
        "Cost Of Revenue": 427993000.0,
        "Total Revenue": 624900000.0,
        "Operating Revenue": 627314000.0
    }
}