{
    "2023-03-31": {
        "Tax Effect Of Unusual Items": 0.0,
        "Tax Rate For Calcs": 0.26,
        "Normalized EBITDA": 23607000.0,
        "Net Income From Continuing Operation Net Minority Interest": 1401000.0,
        "Reconciled Depreciation": 11708000.0,
        "Reconciled Cost Of Revenue": 549937000.0,
        "EBITDA": 23607000.0,
        "EBIT": 11899000.0,
        "Net Interest Income": -10006000.0,
        "Interest Expense": 10006000.0,
        "Normalized Income": 1401000.0,
        "Net Income From Continuing And Discontinued Operation": 1401000.0,
        "Total Expenses": 707746000.0,
        "Total Operating Income As Reported": 11899000.0,
        "Diluted Average Shares": 38161269.0,
        "Basic Average Shares": 37507093.0,
        "Diluted EPS": 0.04,
        "Basic EPS": 0.04,
        "Diluted NI Availto Com Stockholders": 1401000.0,
        "Average Dilution Earnings": NaN,
        "Net Income Common Stockholders": 1401000.0,
        "Net Income": 1401000.0,
        "Net Income Including Noncontrolling Interests": 1401000.0,
        "Net Income Continuous Operations": 1401000.0,
        "Tax Provision": 492000.0,
        "Pretax Income": 1893000.0,
        "Net Non Operating Interest Income Expense": -10006000.0,
        "Interest Expense Non Operating": 10006000.0,
        "Operating Income": 11899000.0,
        "Operating Expense": 157809000.0,
        "Other Operating Expenses": 1672000.0,
        "Selling General And Administration": 156137000.0,
        "Gross Profit": 169708000.0,
        "Cost Of Revenue": 549937000.0,
        "Total Revenue": 719645000.0,
        "Operating Revenue": 719645000.0
    },
    "2022-12-31": {
        "Tax Effect Of Unusual Items": NaN,
        "Tax Rate For Calcs": NaN,
        "Normalized EBITDA": NaN,
        "Net Income From Continuing Operation Net Minority Interest": NaN,
        "Reconciled Depreciation": NaN,
        "Reconciled Cost Of Revenue": NaN,
        "EBITDA": NaN,
        "EBIT": NaN,
        "Net Interest Income": NaN,
        "Interest Expense": NaN,
        "Normalized Income": NaN,
        "Net Income From Continuing And Discontinued Operation": NaN,
        "Total Expenses": NaN,
        "Total Operating Income As Reported": NaN,
        "Diluted Average Shares": NaN,
        "Basic Average Shares": NaN,
        "Diluted EPS": NaN,
        "Basic EPS": NaN,
        "Diluted NI Availto Com Stockholders": NaN,
        "Average Dilution Earnings": -1468000.0,
        "Net Income Common Stockholders": NaN,
        "Net Income": NaN,
        "Net Income Including Noncontrolling Interests": NaN,
        "Net Income Continuous Operations": NaN,
        "Tax Provision": NaN,
        "Pretax Income": NaN,
        "Net Non Operating Interest Income Expense": NaN,
        "Interest Expense Non Operating": NaN,
        "Operating Income": NaN,
        "Operating Expense": NaN,
        "Other Operating Expenses": NaN,
        "Selling General And Administration": NaN,
        "Gross Profit": NaN,
        "Cost Of Revenue": NaN,
        "Total Revenue": NaN,
        "Operating Revenue": NaN
    },
    "2022-09-30": {
        "Tax Effect Of Unusual Items": NaN,
        "Tax Rate For Calcs": NaN,
        "Normalized EBITDA": NaN,
        "Net Income From Continuing Operation Net Minority Interest": NaN,
        "Reconciled Depreciation": NaN,
        "Reconciled Cost Of Revenue": NaN,
        "EBITDA": NaN,
        "EBIT": NaN,
        "Net Interest Income": NaN,
        "Interest Expense": NaN,
        "Normalized Income": NaN,
        "Net Income From Continuing And Discontinued Operation": NaN,
        "Total Expenses": NaN,
        "Total Operating Income As Reported": NaN,
        "Diluted Average Shares": NaN,
        "Basic Average Shares": NaN,
        "Diluted EPS": NaN,
        "Basic EPS": NaN,
        "Diluted NI Availto Com Stockholders": NaN,
        "Average Dilution Earnings": 683000.0,
        "Net Income Common Stockholders": NaN,
        "Net Income": NaN,
        "Net Income Including Noncontrolling Interests": NaN,
        "Net Income Continuous Operations": NaN,
        "Tax Provision": NaN,
        "Pretax Income": NaN,
        "Net Non Operating Interest Income Expense": NaN,
        "Interest Expense Non Operating": NaN,
        "Operating Income": NaN,
        "Operating Expense": NaN,
        "Other Operating Expenses": NaN,
        "Selling General And Administration": NaN,
        "Gross Profit": NaN,
        "Cost Of Revenue": NaN,
        "Total Revenue": NaN,
        "Operating Revenue": NaN
    },
    "2022-06-30": {
        "Tax Effect Of Unusual Items": 0.0,
        "Tax Rate For Calcs": 0.27,
        "Normalized EBITDA": 36963000.0,
        "Net Income From Continuing Operation Net Minority Interest": 16915000.0,
        "Reconciled Depreciation": 9329000.0,
        "Reconciled Cost Of Revenue": 492100000.0,
        "EBITDA": 36963000.0,
        "EBIT": 27634000.0,
        "Net Interest Income": -4465000.0,
        "Interest Expense": 4465000.0,
        "Normalized Income": 16915000.0,
        "Net Income From Continuing And Discontinued Operation": 16915000.0,
        "Total Expenses": 620470000.0,
        "Total Operating Income As Reported": 27634000.0,
        "Diluted Average Shares": 42053453.0,
        "Basic Average Shares": 37100968.0,
        "Diluted EPS": 0.42,
        "Basic EPS": 0.46,
        "Diluted NI Availto Com Stockholders": 17634000.0,
        "Average Dilution Earnings": 719000.0,
        "Net Income Common Stockholders": 16915000.0,
        "Net Income": 16915000.0,
        "Net Income Including Noncontrolling Interests": 16915000.0,
        "Net Income Continuous Operations": 16915000.0,
        "Tax Provision": 6254000.0,
        "Pretax Income": 23169000.0,
        "Net Non Operating Interest Income Expense": -4465000.0,
        "Interest Expense Non Operating": 4465000.0,
        "Operating Income": 27634000.0,
        "Operating Expense": 128370000.0,
        "Other Operating Expenses": 3883000.0,
        "Selling General And Administration": 124487000.0,
        "Gross Profit": 156004000.0,
        "Cost Of Revenue": 492100000.0,
        "Total Revenue": 648104000.0,
        "Operating Revenue": 648104000.0
    },
    "2023-06-30": {
        "Tax Effect Of Unusual Items": NaN,
        "Tax Rate For Calcs": NaN,
        "Normalized EBITDA": NaN,
        "Net Income From Continuing Operation Net Minority Interest": NaN,
        "Reconciled Depreciation": NaN,
        "Reconciled Cost Of Revenue": NaN,
        "EBITDA": NaN,
        "EBIT": NaN,
        "Net Interest Income": NaN,
        "Interest Expense": NaN,
        "Normalized Income": NaN,
        "Net Income From Continuing And Discontinued Operation": NaN,
        "Total Expenses": NaN,
        "Total Operating Income As Reported": NaN,
        "Diluted Average Shares": NaN,
        "Basic Average Shares": NaN,
        "Diluted EPS": NaN,
        "Basic EPS": NaN,
        "Diluted NI Availto Com Stockholders": NaN,
        "Average Dilution Earnings": 1397000.0,
        "Net Income Common Stockholders": NaN,
        "Net Income": NaN,
        "Net Income Including Noncontrolling Interests": NaN,
        "Net Income Continuous Operations": NaN,
        "Tax Provision": NaN,
        "Pretax Income": NaN,
        "Net Non Operating Interest Income Expense": NaN,
        "Interest Expense Non Operating": NaN,
        "Operating Income": NaN,
        "Operating Expense": NaN,
        "Other Operating Expenses": NaN,
        "Selling General And Administration": NaN,
        "Gross Profit": NaN,
        "Cost Of Revenue": NaN,
        "Total Revenue": NaN,
        "Operating Revenue": NaN
    },
    "2022-03-31": {
        "Diluted EPS": 0.04,
        "Total Revenue": 512,
        "Gross Profit": 118,
        "Operating Income": 6,
        "EBIT": 16,
        "Net Income": 1
    },
    "2021-12-31": {
        "Diluted EPS": 0.24,
        "Total Revenue": 558,
        "Gross Profit": 126,
        "Operating Income": 16,
        "EBIT": 25,
        "Net Income": 8
    },
    "2021-09-30": {
        "Diluted EPS": 0.09,
        "Total Revenue": 484,
        "Gross Profit": 110,
        "Operating Income": 10,
        "EBIT": 20,
        "Net Income": 3
    },
    "2021-06-30": {
        "Diluted EPS": 0.03,
        "Total Revenue": 423,
        "Gross Profit": 96,
        "Operating Income": 5,
        "EBIT": 14,
        "Net Income": 1
    },
    "2021-03-31": {
        "Diluted EPS": -0.49,
        "Total Revenue": 280,
        "Gross Profit": 59,
        "Operating Income": -20,
        "EBIT": -11,
        "Net Income": -18
    },
    "2020-12-31": {
        "Diluted EPS": -1.05,
        "Total Revenue": 282,
        "Gross Profit": 59,
        "Operating Income": -48,
        "EBIT": -39,
        "Net Income": -37
    },
    "2020-09-30": {
        "Diluted EPS": -0.31,
        "Total Revenue": 254,
        "Gross Profit": 60,
        "Operating Income": -12,
        "EBIT": -3,
        "Net Income": -11
    },
    "2020-06-30": {
        "Diluted EPS": -0.62,
        "Total Revenue": 200,
        "Gross Profit": 43,
        "Operating Income": -25,
        "EBIT": -16,
        "Net Income": -20
    },
    "2020-03-31": {
        "Diluted EPS": -0.48,
        "Total Revenue": 375,
        "Gross Profit": 85,
        "Operating Income": -17,
        "EBIT": -8,
        "Net Income": -14
    },
    "2019-12-31": {
        "Diluted EPS": 0.36,
        "Total Revenue": 427,
        "Gross Profit": 93,
        "Operating Income": 18,
        "EBIT": 26,
        "Net Income": 11
    },
    "2019-09-30": {
        "Diluted EPS": 0.15,
        "Total Revenue": 397,
        "Gross Profit": 97,
        "Operating Income": 11,
        "EBIT": 18,
        "Net Income": 4
    },
    "2019-06-30": {
        "Diluted EPS": 0.26,
        "Total Revenue": 411,
        "Gross Profit": 106,
        "Operating Income": 16,
        "EBIT": 23,
        "Net Income": 8
    },
    "2019-03-31": {
        "Diluted EPS": 0.04,
        "Total Revenue": 357,
        "Gross Profit": 90,
        "Operating Income": 6,
        "EBIT": 12,
        "Net Income": 1
    },
    "2018-12-31": {
        "Diluted EPS": 0.3,
        "Total Revenue": 394,
        "Gross Profit": 84,
        "Operating Income": 18,
        "EBIT": 25,
        "Net Income": 9
    },
    "2018-09-30": {
        "Diluted EPS": 0.14,
        "Total Revenue": 361,
        "Gross Profit": 92,
        "Operating Income": 10,
        "EBIT": 17,
        "Net Income": 4
    },
    "2018-06-30": {
        "Diluted EPS": 0.24,
        "Total Revenue": 370,
        "Gross Profit": 93,
        "Operating Income": 15,
        "EBIT": 21,
        "Net Income": 7
    },
    "2018-03-31": {
        "Diluted EPS": 0.02,
        "Total Revenue": 319,
        "Gross Profit": 80,
        "Operating Income": 6,
        "EBIT": 12,
        "Net Income": 1
    },
    "2017-12-31": {
        "Diluted EPS": 0.35,
        "Total Revenue": 357,
        "Gross Profit": 92,
        "Operating Income": 15,
        "EBIT": 21,
        "Net Income": 9
    },
    "2017-09-30": {
        "Diluted EPS": 0.11,
        "Total Revenue": 325,
        "Gross Profit": 81,
        "Operating Income": 10,
        "EBIT": 16,
        "Net Income": 3
    },
    "2017-06-30": {
        "Diluted EPS": 0.14,
        "Total Revenue": 332,
        "Gross Profit": 83,
        "Operating Income": 12,
        "EBIT": 18,
        "Net Income": 4
    },
    "2017-03-31": {
        "Diluted EPS": -0.06,
        "Total Revenue": 288,
        "Gross Profit": 74,
        "Operating Income": 3,
        "EBIT": 9,
        "Net Income": -2
    },
    "2016-12-31": {
        "Diluted EPS": 0.36,
        "Total Revenue": 343,
        "Gross Profit": 89,
        "Operating Income": 22,
        "EBIT": 28,
        "Net Income": 9
    },
    "2016-09-30": {
        "Diluted EPS": 0.05,
        "Total Revenue": 298,
        "Gross Profit": 74,
        "Operating Income": 8,
        "EBIT": 14,
        "Net Income": 1
    },
    "2016-06-30": {
        "Diluted EPS": -0.33,
        "Total Revenue": 291,
        "Gross Profit": 72,
        "Operating Income": 11,
        "EBIT": 16,
        "Net Income": -8
    },
    "2016-03-31": {
        "Diluted EPS": 0.04,
        "Total Revenue": 261,
        "Gross Profit": 66,
        "Operating Income": 5,
        "EBIT": 10,
        "Net Income": 1
    },
    "2015-12-31": {
        "Diluted EPS": 0.26,
        "Total Revenue": 292,
        "Gross Profit": 77,
        "Operating Income": 15,
        "EBIT": 20,
        "Net Income": 7
    },
    "2015-09-30": {
        "Diluted EPS": 0.2,
        "Total Revenue": 276,
        "Gross Profit": 70,
        "Operating Income": 13,
        "EBIT": 17,
        "Net Income": 5
    },
    "2015-06-30": {
        "Diluted EPS": 0.13,
        "Total Revenue": 281,
        "Gross Profit": 72,
        "Operating Income": 9,
        "EBIT": 15,
        "Net Income": 3
    },
    "2015-03-31": {
        "Diluted EPS": 0.04,
        "Total Revenue": 198,
        "Gross Profit": 50,
        "Operating Income": 3,
        "EBIT": 6,
        "Net Income": 1
    },
    "2014-12-31": {
        "Diluted EPS": 0.21,
        "Total Revenue": 224,
        "Gross Profit": 56,
        "Operating Income": 12,
        "EBIT": 14,
        "Net Income": 5
    },
    "2014-09-30": {
        "Diluted EPS": 0.17,
        "Total Revenue": 208,
        "Gross Profit": 51,
        "Operating Income": 9,
        "EBIT": 11,
        "Net Income": 4
    },
    "2014-06-30": {
        "Diluted EPS": 0.15,
        "Total Revenue": 213,
        "Gross Profit": 52,
        "Operating Income": 9,
        "EBIT": 11,
        "Net Income": 4
    },
    "2014-03-31": {
        "Diluted EPS": 0.04,
        "Total Revenue": 187,
        "Gross Profit": 46,
        "Operating Income": 4,
        "EBIT": 6,
        "Net Income": 1
    },
    "2013-12-31": {
        "Diluted EPS": 0.19,
        "Total Revenue": 193,
        "Gross Profit": 49,
        "Operating Income": 10,
        "EBIT": 12,
        "Net Income": 5
    },
    "2013-09-30": {
        "Diluted EPS": 0.2,
        "Total Revenue": 171,
        "Gross Profit": 44,
        "Operating Income": 9,
        "EBIT": 12,
        "Net Income": 4
    },
    "2013-06-30": {
        "Diluted EPS": 0.25,
        "Total Revenue": 170,
        "Gross Profit": 44,
        "Operating Income": 11,
        "EBIT": 13,
        "Net Income": 5
    },
    "2013-03-31": {
        "Diluted EPS": 0.13,
        "Total Revenue": 139,
        "Gross Profit": 35,
        "Operating Income": 6,
        "EBIT": 8,
        "Net Income": 3
    },
    "2012-12-31": {
        "Diluted EPS": 0.17,
        "Total Revenue": 143,
        "Gross Profit": 36,
        "Operating Income": 8,
        "EBIT": 9,
        "Net Income": 4
    },
    "2012-09-30": {
        "Diluted EPS": 0.18,
        "Total Revenue": 125,
        "Gross Profit": 32,
        "Operating Income": 7,
        "EBIT": 9,
        "Net Income": 4
    },
    "2012-06-30": {
        "Diluted EPS": 0.21,
        "Total Revenue": 115,
        "Gross Profit": 30,
        "Operating Income": 9,
        "EBIT": 9,
        "Net Income": 4
    },
    "2012-03-31": {
        "Diluted EPS": 0.13,
        "Total Revenue": 98,
        "Gross Profit": 26,
        "Operating Income": 5,
        "EBIT": 6,
        "Net Income": 3
    },
    "2011-12-31": {
        "Diluted EPS": 0.26,
        "Total Revenue": 117,
        "Gross Profit": 31,
        "Operating Income": 10,
        "EBIT": 10,
        "Net Income": 5
    },
    "2011-09-30": {
        "Diluted EPS": -0.06,
        "Total Revenue": 102,
        "Gross Profit": 27,
        "Operating Income": 5,
        "EBIT": 6,
        "Net Income": -1
    },
    "2011-06-30": {
        "Diluted EPS": 0.17,
        "Total Revenue": 99,
        "Gross Profit": 26,
        "Operating Income": 8,
        "EBIT": 8,
        "Net Income": 3
    },
    "2011-03-31": {
        "Diluted EPS": 0.06,
        "Total Revenue": 83,
        "Gross Profit": 22,
        "Operating Income": 5,
        "EBIT": 6,
        "Net Income": 1
    },
    "2010-12-31": {
        "Diluted EPS": 0.0,
        "Total Revenue": NaN,
        "Gross Profit": NaN,
        "Operating Income": NaN,
        "EBIT": NaN,
        "Net Income": NaN
    },
    "2010-09-30": {
        "Diluted EPS": 0.13,
        "Total Revenue": 85,
        "Gross Profit": 22,
        "Operating Income": 6,
        "EBIT": 7,
        "Net Income": 3
    },
    "2010-06-30": {
        "Diluted EPS": 0.13,
        "Total Revenue": 84,
        "Gross Profit": 22,
        "Operating Income": 6,
        "EBIT": 6,
        "Net Income": 3
    },
    "2009-12-31": {
        "Diluted EPS": 0.0,
        "Total Revenue": NaN,
        "Gross Profit": NaN,
        "Operating Income": NaN,
        "EBIT": NaN,
        "Net Income": NaN
    },
    "2023-09-30": {
        "Tax Effect Of Unusual Items": NaN,
        "Tax Rate For Calcs": NaN,
        "Normalized EBITDA": NaN,
        "Net Income From Continuing Operation Net Minority Interest": NaN,
        "Reconciled Depreciation": NaN,
        "Reconciled Cost Of Revenue": NaN,
        "EBITDA": NaN,
        "EBIT": NaN,
        "Net Interest Income": NaN,
        "Interest Expense": NaN,
        "Normalized Income": NaN,
        "Net Income From Continuing And Discontinued Operation": NaN,
        "Total Expenses": NaN,
        "Total Operating Income As Reported": NaN,
        "Diluted Average Shares": 45717496.0,
        "Basic Average Shares": 37692588.0,
        "Diluted EPS": 0.19,
        "Basic EPS": 0.19,
        "Diluted NI Availto Com Stockholders": NaN,
        "Average Dilution Earnings": 1369000.0,
        "Net Income Common Stockholders": NaN,
        "Net Income": NaN,
        "Net Income Including Noncontrolling Interests": NaN,
        "Net Income Continuous Operations": NaN,
        "Tax Provision": NaN,
        "Pretax Income": NaN,
        "Net Non Operating Interest Income Expense": NaN,
        "Interest Expense Non Operating": NaN,
        "Operating Income": NaN,
        "Operating Expense": NaN,
        "Other Operating Expenses": NaN,
        "Selling General And Administration": NaN,
        "Gross Profit": NaN,
        "Cost Of Revenue": NaN,
        "Total Revenue": NaN,
        "Operating Revenue": NaN
    },
    "2023-12-31": {
        "Tax Effect Of Unusual Items": NaN,
        "Tax Rate For Calcs": NaN,
        "Normalized EBITDA": NaN,
        "Net Income From Continuing Operation Net Minority Interest": NaN,
        "Reconciled Depreciation": NaN,
        "Reconciled Cost Of Revenue": NaN,
        "EBITDA": NaN,
        "EBIT": NaN,
        "Net Interest Income": NaN,
        "Interest Expense": NaN,
        "Normalized Income": NaN,
        "Net Income From Continuing And Discontinued Operation": NaN,
        "Total Expenses": NaN,
        "Total Operating Income As Reported": NaN,
        "Diluted Average Shares": 45813757.0,
        "Basic Average Shares": 37701134.0,
        "Diluted EPS": 0.38,
        "Basic EPS": 0.42,
        "Diluted NI Availto Com Stockholders": NaN,
        "Average Dilution Earnings": 4996000.0,
        "Net Income Common Stockholders": NaN,
        "Net Income": NaN,
        "Net Income Including Noncontrolling Interests": NaN,
        "Net Income Continuous Operations": NaN,
        "Tax Provision": NaN,
        "Pretax Income": NaN,
        "Net Non Operating Interest Income Expense": NaN,
        "Interest Expense Non Operating": NaN,
        "Operating Income": NaN,
        "Operating Expense": NaN,
        "Other Operating Expenses": NaN,
        "Selling General And Administration": NaN,
        "Gross Profit": NaN,
        "Cost Of Revenue": NaN,
        "Total Revenue": NaN,
        "Operating Revenue": NaN
    },
    "2024-03-31": {
        "Tax Effect Of Unusual Items": 0.0,
        "Tax Rate For Calcs": 0.3,
        "Normalized EBITDA": 31408000.0,
        "Net Income From Continuing Operation Net Minority Interest": 1931000.0,
        "Reconciled Depreciation": 15405000.0,
        "Reconciled Cost Of Revenue": 665052000.0,
        "EBITDA": 31408000.0,
        "EBIT": 16003000.0,
        "Net Interest Income": -13244000.0,
        "Interest Expense": 13244000.0,
        "Normalized Income": 1931000.0,
        "Net Income From Continuing And Discontinued Operation": 1931000.0,
        "Total Expenses": 858485000.0,
        "Total Operating Income As Reported": 16003000.0,
        "Diluted Average Shares": 38626885.0,
        "Basic Average Shares": 37820725.0,
        "Diluted EPS": 0.05,
        "Basic EPS": 0.05,
        "Diluted NI Availto Com Stockholders": 1931000.0,
        "Average Dilution Earnings": NaN,
        "Net Income Common Stockholders": 1931000.0,
        "Net Income": 1931000.0,
        "Net Income Including Noncontrolling Interests": 1931000.0,
        "Net Income Continuous Operations": 1931000.0,
        "Tax Provision": 828000.0,
        "Pretax Income": 2759000.0,
        "Net Non Operating Interest Income Expense": -13244000.0,
        "Interest Expense Non Operating": 13244000.0,
        "Operating Income": 16003000.0,
        "Operating Expense": 193433000.0,
        "Other Operating Expenses": 3112000.0,
        "Selling General And Administration": 190321000.0,
        "Gross Profit": 209436000.0,
        "Cost Of Revenue": 665052000.0,
        "Total Revenue": 874488000.0,
        "Operating Revenue": 874488000.0
    },
    "2024-06-30": {
        "Tax Effect Of Unusual Items": 0.0,
        "Tax Rate For Calcs": 0.3,
        "Normalized EBITDA": 49575000.0,
        "Net Income From Continuing Operation Net Minority Interest": 15524000.0,
        "Reconciled Depreciation": 15708000.0,
        "Reconciled Cost Of Revenue": 725702000.0,
        "EBITDA": 49575000.0,
        "EBIT": 33867000.0,
        "Net Interest Income": -11690000.0,
        "Interest Expense": 11690000.0,
        "Normalized Income": 15524000.0,
        "Net Income From Continuing And Discontinued Operation": 15524000.0,
        "Total Expenses": 920837000.0,
        "Total Operating Income As Reported": 33867000.0,
        "Diluted Average Shares": 45947728.0,
        "Basic Average Shares": 37924931.0,
        "Diluted EPS": 0.37,
        "Basic EPS": 0.41,
        "Diluted NI Availto Com Stockholders": 16846000.0,
        "Average Dilution Earnings": 1322000.0,
        "Net Income Common Stockholders": 15524000.0,
        "Net Income": 15524000.0,
        "Net Income Including Noncontrolling Interests": 15524000.0,
        "Net Income Continuous Operations": 15524000.0,
        "Tax Provision": 6653000.0,
        "Pretax Income": 22177000.0,
        "Net Non Operating Interest Income Expense": -11690000.0,
        "Interest Expense Non Operating": 11690000.0,
        "Operating Income": 33867000.0,
        "Operating Expense": 195135000.0,
        "Other Operating Expenses": 301000.0,
        "Selling General And Administration": 194834000.0,
        "Gross Profit": 229002000.0,
        "Cost Of Revenue": 725702000.0,
        "Total Revenue": 954704000.0,
        "Operating Revenue": 954704000.0
    },
    "2024-09-30": {
        "Tax Effect Of Unusual Items": 0.0,
        "Tax Rate For Calcs": 0.3,
        "Normalized EBITDA": 48346000.0,
        "Net Income From Continuing Operation Net Minority Interest": 14098000.0,
        "Reconciled Depreciation": 16464000.0,
        "Reconciled Cost Of Revenue": 706704000.0,
        "EBITDA": 48346000.0,
        "EBIT": 31882000.0,
        "Net Interest Income": -11743000.0,
        "Interest Expense": 11743000.0,
        "Normalized Income": 14098000.0,
        "Net Income From Continuing And Discontinued Operation": 14098000.0,
        "Total Expenses": 899570000.0,
        "Total Operating Income As Reported": 31882000.0,
        "Diluted Average Shares": 45941315.0,
        "Basic Average Shares": 37863580.0,
        "Diluted EPS": 0.34,
        "Basic EPS": 0.37,
        "Diluted NI Availto Com Stockholders": 15420000.0,
        "Average Dilution Earnings": 1322000.0,
        "Net Income Common Stockholders": 14098000.0,
        "Net Income": 14098000.0,
        "Net Income Including Noncontrolling Interests": 14098000.0,
        "Net Income Continuous Operations": 14098000.0,
        "Tax Provision": 6041000.0,
        "Pretax Income": 20139000.0,
        "Net Non Operating Interest Income Expense": -11743000.0,
        "Interest Expense Non Operating": 11743000.0,
        "Operating Income": 31882000.0,
        "Operating Expense": 192866000.0,
        "Other Operating Expenses": -28000.0,
        "Selling General And Administration": 192894000.0,
        "Gross Profit": 224748000.0,
        "Cost Of Revenue": 706704000.0,
        "Total Revenue": 931452000.0,
        "Operating Revenue": 931452000.0
    },
    "2024-12-31": {
        "Tax Effect Of Unusual Items": 0.0,
        "Tax Rate For Calcs": 0.305627,
        "Normalized EBITDA": 63812000.0,
        "Net Income From Continuing Operation Net Minority Interest": 23926000.0,
        "Reconciled Depreciation": 17357000.0,
        "Reconciled Cost Of Revenue": 782607000.0,
        "EBITDA": 63812000.0,
        "EBIT": 46455000.0,
        "Net Interest Income": -11998000.0,
        "Interest Expense": 11998000.0,
        "Normalized Income": 23926000.0,
        "Net Income From Continuing And Discontinued Operation": 23926000.0,
        "Total Expenses": 987113000.0,
        "Total Operating Income As Reported": 46455000.0,
        "Diluted Average Shares": 46094285.0,
        "Basic Average Shares": 38048739.0,
        "Diluted EPS": 0.55,
        "Basic EPS": 0.63,
        "Diluted NI Availto Com Stockholders": 25210000.0,
        "Average Dilution Earnings": 1284000.0,
        "Net Income Common Stockholders": 23926000.0,
        "Net Income": 23926000.0,
        "Net Income Including Noncontrolling Interests": 23926000.0,
        "Net Income Continuous Operations": 23926000.0,
        "Tax Provision": 10531000.0,
        "Pretax Income": 34457000.0,
        "Net Non Operating Interest Income Expense": -11998000.0,
        "Interest Expense Non Operating": 11998000.0,
        "Operating Income": 46455000.0,
        "Operating Expense": 204506000.0,
        "Other Operating Expenses": -2297000.0,
        "Selling General And Administration": 206803000.0,
        "Gross Profit": 250961000.0,
        "Cost Of Revenue": 782607000.0,
        "Total Revenue": 1033568000.0,
        "Operating Revenue": 1033568000.0
    },
    "2025-03-31": {
        "Tax Effect Of Unusual Items": 0.0,
        "Tax Rate For Calcs": 0.176,
        "Normalized EBITDA": 41073000.0,
        "Net Income From Continuing Operation Net Minority Interest": 10288000.0,
        "Reconciled Depreciation": 18338000.0,
        "Reconciled Cost Of Revenue": 724753000.0,
        "EBITDA": 41073000.0,
        "EBIT": 22735000.0,
        "Net Interest Income": -10253000.0,
        "Interest Expense": 10253000.0,
        "Normalized Income": 10288000.0,
        "Net Income From Continuing And Discontinued Operation": 10288000.0,
        "Total Expenses": 928013000.0,
        "Total Operating Income As Reported": 22735000.0,
        "Diluted Average Shares": 46091441.0,
        "Basic Average Shares": 38695791.0,
        "Diluted EPS": 0.25,
        "Basic EPS": 0.27,
        "Diluted NI Availto Com Stockholders": 11500000.0,
        "Average Dilution Earnings": 1212000.0,
        "Net Income Common Stockholders": 10288000.0,
        "Net Income": 10288000.0,
        "Net Income Including Noncontrolling Interests": 10288000.0,
        "Net Income Continuous Operations": 10288000.0,
        "Tax Provision": 2194000.0,
        "Pretax Income": 12482000.0,
        "Net Non Operating Interest Income Expense": -10253000.0,
        "Interest Expense Non Operating": 10253000.0,
        "Operating Income": 22735000.0,
        "Operating Expense": 203260000.0,
        "Other Operating Expenses": 497000.0,
        "Selling General And Administration": 202763000.0,
        "Gross Profit": 225995000.0,
        "Cost Of Revenue": 724753000.0,
        "Total Revenue": 950748000.0,
        "Operating Revenue": 950748000.0
    },
    "2025-06-30": {
        "Tax Effect Of Unusual Items": 0.0,
        "Tax Rate For Calcs": 0.28,
        "Normalized EBITDA": 59313000.0,
        "Net Income From Continuing Operation Net Minority Interest": 21241000.0,
        "Reconciled Depreciation": 19097000.0,
        "Reconciled Cost Of Revenue": 780567000.0,
        "EBITDA": 59313000.0,
        "EBIT": 40216000.0,
        "Net Interest Income": -10715000.0,
        "Interest Expense": 10715000.0,
        "Normalized Income": 21241000.0,
        "Net Income From Continuing And Discontinued Operation": 21241000.0,
        "Total Expenses": 994690000.0,
        "Total Operating Income As Reported": 40216000.0,
        "Diluted Average Shares": 46031127.0,
        "Basic Average Shares": 38883019.0,
        "Diluted EPS": 0.49,
        "Basic EPS": 0.55,
        "Diluted NI Availto Com Stockholders": 22467000.0,
        "Average Dilution Earnings": 1226000.0,
        "Net Income Common Stockholders": 21241000.0,
        "Net Income": 21241000.0,
        "Net Income Including Noncontrolling Interests": 21241000.0,
        "Net Income Continuous Operations": 21241000.0,
        "Tax Provision": 8260000.0,
        "Pretax Income": 29501000.0,
        "Net Non Operating Interest Income Expense": -10715000.0,
        "Interest Expense Non Operating": 10715000.0,
        "Operating Income": 40216000.0,
        "Operating Expense": 214123000.0,
        "Other Operating Expenses": 373000.0,
        "Selling General And Administration": 213750000.0,
        "Gross Profit": 254339000.0,
        "Cost Of Revenue": 780567000.0,
        "Total Revenue": 1034906000.0,
        "Operating Revenue": 1034906000.0
    }
}