{
    "2023-03-31": {
        "Tax Effect Of Unusual Items": NaN,
        "Tax Rate For Calcs": NaN,
        "Normalized EBITDA": NaN,
        "Total Unusual Items": NaN,
        "Total Unusual Items Excluding Goodwill": NaN,
        "Net Income From Continuing Operation Net Minority Interest": NaN,
        "Reconciled Depreciation": NaN,
        "Reconciled Cost Of Revenue": NaN,
        "EBITDA": NaN,
        "EBIT": NaN,
        "Net Interest Income": NaN,
        "Interest Expense": NaN,
        "Interest Income": 11263000.0,
        "Normalized Income": NaN,
        "Net Income From Continuing And Discontinued Operation": NaN,
        "Total Expenses": NaN,
        "Total Operating Income As Reported": NaN,
        "Diluted Average Shares": NaN,
        "Basic Average Shares": NaN,
        "Diluted EPS": NaN,
        "Basic EPS": NaN,
        "Diluted NI Availto Com Stockholders": NaN,
        "Average Dilution Earnings": NaN,
        "Net Income Common Stockholders": NaN,
        "Net Income": NaN,
        "Net Income Including Noncontrolling Interests": NaN,
        "Net Income Continuous Operations": NaN,
        "Tax Provision": NaN,
        "Pretax Income": NaN,
        "Other Income Expense": NaN,
        "Other Non Operating Income Expenses": NaN,
        "Special Income Charges": NaN,
        "Other Special Charges": NaN,
        "Impairment Of Capital Assets": NaN,
        "Net Non Operating Interest Income Expense": NaN,
        "Interest Expense Non Operating": NaN,
        "Interest Income Non Operating": 11263000.0,
        "Operating Income": NaN,
        "Operating Expense": NaN,
        "Research And Development": NaN,
        "Selling General And Administration": NaN,
        "Selling And Marketing Expense": NaN,
        "General And Administrative Expense": NaN,
        "Other Gand A": NaN,
        "Salaries And Wages": NaN,
        "Gross Profit": NaN,
        "Cost Of Revenue": NaN,
        "Total Revenue": NaN,
        "Operating Revenue": NaN
    },
    "2022-12-31": {
        "Tax Effect Of Unusual Items": NaN,
        "Tax Rate For Calcs": NaN,
        "Normalized EBITDA": NaN,
        "Total Unusual Items": -9675000.0,
        "Total Unusual Items Excluding Goodwill": -9675000.0,
        "Net Income From Continuing Operation Net Minority Interest": NaN,
        "Reconciled Depreciation": NaN,
        "Reconciled Cost Of Revenue": NaN,
        "EBITDA": NaN,
        "EBIT": NaN,
        "Net Interest Income": NaN,
        "Interest Expense": NaN,
        "Interest Income": 5185000.0,
        "Normalized Income": NaN,
        "Net Income From Continuing And Discontinued Operation": NaN,
        "Total Expenses": NaN,
        "Total Operating Income As Reported": NaN,
        "Diluted Average Shares": NaN,
        "Basic Average Shares": NaN,
        "Diluted EPS": NaN,
        "Basic EPS": NaN,
        "Diluted NI Availto Com Stockholders": NaN,
        "Average Dilution Earnings": NaN,
        "Net Income Common Stockholders": NaN,
        "Net Income": NaN,
        "Net Income Including Noncontrolling Interests": NaN,
        "Net Income Continuous Operations": NaN,
        "Tax Provision": NaN,
        "Pretax Income": NaN,
        "Other Income Expense": NaN,
        "Other Non Operating Income Expenses": NaN,
        "Special Income Charges": 0.0,
        "Other Special Charges": 0.0,
        "Impairment Of Capital Assets": NaN,
        "Gain On Sale Of Security": -9675000.0,
        "Net Non Operating Interest Income Expense": NaN,
        "Interest Expense Non Operating": NaN,
        "Interest Income Non Operating": 5185000.0,
        "Operating Income": NaN,
        "Operating Expense": NaN,
        "Research And Development": NaN,
        "Selling General And Administration": NaN,
        "Selling And Marketing Expense": NaN,
        "General And Administrative Expense": NaN,
        "Other Gand A": NaN,
        "Salaries And Wages": NaN,
        "Gross Profit": NaN,
        "Cost Of Revenue": NaN,
        "Total Revenue": NaN,
        "Operating Revenue": NaN
    },
    "2022-09-30": {
        "Tax Effect Of Unusual Items": NaN,
        "Tax Rate For Calcs": NaN,
        "Normalized EBITDA": NaN,
        "Total Unusual Items": 93519000.0,
        "Total Unusual Items Excluding Goodwill": 93519000.0,
        "Net Income From Continuing Operation Net Minority Interest": NaN,
        "Reconciled Depreciation": NaN,
        "Reconciled Cost Of Revenue": NaN,
        "EBITDA": NaN,
        "EBIT": NaN,
        "Net Interest Income": NaN,
        "Interest Expense": NaN,
        "Interest Income": NaN,
        "Normalized Income": NaN,
        "Net Income From Continuing And Discontinued Operation": NaN,
        "Total Expenses": NaN,
        "Total Operating Income As Reported": NaN,
        "Diluted Average Shares": NaN,
        "Basic Average Shares": NaN,
        "Diluted EPS": NaN,
        "Basic EPS": NaN,
        "Diluted NI Availto Com Stockholders": NaN,
        "Average Dilution Earnings": NaN,
        "Net Income Common Stockholders": NaN,
        "Net Income": NaN,
        "Net Income Including Noncontrolling Interests": NaN,
        "Net Income Continuous Operations": NaN,
        "Tax Provision": NaN,
        "Pretax Income": NaN,
        "Other Income Expense": NaN,
        "Other Non Operating Income Expenses": NaN,
        "Special Income Charges": 93519000.0,
        "Gain On Sale Of Business": 0.0,
        "Other Special Charges": -93519000.0,
        "Gain On Sale Of Security": NaN,
        "Net Non Operating Interest Income Expense": NaN,
        "Interest Expense Non Operating": NaN,
        "Interest Income Non Operating": NaN,
        "Operating Income": NaN,
        "Operating Expense": NaN,
        "Research And Development": NaN,
        "Selling General And Administration": NaN,
        "Selling And Marketing Expense": NaN,
        "General And Administrative Expense": NaN,
        "Other Gand A": NaN,
        "Salaries And Wages": NaN,
        "Gross Profit": NaN,
        "Cost Of Revenue": NaN,
        "Total Revenue": NaN,
        "Operating Revenue": NaN
    },
    "2022-06-30": {
        "Tax Effect Of Unusual Items": 0.0,
        "Tax Rate For Calcs": 0.007962,
        "Normalized EBITDA": 29267000.0,
        "Total Unusual Items": 0.0,
        "Total Unusual Items Excluding Goodwill": 0.0,
        "Net Income From Continuing Operation Net Minority Interest": 7476000.0,
        "Reconciled Depreciation": 20115000.0,
        "Reconciled Cost Of Revenue": 45684000.0,
        "EBITDA": 29267000.0,
        "EBIT": 9152000.0,
        "Net Interest Income": 416000.0,
        "Interest Expense": 1616000.0,
        "Interest Income": 2032000.0,
        "Normalized Income": 7476000.0,
        "Net Income From Continuing And Discontinued Operation": 7476000.0,
        "Total Expenses": 187378000.0,
        "Total Operating Income As Reported": 7343000.0,
        "Diluted Average Shares": 149574000.0,
        "Basic Average Shares": 126272000.0,
        "Diluted EPS": 0.06,
        "Basic EPS": 0.06,
        "Diluted NI Availto Com Stockholders": 7476000.0,
        "Average Dilution Earnings": NaN,
        "Net Income Common Stockholders": 7476000.0,
        "Net Income": 7476000.0,
        "Net Income Including Noncontrolling Interests": 7476000.0,
        "Net Income Continuous Operations": 7476000.0,
        "Tax Provision": 60000.0,
        "Pretax Income": 7536000.0,
        "Other Income Expense": -223000.0,
        "Other Non Operating Income Expenses": -223000.0,
        "Special Income Charges": 0.0,
        "Gain On Sale Of Business": 0.0,
        "Other Special Charges": NaN,
        "Gain On Sale Of Security": NaN,
        "Net Non Operating Interest Income Expense": 416000.0,
        "Interest Expense Non Operating": 1616000.0,
        "Interest Income Non Operating": 2032000.0,
        "Operating Income": 7343000.0,
        "Operating Expense": 141694000.0,
        "Research And Development": 52480000.0,
        "Selling General And Administration": 89214000.0,
        "Selling And Marketing Expense": 35279000.0,
        "General And Administrative Expense": 53935000.0,
        "Other Gand A": 53935000.0,
        "Salaries And Wages": NaN,
        "Gross Profit": 149037000.0,
        "Cost Of Revenue": 45684000.0,
        "Total Revenue": 194721000.0,
        "Operating Revenue": 194721000.0
    },
    "2022-03-31": {
        "Diluted EPS": 0.04,
        "Total Revenue": 202,
        "Gross Profit": 147,
        "Operating Income": 5,
        "EBIT": 29,
        "Net Income": 6
    },
    "2021-12-31": {
        "Diluted EPS": 0.23,
        "Total Revenue": 207,
        "Gross Profit": 152,
        "Operating Income": 26,
        "EBIT": 46,
        "Net Income": 24
    },
    "2021-09-30": {
        "Diluted EPS": 0.05,
        "Total Revenue": 172,
        "Gross Profit": 105,
        "Operating Income": 0,
        "EBIT": 20,
        "Net Income": 7
    },
    "2021-06-30": {
        "Diluted EPS": 0.2,
        "Total Revenue": 198,
        "Gross Profit": 138,
        "Operating Income": 35,
        "EBIT": 54,
        "Net Income": 33
    },
    "2021-03-31": {
        "Diluted EPS": -0.49,
        "Total Revenue": 198,
        "Gross Profit": 127,
        "Operating Income": 17,
        "EBIT": 37,
        "Net Income": -65
    },
    "2020-12-31": {
        "Diluted EPS": 0.21,
        "Total Revenue": 206,
        "Gross Profit": 149,
        "Operating Income": 49,
        "EBIT": 90,
        "Net Income": 26
    },
    "2020-09-30": {
        "Diluted EPS": -0.29,
        "Total Revenue": 154,
        "Gross Profit": 92,
        "Operating Income": -18,
        "EBIT": 16,
        "Net Income": -37
    },
    "2020-06-30": {
        "Diluted EPS": 0.08,
        "Total Revenue": 153,
        "Gross Profit": 109,
        "Operating Income": 22,
        "EBIT": 49,
        "Net Income": 11
    },
    "2020-03-31": {
        "Diluted EPS": -0.05,
        "Total Revenue": 132,
        "Gross Profit": 89,
        "Operating Income": 3,
        "EBIT": 29,
        "Net Income": -6
    },
    "2019-12-31": {
        "Diluted EPS": 0.08,
        "Total Revenue": 126,
        "Gross Profit": 99,
        "Operating Income": 17,
        "EBIT": 39,
        "Net Income": 8
    },
    "2019-09-30": {
        "Diluted EPS": -0.1,
        "Total Revenue": 94,
        "Gross Profit": 72,
        "Operating Income": -5,
        "EBIT": 15,
        "Net Income": -11
    },
    "2019-06-30": {
        "Diluted EPS": -0.02,
        "Total Revenue": 94,
        "Gross Profit": 73,
        "Operating Income": 7,
        "EBIT": 27,
        "Net Income": -2
    },
    "2019-03-31": {
        "Diluted EPS": -0.04,
        "Total Revenue": 97,
        "Gross Profit": 74,
        "Operating Income": -1,
        "EBIT": 10,
        "Net Income": -4
    },
    "2018-12-31": {
        "Diluted EPS": 0.04,
        "Total Revenue": 96,
        "Gross Profit": 74,
        "Operating Income": 8,
        "EBIT": 17,
        "Net Income": 5
    },
    "2018-09-30": {
        "Diluted EPS": -0.12,
        "Total Revenue": 74,
        "Gross Profit": 54,
        "Operating Income": -10,
        "EBIT": -1,
        "Net Income": -14
    },
    "2018-06-30": {
        "Diluted EPS": -0.03,
        "Total Revenue": 74,
        "Gross Profit": 56,
        "Operating Income": -1,
        "EBIT": 8,
        "Net Income": -4
    },
    "2018-03-31": {
        "Diluted EPS": -0.02,
        "Total Revenue": 77,
        "Gross Profit": 57,
        "Operating Income": -3,
        "EBIT": 3,
        "Net Income": -3
    },
    "2017-12-31": {
        "Diluted EPS": 0.04,
        "Total Revenue": 74,
        "Gross Profit": 54,
        "Operating Income": 3,
        "EBIT": 8,
        "Net Income": 4
    },
    "2017-09-30": {
        "Diluted EPS": -0.11,
        "Total Revenue": 63,
        "Gross Profit": 40,
        "Operating Income": -11,
        "EBIT": -6,
        "Net Income": -12
    },
    "2017-06-30": {
        "Diluted EPS": -0.06,
        "Total Revenue": 56,
        "Gross Profit": 39,
        "Operating Income": -5,
        "EBIT": -1,
        "Net Income": -6
    },
    "2017-03-31": {
        "Diluted EPS": -0.07,
        "Total Revenue": 63,
        "Gross Profit": 41,
        "Operating Income": -6,
        "EBIT": -1,
        "Net Income": -6
    },
    "2016-12-31": {
        "Diluted EPS": -0.02,
        "Total Revenue": 63,
        "Gross Profit": 42,
        "Operating Income": -1,
        "EBIT": 4,
        "Net Income": -1
    },
    "2016-09-30": {
        "Diluted EPS": -0.17,
        "Total Revenue": 71,
        "Gross Profit": 33,
        "Operating Income": -15,
        "EBIT": -10,
        "Net Income": -16
    },
    "2016-06-30": {
        "Diluted EPS": -0.1,
        "Total Revenue": 53,
        "Gross Profit": 32,
        "Operating Income": -8,
        "EBIT": -2,
        "Net Income": -9
    },
    "2016-03-31": {
        "Diluted EPS": -0.18,
        "Total Revenue": 67,
        "Gross Profit": 28,
        "Operating Income": -15,
        "EBIT": -8,
        "Net Income": -16
    },
    "2015-12-31": {
        "Diluted EPS": 0.06,
        "Total Revenue": 68,
        "Gross Profit": 42,
        "Operating Income": 4,
        "EBIT": 13,
        "Net Income": 4
    },
    "2015-09-30": {
        "Diluted EPS": -0.28,
        "Total Revenue": 81,
        "Gross Profit": 20,
        "Operating Income": -24,
        "EBIT": -12,
        "Net Income": -24
    },
    "2015-06-30": {
        "Diluted EPS": -0.12,
        "Total Revenue": 67,
        "Gross Profit": 31,
        "Operating Income": -10,
        "EBIT": 6,
        "Net Income": -10
    },
    "2015-03-31": {
        "Diluted EPS": -0.34,
        "Total Revenue": 85,
        "Gross Profit": 19,
        "Operating Income": -28,
        "EBIT": -10,
        "Net Income": -29
    },
    "2014-12-31": {
        "Diluted EPS": 0.02,
        "Total Revenue": 84,
        "Gross Profit": 46,
        "Operating Income": 3,
        "EBIT": 24,
        "Net Income": 2
    },
    "2014-09-30": {
        "Diluted EPS": -0.39,
        "Total Revenue": 82,
        "Gross Profit": 13,
        "Operating Income": -33,
        "EBIT": -13,
        "Net Income": -32
    },
    "2014-06-30": {
        "Diluted EPS": -0.1,
        "Total Revenue": 64,
        "Gross Profit": 26,
        "Operating Income": -10,
        "EBIT": 11,
        "Net Income": -8
    },
    "2014-03-31": {
        "Diluted EPS": -0.31,
        "Total Revenue": 74,
        "Gross Profit": 9,
        "Operating Income": -26,
        "EBIT": -3,
        "Net Income": -26
    },
    "2013-12-31": {
        "Diluted EPS": -2.36,
        "Total Revenue": 77,
        "Gross Profit": 40,
        "Operating Income": -9,
        "EBIT": 13,
        "Net Income": -5
    },
    "2013-09-30": {
        "Diluted EPS": -2.27,
        "Total Revenue": 62,
        "Gross Profit": 3,
        "Operating Income": -25,
        "EBIT": -7,
        "Net Income": -29
    },
    "2013-06-30": {
        "Diluted EPS": -0.27,
        "Total Revenue": 56,
        "Gross Profit": 26,
        "Operating Income": -1,
        "EBIT": 16,
        "Net Income": -3
    },
    "2013-03-31": {
        "Diluted EPS": -1.48,
        "Total Revenue": 61,
        "Gross Profit": 12,
        "Operating Income": -16,
        "EBIT": 4,
        "Net Income": -18
    },
    "2012-12-31": {
        "Diluted EPS": 0.0,
        "Total Revenue": NaN,
        "Gross Profit": NaN,
        "Operating Income": NaN,
        "EBIT": NaN,
        "Net Income": NaN
    },
    "2011-12-31": {
        "Diluted EPS": 0.0,
        "Total Revenue": NaN,
        "Gross Profit": NaN,
        "Operating Income": NaN,
        "EBIT": NaN,
        "Net Income": NaN
    },
    "2010-12-31": {
        "Diluted EPS": 0.0,
        "Total Revenue": NaN,
        "Gross Profit": NaN,
        "Operating Income": NaN,
        "EBIT": NaN,
        "Net Income": NaN
    },
    "2023-06-30": {
        "Tax Effect Of Unusual Items": NaN,
        "Tax Rate For Calcs": NaN,
        "Normalized EBITDA": NaN,
        "Total Unusual Items": NaN,
        "Total Unusual Items Excluding Goodwill": NaN,
        "Net Income From Continuing Operation Net Minority Interest": NaN,
        "Reconciled Depreciation": NaN,
        "Reconciled Cost Of Revenue": NaN,
        "EBITDA": NaN,
        "EBIT": NaN,
        "Net Interest Income": NaN,
        "Interest Expense": NaN,
        "Interest Income": 10658000.0,
        "Normalized Income": NaN,
        "Net Income From Continuing And Discontinued Operation": NaN,
        "Total Expenses": NaN,
        "Total Operating Income As Reported": NaN,
        "Diluted Average Shares": NaN,
        "Basic Average Shares": NaN,
        "Diluted EPS": NaN,
        "Basic EPS": NaN,
        "Diluted NI Availto Com Stockholders": NaN,
        "Average Dilution Earnings": -39398000.0,
        "Net Income Common Stockholders": NaN,
        "Net Income": NaN,
        "Net Income Including Noncontrolling Interests": NaN,
        "Net Income Continuous Operations": NaN,
        "Tax Provision": NaN,
        "Pretax Income": NaN,
        "Other Income Expense": NaN,
        "Other Non Operating Income Expenses": NaN,
        "Special Income Charges": NaN,
        "Other Special Charges": -53777000.0,
        "Impairment Of Capital Assets": 0.0,
        "Net Non Operating Interest Income Expense": NaN,
        "Interest Expense Non Operating": NaN,
        "Interest Income Non Operating": 10658000.0,
        "Operating Income": NaN,
        "Operating Expense": NaN,
        "Research And Development": NaN,
        "Selling General And Administration": NaN,
        "Selling And Marketing Expense": NaN,
        "General And Administrative Expense": NaN,
        "Other Gand A": NaN,
        "Salaries And Wages": 23392000.0,
        "Gross Profit": NaN,
        "Cost Of Revenue": NaN,
        "Total Revenue": NaN,
        "Operating Revenue": NaN
    },
    "2023-09-30": {
        "Tax Effect Of Unusual Items": NaN,
        "Tax Rate For Calcs": NaN,
        "Normalized EBITDA": NaN,
        "Total Unusual Items": -3600000.0,
        "Total Unusual Items Excluding Goodwill": -3600000.0,
        "Net Income From Continuing Operation Net Minority Interest": NaN,
        "Reconciled Depreciation": NaN,
        "Reconciled Cost Of Revenue": NaN,
        "EBITDA": NaN,
        "EBIT": NaN,
        "Net Interest Income": NaN,
        "Interest Expense": NaN,
        "Interest Income": 8430000.0,
        "Normalized Income": NaN,
        "Net Income From Continuing And Discontinued Operation": NaN,
        "Total Expenses": NaN,
        "Total Operating Income As Reported": NaN,
        "Diluted Average Shares": 115407000.0,
        "Basic Average Shares": 115407000.0,
        "Diluted EPS": -0.16,
        "Basic EPS": -0.16,
        "Diluted NI Availto Com Stockholders": NaN,
        "Average Dilution Earnings": 0.0,
        "Net Income Common Stockholders": NaN,
        "Net Income": NaN,
        "Net Income Including Noncontrolling Interests": NaN,
        "Net Income Continuous Operations": NaN,
        "Tax Provision": NaN,
        "Pretax Income": NaN,
        "Other Income Expense": NaN,
        "Other Non Operating Income Expenses": NaN,
        "Special Income Charges": -3600000.0,
        "Other Special Charges": -32149000.0,
        "Impairment Of Capital Assets": 3600000.0,
        "Net Non Operating Interest Income Expense": NaN,
        "Interest Expense Non Operating": NaN,
        "Interest Income Non Operating": 8430000.0,
        "Operating Income": NaN,
        "Operating Expense": NaN,
        "Research And Development": NaN,
        "Selling General And Administration": NaN,
        "Selling And Marketing Expense": NaN,
        "General And Administrative Expense": NaN,
        "Other Gand A": NaN,
        "Gross Profit": NaN,
        "Cost Of Revenue": NaN,
        "Total Revenue": NaN,
        "Operating Revenue": NaN
    },
    "2023-12-31": {
        "Tax Effect Of Unusual Items": -442260.0,
        "Tax Rate For Calcs": 0.21,
        "Normalized EBITDA": 41305000.0,
        "Total Unusual Items": -2106000.0,
        "Total Unusual Items Excluding Goodwill": -2106000.0,
        "Net Income From Continuing Operation Net Minority Interest": 9665000.0,
        "Reconciled Depreciation": 20773000.0,
        "Reconciled Cost Of Revenue": 45804000.0,
        "EBITDA": 39199000.0,
        "EBIT": 18426000.0,
        "Net Interest Income": 6402000.0,
        "Interest Expense": 658000.0,
        "Interest Income": 7060000.0,
        "Normalized Income": 11328740.0,
        "Net Income From Continuing And Discontinued Operation": 9665000.0,
        "Total Expenses": 174700000.0,
        "Total Operating Income As Reported": 13287000.0,
        "Diluted Average Shares": 118902000.0,
        "Basic Average Shares": 109093000.0,
        "Diluted EPS": 0.09,
        "Basic EPS": 0.09,
        "Diluted NI Availto Com Stockholders": -52029000.0,
        "Average Dilution Earnings": NaN,
        "Net Income Common Stockholders": 9665000.0,
        "Net Income": 9665000.0,
        "Net Income Including Noncontrolling Interests": 9665000.0,
        "Net Income Continuous Operations": 9665000.0,
        "Tax Provision": 8103000.0,
        "Pretax Income": 17768000.0,
        "Other Income Expense": -1921000.0,
        "Other Non Operating Income Expenses": 185000.0,
        "Special Income Charges": 0.0,
        "Other Special Charges": 0.0,
        "Impairment Of Capital Assets": NaN,
        "Net Non Operating Interest Income Expense": 6402000.0,
        "Interest Expense Non Operating": 658000.0,
        "Interest Income Non Operating": 7060000.0,
        "Operating Income": 13287000.0,
        "Operating Expense": 128896000.0,
        "Research And Development": 45724000.0,
        "Selling General And Administration": 83172000.0,
        "Selling And Marketing Expense": 29746000.0,
        "General And Administrative Expense": 53426000.0,
        "Other Gand A": 53426000.0,
        "Gross Profit": 142183000.0,
        "Cost Of Revenue": 45804000.0,
        "Total Revenue": 187987000.0,
        "Operating Revenue": 187987000.0
    },
    "2024-03-31": {
        "Tax Effect Of Unusual Items": 0.0,
        "Tax Rate For Calcs": 0.21,
        "Normalized EBITDA": 27976000.0,
        "Total Unusual Items": NaN,
        "Total Unusual Items Excluding Goodwill": NaN,
        "Net Income From Continuing Operation Net Minority Interest": -1420000.0,
        "Reconciled Depreciation": 19687000.0,
        "Reconciled Cost Of Revenue": 46497000.0,
        "EBITDA": 27976000.0,
        "EBIT": 8289000.0,
        "Net Interest Income": -650000.0,
        "Interest Expense": 650000.0,
        "Interest Income": NaN,
        "Normalized Income": -1420000.0,
        "Net Income From Continuing And Discontinued Operation": -1420000.0,
        "Total Expenses": 176841000.0,
        "Total Operating Income As Reported": -2491000.0,
        "Diluted Average Shares": 102343000.0,
        "Basic Average Shares": 102343000.0,
        "Diluted EPS": -0.01,
        "Basic EPS": -0.01,
        "Diluted NI Availto Com Stockholders": -1420000.0,
        "Average Dilution Earnings": NaN,
        "Net Income Common Stockholders": -1420000.0,
        "Net Income": -1420000.0,
        "Net Income Including Noncontrolling Interests": -1420000.0,
        "Net Income Continuous Operations": -1420000.0,
        "Tax Provision": 9059000.0,
        "Pretax Income": 7639000.0,
        "Other Income Expense": 10780000.0,
        "Other Non Operating Income Expenses": 10780000.0,
        "Special Income Charges": NaN,
        "Other Special Charges": NaN,
        "Impairment Of Capital Assets": NaN,
        "Net Non Operating Interest Income Expense": -650000.0,
        "Interest Expense Non Operating": 650000.0,
        "Interest Income Non Operating": NaN,
        "Operating Income": -2491000.0,
        "Operating Expense": 130344000.0,
        "Research And Development": 44435000.0,
        "Selling General And Administration": 85909000.0,
        "Selling And Marketing Expense": 30375000.0,
        "General And Administrative Expense": 55534000.0,
        "Other Gand A": 55534000.0,
        "Gross Profit": 127853000.0,
        "Cost Of Revenue": 46497000.0,
        "Total Revenue": 174350000.0,
        "Operating Revenue": 174350000.0
    },
    "2024-06-30": {
        "Tax Effect Of Unusual Items": -101121510.0,
        "Tax Rate For Calcs": 0.21,
        "Normalized EBITDA": 23349000.0,
        "Total Unusual Items": -481531000.0,
        "Total Unusual Items Excluding Goodwill": -481531000.0,
        "Net Income From Continuing Operation Net Minority Interest": -616884000.0,
        "Reconciled Depreciation": 19706000.0,
        "Reconciled Cost Of Revenue": 45411000.0,
        "EBITDA": -458182000.0,
        "EBIT": -477888000.0,
        "Net Interest Income": -651000.0,
        "Interest Expense": 651000.0,
        "Interest Income": NaN,
        "Normalized Income": -236474510.0,
        "Net Income From Continuing And Discontinued Operation": -616884000.0,
        "Total Expenses": 166623000.0,
        "Total Operating Income As Reported": -485007000.0,
        "Diluted Average Shares": 102604000.0,
        "Basic Average Shares": 102604000.0,
        "Diluted EPS": -6.01,
        "Basic EPS": -6.01,
        "Diluted NI Availto Com Stockholders": -616884000.0,
        "Average Dilution Earnings": 0.0,
        "Net Income Common Stockholders": -616884000.0,
        "Net Income": -616884000.0,
        "Net Income Including Noncontrolling Interests": -616884000.0,
        "Net Income Continuous Operations": -616884000.0,
        "Tax Provision": 138345000.0,
        "Pretax Income": -478539000.0,
        "Other Income Expense": -474412000.0,
        "Other Non Operating Income Expenses": 7119000.0,
        "Special Income Charges": -481531000.0,
        "Other Special Charges": NaN,
        "Impairment Of Capital Assets": 481531000.0,
        "Net Non Operating Interest Income Expense": -651000.0,
        "Interest Expense Non Operating": 651000.0,
        "Interest Income Non Operating": NaN,
        "Operating Income": -3476000.0,
        "Operating Expense": 121212000.0,
        "Research And Development": 43651000.0,
        "Selling General And Administration": 77561000.0,
        "Selling And Marketing Expense": 23545000.0,
        "General And Administrative Expense": 54016000.0,
        "Other Gand A": 54016000.0,
        "Gross Profit": 117736000.0,
        "Cost Of Revenue": 45411000.0,
        "Total Revenue": 163147000.0,
        "Operating Revenue": 163147000.0
    },
    "2024-09-30": {
        "Tax Effect Of Unusual Items": -2474498.212312,
        "Tax Rate For Calcs": 0.012644,
        "Normalized EBITDA": 577000.0,
        "Total Unusual Items": -195708000.0,
        "Total Unusual Items Excluding Goodwill": -195708000.0,
        "Net Income From Continuing Operation Net Minority Interest": -212639000.0,
        "Reconciled Depreciation": 19573000.0,
        "Reconciled Cost Of Revenue": 43420000.0,
        "EBITDA": -195131000.0,
        "EBIT": -214704000.0,
        "Net Interest Income": -658000.0,
        "Interest Expense": 658000.0,
        "Interest Income": NaN,
        "Normalized Income": -19405498.212312,
        "Net Income From Continuing And Discontinued Operation": -212639000.0,
        "Total Expenses": 163175000.0,
        "Total Operating Income As Reported": -222290000.0,
        "Diluted Average Shares": 103723000.0,
        "Basic Average Shares": 103723000.0,
        "Diluted EPS": -2.05,
        "Basic EPS": -2.05,
        "Diluted NI Availto Com Stockholders": -212639000.0,
        "Average Dilution Earnings": 0.0,
        "Net Income Common Stockholders": -212639000.0,
        "Net Income": -212639000.0,
        "Net Income Including Noncontrolling Interests": -212639000.0,
        "Net Income Continuous Operations": -212639000.0,
        "Tax Provision": -2723000.0,
        "Pretax Income": -215362000.0,
        "Other Income Expense": -188122000.0,
        "Other Non Operating Income Expenses": 7586000.0,
        "Special Income Charges": -195708000.0,
        "Other Special Charges": NaN,
        "Impairment Of Capital Assets": 195708000.0,
        "Net Non Operating Interest Income Expense": -658000.0,
        "Interest Expense Non Operating": 658000.0,
        "Interest Income Non Operating": NaN,
        "Operating Income": -26582000.0,
        "Operating Expense": 119755000.0,
        "Research And Development": 41337000.0,
        "Selling General And Administration": 78418000.0,
        "Selling And Marketing Expense": 26508000.0,
        "General And Administrative Expense": 51910000.0,
        "Other Gand A": 51910000.0,
        "Gross Profit": 93173000.0,
        "Cost Of Revenue": 43420000.0,
        "Total Revenue": 136593000.0,
        "Operating Revenue": 136593000.0
    },
    "2024-12-31": {
        "Tax Effect Of Unusual Items": 4886910.0,
        "Tax Rate For Calcs": 0.21,
        "Normalized EBITDA": -5366000.0,
        "Total Unusual Items": 23271000.0,
        "Total Unusual Items Excluding Goodwill": 23271000.0,
        "Net Income From Continuing Operation Net Minority Interest": -6125000.0,
        "Reconciled Depreciation": 19378000.0,
        "Reconciled Cost Of Revenue": 45599000.0,
        "EBITDA": 17905000.0,
        "EBIT": -1473000.0,
        "Net Interest Income": 27419000.0,
        "Interest Expense": 631000.0,
        "Interest Income": NaN,
        "Normalized Income": -24509090.0,
        "Net Income From Continuing And Discontinued Operation": -6125000.0,
        "Total Expenses": 170804000.0,
        "Total Operating Income As Reported": -27320000.0,
        "Diluted Average Shares": NaN,
        "Basic Average Shares": NaN,
        "Diluted EPS": NaN,
        "Basic EPS": NaN,
        "Diluted NI Availto Com Stockholders": -6125000.0,
        "Average Dilution Earnings": 0.0,
        "Net Income Common Stockholders": -6125000.0,
        "Net Income": -6125000.0,
        "Net Income Including Noncontrolling Interests": -6125000.0,
        "Net Income Continuous Operations": -6125000.0,
        "Tax Provision": 4021000.0,
        "Pretax Income": -2104000.0,
        "Other Income Expense": -2203000.0,
        "Other Non Operating Income Expenses": -25474000.0,
        "Special Income Charges": 19515000.0,
        "Other Special Charges": NaN,
        "Impairment Of Capital Assets": 0.0,
        "Net Non Operating Interest Income Expense": 27419000.0,
        "Interest Expense Non Operating": 631000.0,
        "Interest Income Non Operating": NaN,
        "Operating Income": -27320000.0,
        "Operating Expense": 125205000.0,
        "Research And Development": 41008000.0,
        "Selling General And Administration": 84197000.0,
        "Selling And Marketing Expense": 27901000.0,
        "General And Administrative Expense": 56296000.0,
        "Other Gand A": 56296000.0,
        "Gross Profit": 97885000.0,
        "Cost Of Revenue": 45599000.0,
        "Total Revenue": 143484000.0,
        "Operating Revenue": 143484000.0
    }
}