{
    "2023-03-31": {
        "Tax Effect Of Unusual Items": NaN,
        "Tax Rate For Calcs": NaN,
        "Normalized EBITDA": NaN,
        "Total Unusual Items": NaN,
        "Total Unusual Items Excluding Goodwill": NaN,
        "Net Income From Continuing Operation Net Minority Interest": NaN,
        "Reconciled Depreciation": NaN,
        "Reconciled Cost Of Revenue": NaN,
        "EBITDA": NaN,
        "EBIT": NaN,
        "Net Interest Income": NaN,
        "Interest Expense": NaN,
        "Interest Income": NaN,
        "Normalized Income": NaN,
        "Net Income From Continuing And Discontinued Operation": NaN,
        "Total Expenses": NaN,
        "Total Operating Income As Reported": NaN,
        "Diluted Average Shares": NaN,
        "Basic Average Shares": NaN,
        "Diluted EPS": NaN,
        "Basic EPS": NaN,
        "Diluted NI Availto Com Stockholders": NaN,
        "Net Income Common Stockholders": NaN,
        "Otherunder Preferred Stock Dividend": NaN,
        "Net Income": NaN,
        "Net Income Including Noncontrolling Interests": NaN,
        "Net Income Continuous Operations": NaN,
        "Tax Provision": NaN,
        "Pretax Income": NaN,
        "Other Income Expense": NaN,
        "Other Non Operating Income Expenses": NaN,
        "Special Income Charges": NaN,
        "Gain On Sale Of Ppe": 0.0,
        "Gain On Sale Of Business": NaN,
        "Other Special Charges": NaN,
        "Restructuring And Mergern Acquisition": NaN,
        "Earnings From Equity Interest": NaN,
        "Net Non Operating Interest Income Expense": NaN,
        "Interest Expense Non Operating": NaN,
        "Interest Income Non Operating": NaN,
        "Operating Income": NaN,
        "Operating Expense": NaN,
        "Depreciation Amortization Depletion Income Statement": NaN,
        "Depreciation And Amortization In Income Statement": NaN,
        "Selling General And Administration": NaN,
        "Gross Profit": NaN,
        "Cost Of Revenue": NaN,
        "Total Revenue": NaN,
        "Operating Revenue": NaN
    },
    "2022-12-31": {
        "Tax Effect Of Unusual Items": NaN,
        "Tax Rate For Calcs": NaN,
        "Normalized EBITDA": NaN,
        "Total Unusual Items": NaN,
        "Total Unusual Items Excluding Goodwill": NaN,
        "Net Income From Continuing Operation Net Minority Interest": NaN,
        "Reconciled Depreciation": NaN,
        "Reconciled Cost Of Revenue": NaN,
        "EBITDA": NaN,
        "EBIT": NaN,
        "Net Interest Income": NaN,
        "Interest Expense": NaN,
        "Interest Income": NaN,
        "Normalized Income": NaN,
        "Net Income From Continuing And Discontinued Operation": NaN,
        "Total Expenses": NaN,
        "Total Operating Income As Reported": NaN,
        "Diluted Average Shares": NaN,
        "Basic Average Shares": NaN,
        "Diluted EPS": NaN,
        "Basic EPS": NaN,
        "Diluted NI Availto Com Stockholders": NaN,
        "Net Income Common Stockholders": NaN,
        "Otherunder Preferred Stock Dividend": NaN,
        "Net Income": NaN,
        "Net Income Including Noncontrolling Interests": NaN,
        "Net Income Continuous Operations": NaN,
        "Tax Provision": NaN,
        "Pretax Income": NaN,
        "Other Income Expense": NaN,
        "Other Non Operating Income Expenses": NaN,
        "Special Income Charges": NaN,
        "Gain On Sale Of Ppe": NaN,
        "Gain On Sale Of Business": -439000.0,
        "Restructuring And Mergern Acquisition": NaN,
        "Earnings From Equity Interest": NaN,
        "Net Non Operating Interest Income Expense": NaN,
        "Interest Expense Non Operating": NaN,
        "Interest Income Non Operating": NaN,
        "Operating Income": NaN,
        "Operating Expense": NaN,
        "Depreciation Amortization Depletion Income Statement": NaN,
        "Depreciation And Amortization In Income Statement": NaN,
        "Selling General And Administration": NaN,
        "Gross Profit": NaN,
        "Cost Of Revenue": NaN,
        "Total Revenue": NaN,
        "Operating Revenue": NaN
    },
    "2022-09-30": {
        "Tax Effect Of Unusual Items": NaN,
        "Tax Rate For Calcs": NaN,
        "Normalized EBITDA": NaN,
        "Total Unusual Items": NaN,
        "Total Unusual Items Excluding Goodwill": NaN,
        "Net Income From Continuing Operation Net Minority Interest": NaN,
        "Reconciled Depreciation": NaN,
        "Reconciled Cost Of Revenue": NaN,
        "EBITDA": NaN,
        "EBIT": NaN,
        "Net Interest Income": NaN,
        "Interest Expense": NaN,
        "Interest Income": NaN,
        "Normalized Income": NaN,
        "Net Income From Continuing And Discontinued Operation": NaN,
        "Total Expenses": NaN,
        "Total Operating Income As Reported": NaN,
        "Diluted Average Shares": NaN,
        "Basic Average Shares": NaN,
        "Diluted EPS": NaN,
        "Basic EPS": NaN,
        "Diluted NI Availto Com Stockholders": NaN,
        "Net Income Common Stockholders": NaN,
        "Otherunder Preferred Stock Dividend": NaN,
        "Net Income": NaN,
        "Net Income Including Noncontrolling Interests": NaN,
        "Net Income Continuous Operations": NaN,
        "Tax Provision": NaN,
        "Pretax Income": NaN,
        "Other Income Expense": NaN,
        "Other Non Operating Income Expenses": NaN,
        "Special Income Charges": NaN,
        "Gain On Sale Of Ppe": NaN,
        "Gain On Sale Of Business": 13379000.0,
        "Restructuring And Mergern Acquisition": NaN,
        "Earnings From Equity Interest": NaN,
        "Net Non Operating Interest Income Expense": NaN,
        "Interest Expense Non Operating": NaN,
        "Interest Income Non Operating": NaN,
        "Operating Income": NaN,
        "Operating Expense": NaN,
        "Depreciation Amortization Depletion Income Statement": NaN,
        "Depreciation And Amortization In Income Statement": NaN,
        "Selling General And Administration": NaN,
        "Gross Profit": NaN,
        "Cost Of Revenue": NaN,
        "Total Revenue": NaN,
        "Operating Revenue": NaN
    },
    "2022-06-30": {
        "Tax Effect Of Unusual Items": 829842.81553,
        "Tax Rate For Calcs": 0.253001,
        "Normalized EBITDA": 163031000.0,
        "Total Unusual Items": 3280000.0,
        "Total Unusual Items Excluding Goodwill": 3280000.0,
        "Net Income From Continuing Operation Net Minority Interest": 106168000.0,
        "Reconciled Depreciation": 12933000.0,
        "Reconciled Cost Of Revenue": 157084000.0,
        "EBITDA": 166311000.0,
        "EBIT": 153378000.0,
        "Net Interest Income": -9624000.0,
        "Interest Expense": 11252000.0,
        "Interest Income": 1628000.0,
        "Normalized Income": 103717842.81553,
        "Net Income From Continuing And Discontinued Operation": 106168000.0,
        "Total Expenses": 213905000.0,
        "Total Operating Income As Reported": 157349000.0,
        "Diluted Average Shares": 55970000.0,
        "Basic Average Shares": 55446000.0,
        "Diluted EPS": 1.89,
        "Basic EPS": 1.9,
        "Diluted NI Availto Com Stockholders": 106168000.0,
        "Net Income Common Stockholders": 106168000.0,
        "Otherunder Preferred Stock Dividend": 622000.0,
        "Net Income": 106168000.0,
        "Net Income Including Noncontrolling Interests": 106168000.0,
        "Net Income Continuous Operations": 106168000.0,
        "Tax Provision": 35958000.0,
        "Pretax Income": 142126000.0,
        "Other Income Expense": -2319000.0,
        "Other Non Operating Income Expenses": -5559000.0,
        "Special Income Charges": 3280000.0,
        "Gain On Sale Of Ppe": 3280000.0,
        "Gain On Sale Of Business": 3280000.0,
        "Earnings From Equity Interest": -40000.0,
        "Net Non Operating Interest Income Expense": -9624000.0,
        "Interest Expense Non Operating": 11252000.0,
        "Interest Income Non Operating": 1628000.0,
        "Operating Income": 154069000.0,
        "Operating Expense": 49367000.0,
        "Depreciation Amortization Depletion Income Statement": 5479000.0,
        "Depreciation And Amortization In Income Statement": 5479000.0,
        "Selling General And Administration": 43888000.0,
        "Gross Profit": 203436000.0,
        "Cost Of Revenue": 164538000.0,
        "Total Revenue": 367974000.0,
        "Operating Revenue": 356047000.0
    },
    "2022-03-31": {
        "Diluted EPS": 1.21,
        "Total Revenue": 258,
        "Gross Profit": 250,
        "Operating Income": 99,
        "EBIT": 117,
        "Net Income": 67
    },
    "2021-12-31": {
        "Diluted EPS": 1.14,
        "Total Revenue": 285,
        "Gross Profit": 276,
        "Operating Income": 107,
        "EBIT": 124,
        "Net Income": 64
    },
    "2021-09-30": {
        "Diluted EPS": 2.08,
        "Total Revenue": 323,
        "Gross Profit": 316,
        "Operating Income": 159,
        "EBIT": 175,
        "Net Income": 116
    },
    "2021-06-30": {
        "Diluted EPS": 1.53,
        "Total Revenue": 278,
        "Gross Profit": 273,
        "Operating Income": 119,
        "EBIT": 135,
        "Net Income": 86
    },
    "2021-03-31": {
        "Diluted EPS": 0.4,
        "Total Revenue": 183,
        "Gross Profit": 179,
        "Operating Income": 44,
        "EBIT": 59,
        "Net Income": 22
    },
    "2020-12-31": {
        "Diluted EPS": 0.14,
        "Total Revenue": 193,
        "Gross Profit": 190,
        "Operating Income": 16,
        "EBIT": 33,
        "Net Income": 8
    },
    "2020-09-30": {
        "Diluted EPS": 0.26,
        "Total Revenue": 211,
        "Gross Profit": 207,
        "Operating Income": 51,
        "EBIT": 65,
        "Net Income": 14
    },
    "2020-06-30": {
        "Diluted EPS": -0.04,
        "Total Revenue": 152,
        "Gross Profit": 149,
        "Operating Income": 8,
        "EBIT": 22,
        "Net Income": -2
    },
    "2020-03-31": {
        "Diluted EPS": 0.99,
        "Total Revenue": 218,
        "Gross Profit": 212,
        "Operating Income": 47,
        "EBIT": 61,
        "Net Income": 55
    },
    "2019-12-31": {
        "Diluted EPS": 0.75,
        "Total Revenue": 268,
        "Gross Profit": 260,
        "Operating Income": 69,
        "EBIT": 80,
        "Net Income": 42
    },
    "2019-09-30": {
        "Diluted EPS": 1.36,
        "Total Revenue": 311,
        "Gross Profit": 305,
        "Operating Income": 102,
        "EBIT": 114,
        "Net Income": 76
    },
    "2019-06-30": {
        "Diluted EPS": 1.33,
        "Total Revenue": 318,
        "Gross Profit": 318,
        "Operating Income": 103,
        "EBIT": 112,
        "Net Income": 74
    },
    "2019-03-31": {
        "Diluted EPS": 0.54,
        "Total Revenue": 218,
        "Gross Profit": 218,
        "Operating Income": 45,
        "EBIT": 59,
        "Net Income": 30
    },
    "2018-12-31": {
        "Diluted EPS": 0.55,
        "Total Revenue": 245,
        "Gross Profit": 245,
        "Operating Income": 52,
        "EBIT": 68,
        "Net Income": 31
    },
    "2018-09-30": {
        "Diluted EPS": 1.41,
        "Total Revenue": 291,
        "Gross Profit": 291,
        "Operating Income": 111,
        "EBIT": 122,
        "Net Income": 80
    },
    "2018-06-30": {
        "Diluted EPS": 1.4,
        "Total Revenue": 295,
        "Gross Profit": 295,
        "Operating Income": 109,
        "EBIT": 120,
        "Net Income": 79
    },
    "2018-03-31": {
        "Diluted EPS": 0.44,
        "Total Revenue": 209,
        "Gross Profit": 209,
        "Operating Income": 46,
        "EBIT": 57,
        "Net Income": 25
    },
    "2017-12-31": {
        "Diluted EPS": -0.18,
        "Total Revenue": 221,
        "Gross Profit": 221,
        "Operating Income": 65,
        "EBIT": 73,
        "Net Income": -10
    },
    "2017-09-30": {
        "Diluted EPS": 1.01,
        "Total Revenue": 270,
        "Gross Profit": 270,
        "Operating Income": 93,
        "EBIT": 102,
        "Net Income": 57
    },
    "2017-06-30": {
        "Diluted EPS": 0.89,
        "Total Revenue": 261,
        "Gross Profit": 261,
        "Operating Income": 87,
        "EBIT": 95,
        "Net Income": 50
    },
    "2017-03-31": {
        "Diluted EPS": 0.43,
        "Total Revenue": 189,
        "Gross Profit": 189,
        "Operating Income": 45,
        "EBIT": 54,
        "Net Income": 24
    },
    "2016-12-31": {
        "Diluted EPS": 0.0,
        "Total Revenue": 91,
        "Gross Profit": 91,
        "Operating Income": 1,
        "EBIT": 2,
        "Net Income": -1
    },
    "2016-09-30": {
        "Diluted EPS": 0.84,
        "Total Revenue": 268,
        "Gross Profit": 268,
        "Operating Income": 79,
        "EBIT": 82,
        "Net Income": 48
    },
    "2016-06-30": {
        "Diluted EPS": 0.68,
        "Total Revenue": 242,
        "Gross Profit": 242,
        "Operating Income": 65,
        "EBIT": 68,
        "Net Income": 39
    },
    "2016-03-31": {
        "Diluted EPS": 0.37,
        "Total Revenue": 207,
        "Gross Profit": 207,
        "Operating Income": 43,
        "EBIT": 46,
        "Net Income": 21
    },
    "2015-12-31": {
        "Diluted EPS": 0.51,
        "Total Revenue": 211,
        "Gross Profit": 211,
        "Operating Income": 47,
        "EBIT": 50,
        "Net Income": 30
    },
    "2015-09-30": {
        "Diluted EPS": 0.72,
        "Total Revenue": 242,
        "Gross Profit": 242,
        "Operating Income": 74,
        "EBIT": 77,
        "Net Income": 41
    },
    "2015-06-30": {
        "Diluted EPS": 0.62,
        "Total Revenue": 232,
        "Gross Profit": 232,
        "Operating Income": 63,
        "EBIT": 66,
        "Net Income": 36
    },
    "2015-03-31": {
        "Diluted EPS": 0.37,
        "Total Revenue": 175,
        "Gross Profit": 175,
        "Operating Income": 41,
        "EBIT": 44,
        "Net Income": 21
    },
    "2014-12-31": {
        "Diluted EPS": 0.44,
        "Total Revenue": 185,
        "Gross Profit": 185,
        "Operating Income": 46,
        "EBIT": 49,
        "Net Income": 26
    },
    "2014-09-30": {
        "Diluted EPS": 0.67,
        "Total Revenue": 215,
        "Gross Profit": 215,
        "Operating Income": 67,
        "EBIT": 69,
        "Net Income": 39
    },
    "2014-06-30": {
        "Diluted EPS": 0.6,
        "Total Revenue": 198,
        "Gross Profit": 198,
        "Operating Income": 60,
        "EBIT": 62,
        "Net Income": 35
    },
    "2014-03-31": {
        "Diluted EPS": 0.39,
        "Total Revenue": 160,
        "Gross Profit": 160,
        "Operating Income": 41,
        "EBIT": 43,
        "Net Income": 23
    },
    "2013-12-31": {
        "Diluted EPS": 0.39,
        "Total Revenue": 169,
        "Gross Profit": 169,
        "Operating Income": 41,
        "EBIT": 44,
        "Net Income": 23
    },
    "2013-09-30": {
        "Diluted EPS": 0.66,
        "Total Revenue": 217,
        "Gross Profit": 217,
        "Operating Income": 63,
        "EBIT": 66,
        "Net Income": 38
    },
    "2013-06-30": {
        "Diluted EPS": 0.54,
        "Total Revenue": 191,
        "Gross Profit": 191,
        "Operating Income": 55,
        "EBIT": 57,
        "Net Income": 31
    },
    "2013-03-31": {
        "Diluted EPS": 0.34,
        "Total Revenue": 148,
        "Gross Profit": 148,
        "Operating Income": 37,
        "EBIT": 39,
        "Net Income": 20
    },
    "2012-12-31": {
        "Diluted EPS": 0.42,
        "Total Revenue": 178,
        "Gross Profit": 177,
        "Operating Income": 45,
        "EBIT": 47,
        "Net Income": 24
    },
    "2012-09-30": {
        "Diluted EPS": 0.73,
        "Total Revenue": 205,
        "Gross Profit": 205,
        "Operating Income": 62,
        "EBIT": 64,
        "Net Income": 42
    },
    "2012-06-30": {
        "Diluted EPS": 0.55,
        "Total Revenue": 174,
        "Gross Profit": 173,
        "Operating Income": 52,
        "EBIT": 54,
        "Net Income": 32
    },
    "2012-03-31": {
        "Diluted EPS": 0.34,
        "Total Revenue": 129,
        "Gross Profit": 128,
        "Operating Income": 31,
        "EBIT": 33,
        "Net Income": 20
    },
    "2011-12-31": {
        "Diluted EPS": 0.42,
        "Total Revenue": 166,
        "Gross Profit": 165,
        "Operating Income": 39,
        "EBIT": 41,
        "Net Income": 25
    },
    "2011-09-30": {
        "Diluted EPS": 0.71,
        "Total Revenue": 192,
        "Gross Profit": 191,
        "Operating Income": 62,
        "EBIT": 64,
        "Net Income": 42
    },
    "2011-06-30": {
        "Diluted EPS": 0.46,
        "Total Revenue": 165,
        "Gross Profit": 164,
        "Operating Income": 45,
        "EBIT": 47,
        "Net Income": 27
    },
    "2011-03-31": {
        "Diluted EPS": 0.26,
        "Total Revenue": 115,
        "Gross Profit": 114,
        "Operating Income": 26,
        "EBIT": 28,
        "Net Income": 16
    },
    "2010-12-31": {
        "Diluted EPS": 0.4,
        "Total Revenue": 155,
        "Gross Profit": 154,
        "Operating Income": 38,
        "EBIT": 40,
        "Net Income": 24
    },
    "2010-09-30": {
        "Diluted EPS": 0.68,
        "Total Revenue": 184,
        "Gross Profit": 183,
        "Operating Income": 55,
        "EBIT": 57,
        "Net Income": 40
    },
    "2010-06-30": {
        "Diluted EPS": 0.45,
        "Total Revenue": 150,
        "Gross Profit": 149,
        "Operating Income": 44,
        "EBIT": 46,
        "Net Income": 27
    },
    "2010-03-31": {
        "Diluted EPS": 0.26,
        "Total Revenue": 107,
        "Gross Profit": 107,
        "Operating Income": 24,
        "EBIT": 26,
        "Net Income": 16
    },
    "2009-12-31": {
        "Diluted EPS": 0.39,
        "Total Revenue": 141,
        "Gross Profit": 140,
        "Operating Income": 34,
        "EBIT": 36,
        "Net Income": 23
    },
    "2009-09-30": {
        "Diluted EPS": 0.55,
        "Total Revenue": 166,
        "Gross Profit": 165,
        "Operating Income": 48,
        "EBIT": 50,
        "Net Income": 33
    },
    "2009-06-30": {
        "Diluted EPS": 0.42,
        "Total Revenue": 143,
        "Gross Profit": 143,
        "Operating Income": 38,
        "EBIT": 40,
        "Net Income": 26
    },
    "2009-03-31": {
        "Diluted EPS": 0.27,
        "Total Revenue": 114,
        "Gross Profit": 113,
        "Operating Income": 28,
        "EBIT": 30,
        "Net Income": 16
    },
    "2023-06-30": {
        "Tax Effect Of Unusual Items": NaN,
        "Tax Rate For Calcs": NaN,
        "Normalized EBITDA": NaN,
        "Total Unusual Items": NaN,
        "Total Unusual Items Excluding Goodwill": NaN,
        "Net Income From Continuing Operation Net Minority Interest": NaN,
        "Reconciled Depreciation": NaN,
        "Reconciled Cost Of Revenue": NaN,
        "EBITDA": NaN,
        "EBIT": NaN,
        "Net Interest Income": NaN,
        "Interest Expense": NaN,
        "Interest Income": NaN,
        "Normalized Income": NaN,
        "Net Income From Continuing And Discontinued Operation": NaN,
        "Total Expenses": NaN,
        "Total Operating Income As Reported": NaN,
        "Diluted Average Shares": NaN,
        "Basic Average Shares": NaN,
        "Diluted EPS": NaN,
        "Basic EPS": NaN,
        "Diluted NI Availto Com Stockholders": NaN,
        "Net Income Common Stockholders": NaN,
        "Otherunder Preferred Stock Dividend": NaN,
        "Net Income": NaN,
        "Net Income Including Noncontrolling Interests": NaN,
        "Net Income Continuous Operations": NaN,
        "Tax Provision": NaN,
        "Pretax Income": NaN,
        "Other Income Expense": NaN,
        "Other Non Operating Income Expenses": NaN,
        "Special Income Charges": NaN,
        "Gain On Sale Of Business": 0.0,
        "Other Special Charges": NaN,
        "Restructuring And Mergern Acquisition": NaN,
        "Earnings From Equity Interest": NaN,
        "Net Non Operating Interest Income Expense": NaN,
        "Interest Expense Non Operating": NaN,
        "Interest Income Non Operating": NaN,
        "Operating Income": NaN,
        "Operating Expense": NaN,
        "Depreciation Amortization Depletion Income Statement": NaN,
        "Depreciation And Amortization In Income Statement": NaN,
        "Selling General And Administration": NaN,
        "Gross Profit": NaN,
        "Cost Of Revenue": NaN,
        "Total Revenue": NaN,
        "Operating Revenue": NaN
    },
    "2023-09-30": {
        "Tax Effect Of Unusual Items": NaN,
        "Tax Rate For Calcs": NaN,
        "Normalized EBITDA": NaN,
        "Total Unusual Items": NaN,
        "Total Unusual Items Excluding Goodwill": NaN,
        "Net Income From Continuing Operation Net Minority Interest": NaN,
        "Reconciled Depreciation": NaN,
        "Reconciled Cost Of Revenue": NaN,
        "EBITDA": NaN,
        "EBIT": NaN,
        "Net Interest Income": NaN,
        "Interest Expense": NaN,
        "Interest Income": NaN,
        "Normalized Income": NaN,
        "Net Income From Continuing And Discontinued Operation": NaN,
        "Total Expenses": NaN,
        "Total Operating Income As Reported": NaN,
        "Diluted Average Shares": NaN,
        "Basic Average Shares": NaN,
        "Diluted EPS": NaN,
        "Basic EPS": NaN,
        "Diluted NI Availto Com Stockholders": NaN,
        "Net Income Common Stockholders": NaN,
        "Otherunder Preferred Stock Dividend": NaN,
        "Net Income": NaN,
        "Net Income Including Noncontrolling Interests": NaN,
        "Net Income Continuous Operations": NaN,
        "Tax Provision": NaN,
        "Pretax Income": NaN,
        "Other Income Expense": NaN,
        "Other Non Operating Income Expenses": NaN,
        "Special Income Charges": NaN,
        "Gain On Sale Of Business": 0.0,
        "Other Special Charges": NaN,
        "Restructuring And Mergern Acquisition": NaN,
        "Earnings From Equity Interest": NaN,
        "Net Non Operating Interest Income Expense": NaN,
        "Interest Expense Non Operating": NaN,
        "Interest Income Non Operating": NaN,
        "Operating Income": NaN,
        "Operating Expense": NaN,
        "Depreciation Amortization Depletion Income Statement": NaN,
        "Depreciation And Amortization In Income Statement": NaN,
        "Selling General And Administration": NaN,
        "Gross Profit": NaN,
        "Cost Of Revenue": NaN,
        "Total Revenue": NaN,
        "Operating Revenue": NaN
    },
    "2023-12-31": {
        "Tax Effect Of Unusual Items": NaN,
        "Tax Rate For Calcs": NaN,
        "Normalized EBITDA": NaN,
        "Total Unusual Items": NaN,
        "Total Unusual Items Excluding Goodwill": NaN,
        "Net Income From Continuing Operation Net Minority Interest": NaN,
        "Reconciled Depreciation": NaN,
        "Reconciled Cost Of Revenue": NaN,
        "EBITDA": NaN,
        "EBIT": NaN,
        "Net Interest Income": NaN,
        "Interest Expense": NaN,
        "Interest Income": NaN,
        "Normalized Income": NaN,
        "Net Income From Continuing And Discontinued Operation": NaN,
        "Total Expenses": NaN,
        "Total Operating Income As Reported": NaN,
        "Diluted Average Shares": NaN,
        "Basic Average Shares": NaN,
        "Diluted EPS": NaN,
        "Basic EPS": NaN,
        "Diluted NI Availto Com Stockholders": NaN,
        "Net Income Common Stockholders": NaN,
        "Otherunder Preferred Stock Dividend": NaN,
        "Net Income": NaN,
        "Net Income Including Noncontrolling Interests": NaN,
        "Net Income Continuous Operations": NaN,
        "Tax Provision": NaN,
        "Pretax Income": NaN,
        "Other Income Expense": NaN,
        "Other Non Operating Income Expenses": NaN,
        "Special Income Charges": NaN,
        "Gain On Sale Of Business": 0.0,
        "Other Special Charges": NaN,
        "Restructuring And Mergern Acquisition": NaN,
        "Earnings From Equity Interest": NaN,
        "Net Non Operating Interest Income Expense": NaN,
        "Interest Expense Non Operating": NaN,
        "Interest Income Non Operating": NaN,
        "Operating Income": NaN,
        "Operating Expense": NaN,
        "Depreciation Amortization Depletion Income Statement": NaN,
        "Depreciation And Amortization In Income Statement": NaN,
        "Selling General And Administration": NaN,
        "Gross Profit": NaN,
        "Cost Of Revenue": NaN,
        "Total Revenue": NaN,
        "Operating Revenue": NaN
    },
    "2024-03-31": {
        "Tax Effect Of Unusual Items": -3628276.0,
        "Tax Rate For Calcs": 0.229,
        "Normalized EBITDA": 94196000.0,
        "Total Unusual Items": -15844000.0,
        "Total Unusual Items Excluding Goodwill": -15844000.0,
        "Net Income From Continuing Operation Net Minority Interest": 31009000.0,
        "Reconciled Depreciation": 17963000.0,
        "Reconciled Cost Of Revenue": 165724000.0,
        "EBITDA": 78352000.0,
        "EBIT": 60389000.0,
        "Net Interest Income": -18450000.0,
        "Interest Expense": 20181000.0,
        "Interest Income": 1731000.0,
        "Normalized Income": 43224724.0,
        "Net Income From Continuing And Discontinued Operation": 31009000.0,
        "Total Expenses": 255956000.0,
        "Total Operating Income As Reported": 60149000.0,
        "Diluted Average Shares": 49640000.0,
        "Basic Average Shares": 49302000.0,
        "Diluted EPS": 0.62,
        "Basic EPS": 0.63,
        "Diluted NI Availto Com Stockholders": 30851000.0,
        "Net Income Common Stockholders": 30851000.0,
        "Otherunder Preferred Stock Dividend": 158000.0,
        "Net Income": 31009000.0,
        "Net Income Including Noncontrolling Interests": 31009000.0,
        "Net Income Continuous Operations": 31009000.0,
        "Tax Provision": 9199000.0,
        "Pretax Income": 40208000.0,
        "Other Income Expense": -17335000.0,
        "Other Non Operating Income Expenses": -1336000.0,
        "Special Income Charges": -15844000.0,
        "Gain On Sale Of Business": NaN,
        "Other Special Charges": NaN,
        "Restructuring And Mergern Acquisition": 15844000.0,
        "Earnings From Equity Interest": -155000.0,
        "Net Non Operating Interest Income Expense": -18450000.0,
        "Interest Expense Non Operating": 20181000.0,
        "Interest Income Non Operating": 1731000.0,
        "Operating Income": 75993000.0,
        "Operating Expense": 85084000.0,
        "Depreciation Amortization Depletion Income Statement": 12815000.0,
        "Depreciation And Amortization In Income Statement": 12815000.0,
        "Selling General And Administration": 72269000.0,
        "Gross Profit": 161077000.0,
        "Cost Of Revenue": 170872000.0,
        "Total Revenue": 331949000.0,
        "Operating Revenue": 317232000.0
    },
    "2024-06-30": {
        "Tax Effect Of Unusual Items": -226435.0,
        "Tax Rate For Calcs": 0.253,
        "Normalized EBITDA": 158917000.0,
        "Total Unusual Items": -895000.0,
        "Total Unusual Items Excluding Goodwill": -895000.0,
        "Net Income From Continuing Operation Net Minority Interest": 87136000.0,
        "Reconciled Depreciation": 17596000.0,
        "Reconciled Cost Of Revenue": 195314000.0,
        "EBITDA": 158022000.0,
        "EBIT": 140426000.0,
        "Net Interest Income": -21430000.0,
        "Interest Expense": 23845000.0,
        "Interest Income": 2415000.0,
        "Normalized Income": 87804565.0,
        "Net Income From Continuing And Discontinued Operation": 87136000.0,
        "Total Expenses": 301639000.0,
        "Total Operating Income As Reported": 132622000.0,
        "Diluted Average Shares": 48408889.0,
        "Basic Average Shares": 47876923.0,
        "Diluted EPS": 1.8,
        "Basic EPS": 1.82,
        "Diluted NI Availto Com Stockholders": 86699000.0,
        "Net Income Common Stockholders": 86699000.0,
        "Otherunder Preferred Stock Dividend": 437000.0,
        "Net Income": 87136000.0,
        "Net Income Including Noncontrolling Interests": 87136000.0,
        "Net Income Continuous Operations": 87136000.0,
        "Tax Provision": 29445000.0,
        "Pretax Income": 116581000.0,
        "Other Income Expense": 4494000.0,
        "Other Non Operating Income Expenses": -2544000.0,
        "Special Income Charges": -895000.0,
        "Other Special Charges": NaN,
        "Restructuring And Mergern Acquisition": 895000.0,
        "Earnings From Equity Interest": 7933000.0,
        "Net Non Operating Interest Income Expense": -21430000.0,
        "Interest Expense Non Operating": 23845000.0,
        "Interest Income Non Operating": 2415000.0,
        "Operating Income": 133517000.0,
        "Operating Expense": 101566000.0,
        "Depreciation Amortization Depletion Income Statement": 12837000.0,
        "Depreciation And Amortization In Income Statement": 12837000.0,
        "Selling General And Administration": 88729000.0,
        "Gross Profit": 235083000.0,
        "Cost Of Revenue": 200073000.0,
        "Total Revenue": 435156000.0,
        "Operating Revenue": 411849000.0
    },
    "2024-09-30": {
        "Tax Effect Of Unusual Items": -301135.0,
        "Tax Rate For Calcs": 0.229,
        "Normalized EBITDA": 177801000.0,
        "Total Unusual Items": -1315000.0,
        "Total Unusual Items Excluding Goodwill": -1315000.0,
        "Net Income From Continuing Operation Net Minority Interest": 105716000.0,
        "Reconciled Depreciation": 17300000.0,
        "Reconciled Cost Of Revenue": 188875000.0,
        "EBITDA": 176486000.0,
        "EBIT": 159186000.0,
        "Net Interest Income": -19627000.0,
        "Interest Expense": 22038000.0,
        "Interest Income": 2411000.0,
        "Normalized Income": 106729865.0,
        "Net Income From Continuing And Discontinued Operation": 105716000.0,
        "Total Expenses": 275197000.0,
        "Total Operating Income As Reported": 151783000.0,
        "Diluted Average Shares": 47619820.0,
        "Basic Average Shares": 47194643.0,
        "Diluted EPS": 2.22,
        "Basic EPS": 2.24,
        "Diluted NI Availto Com Stockholders": 105176000.0,
        "Net Income Common Stockholders": 105176000.0,
        "Otherunder Preferred Stock Dividend": 540000.0,
        "Net Income": 105716000.0,
        "Net Income Including Noncontrolling Interests": 105716000.0,
        "Net Income Continuous Operations": 105716000.0,
        "Tax Provision": 31432000.0,
        "Pretax Income": 137148000.0,
        "Other Income Expense": 4008000.0,
        "Other Non Operating Income Expenses": 4013000.0,
        "Special Income Charges": -1315000.0,
        "Gain On Sale Of Ppe": NaN,
        "Other Special Charges": 331000.0,
        "Restructuring And Mergern Acquisition": 984000.0,
        "Earnings From Equity Interest": 1310000.0,
        "Net Non Operating Interest Income Expense": -19627000.0,
        "Interest Expense Non Operating": 22038000.0,
        "Interest Income Non Operating": 2411000.0,
        "Operating Income": 152767000.0,
        "Operating Expense": 81915000.0,
        "Depreciation Amortization Depletion Income Statement": 12893000.0,
        "Depreciation And Amortization In Income Statement": 12893000.0,
        "Selling General And Administration": 69022000.0,
        "Gross Profit": 234682000.0,
        "Cost Of Revenue": 193282000.0,
        "Total Revenue": 427964000.0,
        "Operating Revenue": 416317000.0
    },
    "2024-12-31": {
        "Tax Effect Of Unusual Items": 124798.049318,
        "Tax Rate For Calcs": 0.25469,
        "Normalized EBITDA": 140286000.0,
        "Total Unusual Items": 490000.0,
        "Total Unusual Items Excluding Goodwill": 490000.0,
        "Net Income From Continuing Operation Net Minority Interest": 75804000.0,
        "Reconciled Depreciation": 18001000.0,
        "Reconciled Cost Of Revenue": 195859000.0,
        "EBITDA": 140776000.0,
        "EBIT": 122775000.0,
        "Net Interest Income": -18978000.0,
        "Interest Expense": 21067000.0,
        "Interest Income": 2089000.0,
        "Normalized Income": 75438798.049318,
        "Net Income From Continuing And Discontinued Operation": 75804000.0,
        "Total Expenses": 271041000.0,
        "Total Operating Income As Reported": 119219000.0,
        "Diluted Average Shares": 47675472.0,
        "Basic Average Shares": 46792593.0,
        "Diluted EPS": 1.59,
        "Basic EPS": 1.62,
        "Diluted NI Availto Com Stockholders": 75418000.0,
        "Net Income Common Stockholders": 75418000.0,
        "Otherunder Preferred Stock Dividend": 386000.0,
        "Net Income": 75804000.0,
        "Net Income Including Noncontrolling Interests": 75804000.0,
        "Net Income Continuous Operations": 75804000.0,
        "Tax Provision": 25904000.0,
        "Pretax Income": 101708000.0,
        "Other Income Expense": 1957000.0,
        "Other Non Operating Income Expenses": -1774000.0,
        "Special Income Charges": 490000.0,
        "Gain On Sale Of Ppe": NaN,
        "Other Special Charges": 0.0,
        "Restructuring And Mergern Acquisition": -490000.0,
        "Earnings From Equity Interest": 3241000.0,
        "Net Non Operating Interest Income Expense": -18978000.0,
        "Interest Expense Non Operating": 21067000.0,
        "Interest Income Non Operating": 2089000.0,
        "Operating Income": 118729000.0,
        "Operating Expense": 67840000.0,
        "Depreciation Amortization Depletion Income Statement": 10659000.0,
        "Depreciation And Amortization In Income Statement": 10659000.0,
        "Selling General And Administration": 57181000.0,
        "Gross Profit": 186569000.0,
        "Cost Of Revenue": 203201000.0,
        "Total Revenue": 389770000.0,
        "Operating Revenue": 373218000.0
    },
    "2025-03-31": {
        "Tax Effect Of Unusual Items": -25245.0,
        "Tax Rate For Calcs": 0.255,
        "Normalized EBITDA": 99738000.0,
        "Total Unusual Items": -99000.0,
        "Total Unusual Items Excluding Goodwill": -99000.0,
        "Net Income From Continuing Operation Net Minority Interest": 44534000.0,
        "Reconciled Depreciation": 18635000.0,
        "Reconciled Cost Of Revenue": 159984000.0,
        "EBITDA": 99639000.0,
        "EBIT": 81004000.0,
        "Net Interest Income": -19683000.0,
        "Interest Expense": 21242000.0,
        "Interest Income": 1559000.0,
        "Normalized Income": 44607755.0,
        "Net Income From Continuing And Discontinued Operation": 44534000.0,
        "Total Expenses": 252829000.0,
        "Total Operating Income As Reported": 79932000.0,
        "Diluted Average Shares": 47123000.0,
        "Basic Average Shares": 46494000.0,
        "Diluted EPS": 0.94,
        "Basic EPS": 0.95,
        "Diluted NI Availto Com Stockholders": 44315000.0,
        "Net Income Common Stockholders": 44315000.0,
        "Otherunder Preferred Stock Dividend": 219000.0,
        "Net Income": 44534000.0,
        "Net Income Including Noncontrolling Interests": 44534000.0,
        "Net Income Continuous Operations": 44534000.0,
        "Tax Provision": 15228000.0,
        "Pretax Income": 59762000.0,
        "Other Income Expense": -586000.0,
        "Other Non Operating Income Expenses": -436000.0,
        "Special Income Charges": -99000.0,
        "Gain On Sale Of Ppe": NaN,
        "Other Special Charges": NaN,
        "Restructuring And Mergern Acquisition": 99000.0,
        "Earnings From Equity Interest": -51000.0,
        "Net Non Operating Interest Income Expense": -19683000.0,
        "Interest Expense Non Operating": 21242000.0,
        "Interest Income Non Operating": 1559000.0,
        "Operating Income": 80031000.0,
        "Operating Expense": 87958000.0,
        "Depreciation Amortization Depletion Income Statement": 13748000.0,
        "Depreciation And Amortization In Income Statement": 13748000.0,
        "Selling General And Administration": 74210000.0,
        "Gross Profit": 167989000.0,
        "Cost Of Revenue": 164871000.0,
        "Total Revenue": 332860000.0,
        "Operating Revenue": 321733000.0
    },
    "2025-06-30": {
        "Tax Effect Of Unusual Items": -85709.0,
        "Tax Rate For Calcs": 0.247,
        "Normalized EBITDA": 149657000.0,
        "Total Unusual Items": -347000.0,
        "Total Unusual Items Excluding Goodwill": -347000.0,
        "Net Income From Continuing Operation Net Minority Interest": 81734000.0,
        "Reconciled Depreciation": 17963000.0,
        "Reconciled Cost Of Revenue": 194238000.0,
        "EBITDA": 149310000.0,
        "EBIT": 131347000.0,
        "Net Interest Income": -21280000.0,
        "Interest Expense": 22736000.0,
        "Interest Income": 1456000.0,
        "Normalized Income": 81995291.0,
        "Net Income From Continuing And Discontinued Operation": 81734000.0,
        "Total Expenses": 301499000.0,
        "Total Operating Income As Reported": 124597000.0,
        "Diluted Average Shares": 46705143.0,
        "Basic Average Shares": 46439773.0,
        "Diluted EPS": 1.75,
        "Basic EPS": 1.76,
        "Diluted NI Availto Com Stockholders": 81342000.0,
        "Net Income Common Stockholders": 81342000.0,
        "Otherunder Preferred Stock Dividend": 392000.0,
        "Net Income": 81734000.0,
        "Net Income Including Noncontrolling Interests": 81734000.0,
        "Net Income Continuous Operations": 81734000.0,
        "Tax Provision": 26877000.0,
        "Pretax Income": 108611000.0,
        "Other Income Expense": 4947000.0,
        "Other Non Operating Income Expenses": 5374000.0,
        "Special Income Charges": -347000.0,
        "Gain On Sale Of Ppe": NaN,
        "Other Special Charges": NaN,
        "Restructuring And Mergern Acquisition": 347000.0,
        "Earnings From Equity Interest": -80000.0,
        "Net Non Operating Interest Income Expense": -21280000.0,
        "Interest Expense Non Operating": 22736000.0,
        "Interest Income Non Operating": 1456000.0,
        "Operating Income": 124944000.0,
        "Operating Expense": 102722000.0,
        "Depreciation Amortization Depletion Income Statement": 13424000.0,
        "Depreciation And Amortization In Income Statement": 13424000.0,
        "Selling General And Administration": 89298000.0,
        "Gross Profit": 227666000.0,
        "Cost Of Revenue": 198777000.0,
        "Total Revenue": 426443000.0,
        "Operating Revenue": 401727000.0
    },
    "2025-09-30": {
        "Tax Effect Of Unusual Items": 14588868.0,
        "Tax Rate For Calcs": 0.147,
        "Normalized EBITDA": 155791000.0,
        "Total Unusual Items": 99244000.0,
        "Total Unusual Items Excluding Goodwill": 99244000.0,
        "Net Income From Continuing Operation Net Minority Interest": 179996000.0,
        "Reconciled Depreciation": 20629000.0,
        "Reconciled Cost Of Revenue": 203191000.0,
        "EBITDA": 255035000.0,
        "EBIT": 234406000.0,
        "Net Interest Income": -22055000.0,
        "Interest Expense": 23490000.0,
        "Interest Income": 1435000.0,
        "Normalized Income": 95340868.0,
        "Net Income From Continuing And Discontinued Operation": 179996000.0,
        "Total Expenses": 303430000.0,
        "Total Operating Income As Reported": 142416000.0,
        "Diluted Average Shares": 46631088.0,
        "Basic Average Shares": 46271465.0,
        "Diluted EPS": 3.86,
        "Basic EPS": 3.89,
        "Diluted NI Availto Com Stockholders": 179139000.0,
        "Net Income Common Stockholders": 179139000.0,
        "Otherunder Preferred Stock Dividend": 857000.0,
        "Net Income": 179996000.0,
        "Net Income Including Noncontrolling Interests": 179996000.0,
        "Net Income Continuous Operations": 179996000.0,
        "Tax Provision": 30920000.0,
        "Pretax Income": 210916000.0,
        "Other Income Expense": 89061000.0,
        "Other Non Operating Income Expenses": 721000.0,
        "Special Income Charges": 99244000.0,
        "Gain On Sale Of Ppe": 713000.0,
        "Other Special Charges": NaN,
        "Restructuring And Mergern Acquisition": -98531000.0,
        "Earnings From Equity Interest": -10904000.0,
        "Net Non Operating Interest Income Expense": -22055000.0,
        "Interest Expense Non Operating": 23490000.0,
        "Interest Income Non Operating": 1435000.0,
        "Operating Income": 143910000.0,
        "Operating Expense": 95370000.0,
        "Depreciation Amortization Depletion Income Statement": 15760000.0,
        "Depreciation And Amortization In Income Statement": 15760000.0,
        "Selling General And Administration": 79610000.0,
        "Gross Profit": 239280000.0,
        "Cost Of Revenue": 208060000.0,
        "Total Revenue": 447340000.0,
        "Operating Revenue": 425246000.0
    }
}