{
    "2023-06-30": {
        "Tax Effect Of Unusual Items": NaN,
        "Tax Rate For Calcs": NaN,
        "Total Unusual Items": NaN,
        "Total Unusual Items Excluding Goodwill": NaN,
        "Net Income From Continuing Operation Net Minority Interest": NaN,
        "Reconciled Depreciation": NaN,
        "Net Interest Income": NaN,
        "Interest Expense": NaN,
        "Interest Income": NaN,
        "Normalized Income": NaN,
        "Net Income From Continuing And Discontinued Operation": NaN,
        "Diluted Average Shares": NaN,
        "Basic Average Shares": NaN,
        "Diluted EPS": NaN,
        "Basic EPS": NaN,
        "Diluted NI Availto Com Stockholders": NaN,
        "Net Income Common Stockholders": NaN,
        "Net Income": NaN,
        "Net Income Including Noncontrolling Interests": NaN,
        "Net Income Continuous Operations": NaN,
        "Tax Provision": NaN,
        "Pretax Income": NaN,
        "Gain On Sale Of Security": NaN,
        "Depreciation Amortization Depletion Income Statement": 0.0,
        "Depreciation And Amortization In Income Statement": 0.0,
        "Amortization": 0.0,
        "Amortization Of Intangibles Income Statement": 0.0,
        "Selling General And Administration": NaN,
        "Selling And Marketing Expense": NaN,
        "General And Administrative Expense": NaN,
        "Insurance And Claims": NaN,
        "Salaries And Wages": NaN,
        "Total Revenue": NaN,
        "Operating Revenue": NaN,
        "Occupancy And Equipment": NaN,
        "Professional Expense And Contract Services Expense": NaN,
        "Other Non Interest Expense": NaN
    },
    "2023-03-31": {
        "Tax Effect Of Unusual Items": NaN,
        "Tax Rate For Calcs": NaN,
        "Total Unusual Items": NaN,
        "Total Unusual Items Excluding Goodwill": NaN,
        "Net Income From Continuing Operation Net Minority Interest": NaN,
        "Reconciled Depreciation": NaN,
        "Net Interest Income": NaN,
        "Interest Expense": NaN,
        "Interest Income": NaN,
        "Normalized Income": NaN,
        "Net Income From Continuing And Discontinued Operation": NaN,
        "Diluted Average Shares": NaN,
        "Basic Average Shares": NaN,
        "Diluted EPS": NaN,
        "Basic EPS": NaN,
        "Diluted NI Availto Com Stockholders": NaN,
        "Net Income Common Stockholders": NaN,
        "Net Income": NaN,
        "Net Income Including Noncontrolling Interests": NaN,
        "Net Income Continuous Operations": NaN,
        "Tax Provision": NaN,
        "Pretax Income": NaN,
        "Special Income Charges": 0.0,
        "Restructuring And Mergern Acquisition": 0.0,
        "Gain On Sale Of Security": NaN,
        "Depreciation Amortization Depletion Income Statement": 0.0,
        "Depreciation And Amortization In Income Statement": 0.0,
        "Amortization": 0.0,
        "Amortization Of Intangibles Income Statement": 0.0,
        "Selling General And Administration": NaN,
        "Selling And Marketing Expense": NaN,
        "General And Administrative Expense": NaN,
        "Insurance And Claims": NaN,
        "Salaries And Wages": NaN,
        "Total Revenue": NaN,
        "Operating Revenue": NaN,
        "Occupancy And Equipment": NaN,
        "Professional Expense And Contract Services Expense": NaN,
        "Other Non Interest Expense": NaN
    },
    "2022-12-31": {
        "Tax Effect Of Unusual Items": NaN,
        "Tax Rate For Calcs": NaN,
        "Total Unusual Items": NaN,
        "Total Unusual Items Excluding Goodwill": NaN,
        "Net Income From Continuing Operation Net Minority Interest": NaN,
        "Reconciled Depreciation": NaN,
        "Net Interest Income": NaN,
        "Interest Expense": NaN,
        "Interest Income": NaN,
        "Normalized Income": NaN,
        "Net Income From Continuing And Discontinued Operation": NaN,
        "Diluted Average Shares": NaN,
        "Basic Average Shares": NaN,
        "Diluted EPS": NaN,
        "Basic EPS": NaN,
        "Diluted NI Availto Com Stockholders": NaN,
        "Net Income Common Stockholders": NaN,
        "Net Income": NaN,
        "Net Income Including Noncontrolling Interests": NaN,
        "Net Income Continuous Operations": NaN,
        "Tax Provision": NaN,
        "Pretax Income": NaN,
        "Special Income Charges": NaN,
        "Restructuring And Mergern Acquisition": NaN,
        "Gain On Sale Of Security": NaN,
        "Depreciation Amortization Depletion Income Statement": 0.0,
        "Depreciation And Amortization In Income Statement": 0.0,
        "Amortization": 0.0,
        "Amortization Of Intangibles Income Statement": 0.0,
        "Selling General And Administration": NaN,
        "Selling And Marketing Expense": NaN,
        "General And Administrative Expense": NaN,
        "Insurance And Claims": NaN,
        "Salaries And Wages": NaN,
        "Total Revenue": NaN,
        "Operating Revenue": NaN,
        "Occupancy And Equipment": NaN,
        "Professional Expense And Contract Services Expense": NaN,
        "Other Non Interest Expense": NaN
    },
    "2022-09-30": {
        "Tax Effect Of Unusual Items": 4664.0,
        "Tax Rate For Calcs": 0.212,
        "Total Unusual Items": 22000.0,
        "Total Unusual Items Excluding Goodwill": 22000.0,
        "Net Income From Continuing Operation Net Minority Interest": 6453000.0,
        "Reconciled Depreciation": 0.0,
        "Net Interest Income": 18990000.0,
        "Interest Expense": 2009000.0,
        "Interest Income": 20999000.0,
        "Normalized Income": 6435664.0,
        "Net Income From Continuing And Discontinued Operation": 6453000.0,
        "Diluted Average Shares": 4692000.0,
        "Basic Average Shares": 4692000.0,
        "Diluted EPS": 1.37,
        "Basic EPS": 1.37,
        "Diluted NI Availto Com Stockholders": 6453000.0,
        "Net Income Common Stockholders": 6453000.0,
        "Net Income": 6453000.0,
        "Net Income Including Noncontrolling Interests": 6453000.0,
        "Net Income Continuous Operations": 6453000.0,
        "Tax Provision": 1741000.0,
        "Pretax Income": 8194000.0,
        "Special Income Charges": NaN,
        "Restructuring And Mergern Acquisition": NaN,
        "Gain On Sale Of Security": -93000.0,
        "Depreciation Amortization Depletion Income Statement": 0.0,
        "Depreciation And Amortization In Income Statement": 0.0,
        "Amortization": 0.0,
        "Amortization Of Intangibles Income Statement": 0.0,
        "Selling General And Administration": 9229000.0,
        "Selling And Marketing Expense": 266000.0,
        "General And Administrative Expense": 8963000.0,
        "Other Gand A": 2087000.0,
        "Insurance And Claims": 389000.0,
        "Salaries And Wages": 8574000.0,
        "Total Revenue": 24090000.0,
        "Operating Revenue": 24090000.0
    },
    "2022-06-30": {
        "Tax Effect Of Unusual Items": 10396.0,
        "Tax Rate For Calcs": 0.226,
        "Total Unusual Items": 46000.0,
        "Total Unusual Items Excluding Goodwill": 46000.0,
        "Net Income From Continuing Operation Net Minority Interest": 8024000.0,
        "Reconciled Depreciation": 4000.0,
        "Net Interest Income": 17641000.0,
        "Interest Expense": 897000.0,
        "Interest Income": 18538000.0,
        "Normalized Income": 7988396.0,
        "Net Income From Continuing And Discontinued Operation": 8024000.0,
        "Diluted Average Shares": 4690000.0,
        "Basic Average Shares": 4690000.0,
        "Diluted EPS": 1.72,
        "Basic EPS": 1.72,
        "Diluted NI Availto Com Stockholders": 8024000.0,
        "Net Income Common Stockholders": 8024000.0,
        "Net Income": 8024000.0,
        "Net Income Including Noncontrolling Interests": 8024000.0,
        "Net Income Continuous Operations": 8024000.0,
        "Tax Provision": 2338000.0,
        "Pretax Income": 10362000.0,
        "Special Income Charges": NaN,
        "Restructuring And Mergern Acquisition": NaN,
        "Gain On Sale Of Security": -242000.0,
        "Depreciation Amortization Depletion Income Statement": 4000.0,
        "Depreciation And Amortization In Income Statement": 4000.0,
        "Amortization": 4000.0,
        "Amortization Of Intangibles Income Statement": 4000.0,
        "Selling General And Administration": 8461000.0,
        "Selling And Marketing Expense": 184000.0,
        "General And Administrative Expense": 8277000.0,
        "Other Gand A": 2468000.0,
        "Insurance And Claims": 284000.0,
        "Salaries And Wages": 7993000.0,
        "Total Revenue": 22784000.0,
        "Operating Revenue": 22784000.0
    },
    "2022-03-31": {
        "Diluted EPS": 1.46,
        "Total Revenue": 23,
        "Gross Profit": 22,
        "Operating Income": 9,
        "EBIT": NaN,
        "Net Income": 7
    },
    "2021-12-31": {
        "Diluted EPS": 1.38,
        "Total Revenue": 23,
        "Gross Profit": 23,
        "Operating Income": 8,
        "EBIT": NaN,
        "Net Income": 6
    },
    "2021-09-30": {
        "Diluted EPS": 1.42,
        "Total Revenue": 24,
        "Gross Profit": 23,
        "Operating Income": 8,
        "EBIT": NaN,
        "Net Income": 7
    },
    "2021-06-30": {
        "Diluted EPS": 1.45,
        "Total Revenue": 23,
        "Gross Profit": 23,
        "Operating Income": 9,
        "EBIT": NaN,
        "Net Income": 7
    },
    "2021-03-31": {
        "Diluted EPS": 1.39,
        "Total Revenue": 22,
        "Gross Profit": 21,
        "Operating Income": 8,
        "EBIT": NaN,
        "Net Income": 7
    },
    "2020-12-31": {
        "Diluted EPS": 1.11,
        "Total Revenue": 23,
        "Gross Profit": 22,
        "Operating Income": 7,
        "EBIT": NaN,
        "Net Income": 5
    },
    "2020-09-30": {
        "Diluted EPS": 1.19,
        "Total Revenue": 22,
        "Gross Profit": 21,
        "Operating Income": 7,
        "EBIT": NaN,
        "Net Income": 6
    },
    "2020-06-30": {
        "Diluted EPS": 1.2,
        "Total Revenue": 22,
        "Gross Profit": 21,
        "Operating Income": 7,
        "EBIT": NaN,
        "Net Income": 6
    },
    "2020-03-31": {
        "Diluted EPS": 0.51,
        "Total Revenue": 21,
        "Gross Profit": 20,
        "Operating Income": 3,
        "EBIT": NaN,
        "Net Income": 2
    },
    "2019-12-31": {
        "Diluted EPS": 0.87,
        "Total Revenue": 22,
        "Gross Profit": 20,
        "Operating Income": 5,
        "EBIT": NaN,
        "Net Income": 4
    },
    "2019-09-30": {
        "Diluted EPS": 0.4,
        "Total Revenue": 22,
        "Gross Profit": 20,
        "Operating Income": 2,
        "EBIT": NaN,
        "Net Income": 2
    },
    "2019-06-30": {
        "Diluted EPS": 1.02,
        "Total Revenue": 22,
        "Gross Profit": 20,
        "Operating Income": 6,
        "EBIT": NaN,
        "Net Income": 5
    },
    "2019-03-31": {
        "Diluted EPS": 0.92,
        "Total Revenue": 22,
        "Gross Profit": 20,
        "Operating Income": 6,
        "EBIT": NaN,
        "Net Income": 4
    },
    "2018-12-31": {
        "Diluted EPS": 1.19,
        "Total Revenue": 22,
        "Gross Profit": 20,
        "Operating Income": 6,
        "EBIT": NaN,
        "Net Income": 6
    },
    "2018-09-30": {
        "Diluted EPS": 1.43,
        "Total Revenue": 24,
        "Gross Profit": 22,
        "Operating Income": 9,
        "EBIT": NaN,
        "Net Income": 7
    },
    "2018-06-30": {
        "Diluted EPS": 0.52,
        "Total Revenue": 21,
        "Gross Profit": 20,
        "Operating Income": 3,
        "EBIT": NaN,
        "Net Income": 3
    },
    "2018-03-31": {
        "Diluted EPS": 0.92,
        "Total Revenue": 21,
        "Gross Profit": 20,
        "Operating Income": 6,
        "EBIT": NaN,
        "Net Income": 4
    },
    "2017-12-31": {
        "Diluted EPS": -0.45,
        "Total Revenue": 21,
        "Gross Profit": 20,
        "Operating Income": 1,
        "EBIT": NaN,
        "Net Income": -2
    },
    "2017-09-30": {
        "Diluted EPS": 0.76,
        "Total Revenue": 21,
        "Gross Profit": 20,
        "Operating Income": 5,
        "EBIT": NaN,
        "Net Income": 4
    },
    "2017-06-30": {
        "Diluted EPS": 0.62,
        "Total Revenue": 20,
        "Gross Profit": 19,
        "Operating Income": 4,
        "EBIT": NaN,
        "Net Income": 3
    },
    "2017-03-31": {
        "Diluted EPS": 0.62,
        "Total Revenue": 19,
        "Gross Profit": 18,
        "Operating Income": 4,
        "EBIT": NaN,
        "Net Income": 3
    },
    "2016-12-31": {
        "Diluted EPS": 0.62,
        "Total Revenue": 19,
        "Gross Profit": 18,
        "Operating Income": 4,
        "EBIT": NaN,
        "Net Income": 3
    },
    "2016-09-30": {
        "Diluted EPS": 0.58,
        "Total Revenue": 19,
        "Gross Profit": 18,
        "Operating Income": 4,
        "EBIT": NaN,
        "Net Income": 3
    },
    "2016-06-30": {
        "Diluted EPS": 0.34,
        "Total Revenue": 19,
        "Gross Profit": 18,
        "Operating Income": 2,
        "EBIT": NaN,
        "Net Income": 2
    },
    "2016-03-31": {
        "Diluted EPS": 0.57,
        "Total Revenue": 20,
        "Gross Profit": 19,
        "Operating Income": 4,
        "EBIT": NaN,
        "Net Income": 3
    },
    "2015-12-31": {
        "Diluted EPS": 0.45,
        "Total Revenue": 19,
        "Gross Profit": 18,
        "Operating Income": 3,
        "EBIT": NaN,
        "Net Income": 2
    },
    "2015-09-30": {
        "Diluted EPS": 0.52,
        "Total Revenue": 19,
        "Gross Profit": 18,
        "Operating Income": 4,
        "EBIT": NaN,
        "Net Income": 2
    },
    "2015-06-30": {
        "Diluted EPS": 0.55,
        "Total Revenue": 19,
        "Gross Profit": 18,
        "Operating Income": 4,
        "EBIT": NaN,
        "Net Income": 3
    },
    "2015-03-31": {
        "Diluted EPS": 0.48,
        "Total Revenue": 18,
        "Gross Profit": 18,
        "Operating Income": 3,
        "EBIT": NaN,
        "Net Income": 2
    },
    "2014-12-31": {
        "Diluted EPS": 0.96,
        "Total Revenue": 25,
        "Gross Profit": 24,
        "Operating Income": 7,
        "EBIT": NaN,
        "Net Income": 4
    },
    "2014-09-30": {
        "Diluted EPS": -0.07,
        "Total Revenue": 18,
        "Gross Profit": 17,
        "Operating Income": -1,
        "EBIT": NaN,
        "Net Income": 0
    },
    "2014-06-30": {
        "Diluted EPS": 0.41,
        "Total Revenue": 18,
        "Gross Profit": 17,
        "Operating Income": 3,
        "EBIT": NaN,
        "Net Income": 2
    },
    "2014-03-31": {
        "Diluted EPS": 0.44,
        "Total Revenue": 18,
        "Gross Profit": 17,
        "Operating Income": 3,
        "EBIT": NaN,
        "Net Income": 2
    },
    "2013-12-31": {
        "Diluted EPS": 0.31,
        "Total Revenue": 18,
        "Gross Profit": 17,
        "Operating Income": 3,
        "EBIT": NaN,
        "Net Income": 1
    },
    "2013-09-30": {
        "Diluted EPS": 0.47,
        "Total Revenue": 17,
        "Gross Profit": 16,
        "Operating Income": 3,
        "EBIT": NaN,
        "Net Income": 2
    },
    "2013-06-30": {
        "Diluted EPS": 0.57,
        "Total Revenue": 17,
        "Gross Profit": 16,
        "Operating Income": 4,
        "EBIT": NaN,
        "Net Income": 3
    },
    "2013-03-31": {
        "Diluted EPS": 0.52,
        "Total Revenue": 17,
        "Gross Profit": 16,
        "Operating Income": 4,
        "EBIT": NaN,
        "Net Income": 2
    },
    "2012-12-31": {
        "Diluted EPS": -0.32,
        "Total Revenue": -1,
        "Gross Profit": -1,
        "Operating Income": -2,
        "EBIT": NaN,
        "Net Income": -1
    },
    "2012-09-30": {
        "Diluted EPS": 0.61,
        "Total Revenue": 17,
        "Gross Profit": 16,
        "Operating Income": 4,
        "EBIT": NaN,
        "Net Income": 3
    },
    "2012-06-30": {
        "Diluted EPS": 1.31,
        "Total Revenue": 35,
        "Gross Profit": 32,
        "Operating Income": 9,
        "EBIT": NaN,
        "Net Income": 6
    },
    "2012-03-31": {
        "Diluted EPS": 0.78,
        "Total Revenue": 18,
        "Gross Profit": 17,
        "Operating Income": 6,
        "EBIT": NaN,
        "Net Income": 4
    },
    "2011-12-31": {
        "Diluted EPS": 0.64,
        "Total Revenue": 18,
        "Gross Profit": 16,
        "Operating Income": 3,
        "EBIT": NaN,
        "Net Income": 3
    },
    "2011-09-30": {
        "Diluted EPS": 0.71,
        "Total Revenue": 18,
        "Gross Profit": 16,
        "Operating Income": 5,
        "EBIT": NaN,
        "Net Income": 3
    },
    "2011-06-30": {
        "Diluted EPS": 0.57,
        "Total Revenue": 18,
        "Gross Profit": 16,
        "Operating Income": 5,
        "EBIT": NaN,
        "Net Income": 3
    },
    "2011-03-31": {
        "Diluted EPS": 0.46,
        "Total Revenue": 15,
        "Gross Profit": 13,
        "Operating Income": 3,
        "EBIT": NaN,
        "Net Income": 2
    },
    "2010-12-31": {
        "Diluted EPS": 0.0,
        "Total Revenue": NaN,
        "Gross Profit": NaN,
        "Operating Income": NaN,
        "EBIT": NaN,
        "Net Income": NaN
    },
    "2023-09-30": {
        "Tax Effect Of Unusual Items": NaN,
        "Tax Rate For Calcs": NaN,
        "Total Unusual Items": NaN,
        "Total Unusual Items Excluding Goodwill": NaN,
        "Net Income From Continuing Operation Net Minority Interest": NaN,
        "Reconciled Depreciation": NaN,
        "Net Interest Income": NaN,
        "Interest Expense": NaN,
        "Interest Income": NaN,
        "Normalized Income": NaN,
        "Net Income From Continuing And Discontinued Operation": NaN,
        "Diluted Average Shares": NaN,
        "Basic Average Shares": NaN,
        "Diluted EPS": NaN,
        "Basic EPS": NaN,
        "Diluted NI Availto Com Stockholders": NaN,
        "Net Income Common Stockholders": NaN,
        "Net Income": NaN,
        "Net Income Including Noncontrolling Interests": NaN,
        "Net Income Continuous Operations": NaN,
        "Tax Provision": NaN,
        "Pretax Income": NaN,
        "Gain On Sale Of Security": NaN,
        "Depreciation Amortization Depletion Income Statement": 0.0,
        "Depreciation And Amortization In Income Statement": 0.0,
        "Amortization": 0.0,
        "Amortization Of Intangibles Income Statement": 0.0,
        "Selling General And Administration": NaN,
        "Selling And Marketing Expense": NaN,
        "General And Administrative Expense": NaN,
        "Insurance And Claims": NaN,
        "Salaries And Wages": NaN,
        "Total Revenue": NaN,
        "Operating Revenue": NaN,
        "Occupancy And Equipment": NaN,
        "Professional Expense And Contract Services Expense": NaN,
        "Other Non Interest Expense": NaN
    },
    "2023-12-31": {
        "Tax Effect Of Unusual Items": NaN,
        "Tax Rate For Calcs": NaN,
        "Total Unusual Items": NaN,
        "Total Unusual Items Excluding Goodwill": NaN,
        "Net Income From Continuing Operation Net Minority Interest": NaN,
        "Reconciled Depreciation": NaN,
        "Net Interest Income": NaN,
        "Interest Expense": NaN,
        "Interest Income": NaN,
        "Normalized Income": NaN,
        "Net Income From Continuing And Discontinued Operation": NaN,
        "Diluted Average Shares": NaN,
        "Basic Average Shares": NaN,
        "Diluted EPS": NaN,
        "Basic EPS": NaN,
        "Diluted NI Availto Com Stockholders": NaN,
        "Net Income Common Stockholders": NaN,
        "Otherunder Preferred Stock Dividend": NaN,
        "Net Income": NaN,
        "Net Income Including Noncontrolling Interests": NaN,
        "Net Income Continuous Operations": NaN,
        "Tax Provision": NaN,
        "Pretax Income": NaN,
        "Gain On Sale Of Security": NaN,
        "Depreciation Amortization Depletion Income Statement": 0.0,
        "Depreciation And Amortization In Income Statement": 0.0,
        "Amortization": 0.0,
        "Amortization Of Intangibles Income Statement": 0.0,
        "Selling General And Administration": NaN,
        "Selling And Marketing Expense": NaN,
        "General And Administrative Expense": NaN,
        "Insurance And Claims": NaN,
        "Salaries And Wages": NaN,
        "Total Revenue": NaN,
        "Operating Revenue": NaN,
        "Occupancy And Equipment": NaN,
        "Professional Expense And Contract Services Expense": NaN,
        "Other Non Interest Expense": NaN
    },
    "2024-03-31": {
        "Tax Effect Of Unusual Items": 0.0,
        "Tax Rate For Calcs": 0.224252,
        "Total Unusual Items": 0.0,
        "Total Unusual Items Excluding Goodwill": 0.0,
        "Net Income From Continuing Operation Net Minority Interest": 7050000.0,
        "Reconciled Depreciation": 95000.0,
        "Net Interest Income": 18089000.0,
        "Interest Expense": 13130000.0,
        "Interest Income": 31219000.0,
        "Normalized Income": 7050000.0,
        "Net Income From Continuing And Discontinued Operation": 7050000.0,
        "Diluted Average Shares": 4764000.0,
        "Basic Average Shares": 4764000.0,
        "Diluted EPS": 1.48,
        "Basic EPS": 1.48,
        "Diluted NI Availto Com Stockholders": 7050000.0,
        "Net Income Common Stockholders": 7050000.0,
        "Net Income": 7050000.0,
        "Net Income Including Noncontrolling Interests": 7050000.0,
        "Net Income Continuous Operations": 7050000.0,
        "Tax Provision": 2038000.0,
        "Pretax Income": 9088000.0,
        "Gain On Sale Of Security": 101000.0,
        "Depreciation Amortization Depletion Income Statement": NaN,
        "Depreciation And Amortization In Income Statement": NaN,
        "Amortization": NaN,
        "Amortization Of Intangibles Income Statement": NaN,
        "Selling General And Administration": 9788000.0,
        "Selling And Marketing Expense": 345000.0,
        "General And Administrative Expense": 9443000.0,
        "Insurance And Claims": 577000.0,
        "Salaries And Wages": 8866000.0,
        "Total Revenue": 23491000.0,
        "Operating Revenue": 23491000.0,
        "Occupancy And Equipment": 1891000.0,
        "Professional Expense And Contract Services Expense": 559000.0,
        "Other Non Interest Expense": 4205000.0
    },
    "2024-06-30": {
        "Tax Effect Of Unusual Items": NaN,
        "Tax Rate For Calcs": NaN,
        "Total Unusual Items": NaN,
        "Total Unusual Items Excluding Goodwill": NaN,
        "Net Income From Continuing Operation Net Minority Interest": NaN,
        "Reconciled Depreciation": NaN,
        "Net Interest Income": NaN,
        "Interest Expense": NaN,
        "Interest Income": NaN,
        "Normalized Income": NaN,
        "Net Income From Continuing And Discontinued Operation": NaN,
        "Diluted Average Shares": NaN,
        "Basic Average Shares": NaN,
        "Diluted EPS": NaN,
        "Basic EPS": NaN,
        "Diluted NI Availto Com Stockholders": NaN,
        "Net Income Common Stockholders": NaN,
        "Otherunder Preferred Stock Dividend": 65000.0,
        "Net Income": NaN,
        "Net Income Including Noncontrolling Interests": NaN,
        "Net Income Continuous Operations": NaN,
        "Tax Provision": NaN,
        "Pretax Income": NaN,
        "Gain On Sale Of Security": NaN,
        "Selling General And Administration": NaN,
        "Selling And Marketing Expense": NaN,
        "General And Administrative Expense": NaN,
        "Insurance And Claims": NaN,
        "Salaries And Wages": NaN,
        "Total Revenue": NaN,
        "Operating Revenue": NaN,
        "Occupancy And Equipment": NaN,
        "Professional Expense And Contract Services Expense": NaN,
        "Other Non Interest Expense": NaN
    },
    "2024-09-30": {
        "Tax Effect Of Unusual Items": -3971.0,
        "Tax Rate For Calcs": 0.209,
        "Total Unusual Items": -19000.0,
        "Total Unusual Items Excluding Goodwill": -19000.0,
        "Net Income From Continuing Operation Net Minority Interest": 5720000.0,
        "Reconciled Depreciation": 613000.0,
        "Net Interest Income": 18388000.0,
        "Interest Expense": 13974000.0,
        "Interest Income": 32362000.0,
        "Normalized Income": 5735029.0,
        "Net Income From Continuing And Discontinued Operation": 5720000.0,
        "Diluted Average Shares": NaN,
        "Basic Average Shares": NaN,
        "Diluted EPS": NaN,
        "Basic EPS": NaN,
        "Diluted NI Availto Com Stockholders": 5645000.0,
        "Net Income Common Stockholders": 5645000.0,
        "Otherunder Preferred Stock Dividend": 75000.0,
        "Net Income": 5720000.0,
        "Net Income Including Noncontrolling Interests": 5720000.0,
        "Net Income Continuous Operations": 5720000.0,
        "Tax Provision": 1513000.0,
        "Pretax Income": 7233000.0,
        "Gain On Sale Of Security": 118000.0,
        "Selling General And Administration": 9529000.0,
        "Selling And Marketing Expense": 210000.0,
        "General And Administrative Expense": 9319000.0,
        "Insurance And Claims": 524000.0,
        "Salaries And Wages": 8795000.0,
        "Total Revenue": 23954000.0,
        "Operating Revenue": 23954000.0,
        "Occupancy And Equipment": 1824000.0,
        "Professional Expense And Contract Services Expense": 522000.0,
        "Other Non Interest Expense": 4282000.0
    },
    "2024-12-31": {
        "Tax Effect Of Unusual Items": 847.127816,
        "Tax Rate For Calcs": 0.211782,
        "Total Unusual Items": 4000.0,
        "Total Unusual Items Excluding Goodwill": 4000.0,
        "Net Income From Continuing Operation Net Minority Interest": 5914000.0,
        "Reconciled Depreciation": 646000.0,
        "Net Interest Income": 19821000.0,
        "Interest Expense": 12776000.0,
        "Interest Income": 32597000.0,
        "Normalized Income": 5910847.127816,
        "Net Income From Continuing And Discontinued Operation": 5914000.0,
        "Diluted Average Shares": 4774000.0,
        "Basic Average Shares": 4774000.0,
        "Diluted EPS": 1.24,
        "Basic EPS": 1.24,
        "Diluted NI Availto Com Stockholders": 5914000.0,
        "Net Income Common Stockholders": 5914000.0,
        "Otherunder Preferred Stock Dividend": NaN,
        "Net Income": 5914000.0,
        "Net Income Including Noncontrolling Interests": 5914000.0,
        "Net Income Continuous Operations": 5914000.0,
        "Tax Provision": 1589000.0,
        "Pretax Income": 7503000.0,
        "Gain On Sale Of Security": -54000.0,
        "Selling General And Administration": 9579000.0,
        "Selling And Marketing Expense": 239000.0,
        "General And Administrative Expense": 9340000.0,
        "Insurance And Claims": 503000.0,
        "Salaries And Wages": 8837000.0,
        "Total Revenue": 25503000.0,
        "Operating Revenue": 25503000.0,
        "Occupancy And Equipment": 1934000.0,
        "Professional Expense And Contract Services Expense": 714000.0,
        "Other Non Interest Expense": 5222000.0
    },
    "2025-03-31": {
        "Tax Effect Of Unusual Items": -2376.0,
        "Tax Rate For Calcs": 0.216,
        "Total Unusual Items": -11000.0,
        "Total Unusual Items Excluding Goodwill": -11000.0,
        "Net Income From Continuing Operation Net Minority Interest": 6023000.0,
        "Reconciled Depreciation": 661000.0,
        "Net Interest Income": 19817000.0,
        "Interest Expense": 11881000.0,
        "Interest Income": 31698000.0,
        "Normalized Income": 6031624.0,
        "Net Income From Continuing And Discontinued Operation": 6023000.0,
        "Diluted Average Shares": 4791000.0,
        "Basic Average Shares": 4791000.0,
        "Diluted EPS": 1.26,
        "Basic EPS": 1.26,
        "Diluted NI Availto Com Stockholders": 6023000.0,
        "Net Income Common Stockholders": 6023000.0,
        "Otherunder Preferred Stock Dividend": NaN,
        "Net Income": 6023000.0,
        "Net Income Including Noncontrolling Interests": 6023000.0,
        "Net Income Continuous Operations": 6023000.0,
        "Tax Provision": 1664000.0,
        "Pretax Income": 7687000.0,
        "Gain On Sale Of Security": -47000.0,
        "Selling General And Administration": 9796000.0,
        "Selling And Marketing Expense": 339000.0,
        "General And Administrative Expense": 9457000.0,
        "Insurance And Claims": 439000.0,
        "Salaries And Wages": 9018000.0,
        "Total Revenue": 25428000.0,
        "Operating Revenue": 25428000.0,
        "Occupancy And Equipment": 1906000.0,
        "Professional Expense And Contract Services Expense": 638000.0,
        "Other Non Interest Expense": 4309000.0
    },
    "2025-06-30": {
        "Tax Effect Of Unusual Items": 804.0,
        "Tax Rate For Calcs": 0.268,
        "Total Unusual Items": 3000.0,
        "Total Unusual Items Excluding Goodwill": 3000.0,
        "Net Income From Continuing Operation Net Minority Interest": -6452000.0,
        "Reconciled Depreciation": 587000.0,
        "Net Interest Income": 20808000.0,
        "Interest Expense": 12226000.0,
        "Interest Income": 33034000.0,
        "Normalized Income": -6454196.0,
        "Net Income From Continuing And Discontinued Operation": -6452000.0,
        "Diluted Average Shares": 4808000.0,
        "Basic Average Shares": 4808000.0,
        "Diluted EPS": -1.35,
        "Basic EPS": -1.35,
        "Diluted NI Availto Com Stockholders": -6356000.0,
        "Net Income Common Stockholders": -6356000.0,
        "Otherunder Preferred Stock Dividend": -96000.0,
        "Net Income": -6452000.0,
        "Net Income Including Noncontrolling Interests": -6452000.0,
        "Net Income Continuous Operations": -6452000.0,
        "Tax Provision": -2359000.0,
        "Pretax Income": -8811000.0,
        "Gain On Sale Of Security": -17390000.0,
        "Selling General And Administration": 10476000.0,
        "Selling And Marketing Expense": 351000.0,
        "General And Administrative Expense": 10125000.0,
        "Insurance And Claims": 434000.0,
        "Salaries And Wages": 9691000.0,
        "Total Revenue": 9807000.0,
        "Operating Revenue": 9807000.0,
        "Occupancy And Equipment": 1886000.0,
        "Professional Expense And Contract Services Expense": 805000.0,
        "Other Non Interest Expense": 4306000.0
    },
    "2025-09-30": {
        "Tax Effect Of Unusual Items": 0.0,
        "Tax Rate For Calcs": 0.226,
        "Total Unusual Items": 0.0,
        "Total Unusual Items Excluding Goodwill": 0.0,
        "Net Income From Continuing Operation Net Minority Interest": 7792000.0,
        "Reconciled Depreciation": 657000.0,
        "Net Interest Income": 22688000.0,
        "Interest Expense": 11196000.0,
        "Interest Income": 33884000.0,
        "Normalized Income": 7792000.0,
        "Net Income From Continuing And Discontinued Operation": 7792000.0,
        "Diluted Average Shares": 4811000.0,
        "Basic Average Shares": 4811000.0,
        "Diluted EPS": 1.62,
        "Basic EPS": 1.62,
        "Diluted NI Availto Com Stockholders": 7677000.0,
        "Net Income Common Stockholders": 7677000.0,
        "Otherunder Preferred Stock Dividend": 115000.0,
        "Net Income": 7792000.0,
        "Net Income Including Noncontrolling Interests": 7792000.0,
        "Net Income Continuous Operations": 7792000.0,
        "Tax Provision": 2275000.0,
        "Pretax Income": 10067000.0,
        "Gain On Sale Of Security": 136000.0,
        "Selling General And Administration": 10778000.0,
        "Selling And Marketing Expense": 203000.0,
        "General And Administrative Expense": 10575000.0,
        "Insurance And Claims": 352000.0,
        "Salaries And Wages": 10223000.0,
        "Total Revenue": 28514000.0,
        "Operating Revenue": 28514000.0,
        "Occupancy And Equipment": 1770000.0,
        "Professional Expense And Contract Services Expense": 636000.0,
        "Other Non Interest Expense": 4199000.0
    },
    "2025-12-31": {
        "Tax Effect Of Unusual Items": NaN,
        "Tax Rate For Calcs": NaN,
        "Total Unusual Items": NaN,
        "Total Unusual Items Excluding Goodwill": NaN,
        "Net Income From Continuing Operation Net Minority Interest": NaN,
        "Reconciled Depreciation": NaN,
        "Net Interest Income": NaN,
        "Interest Expense": NaN,
        "Interest Income": NaN,
        "Normalized Income": NaN,
        "Net Income From Continuing And Discontinued Operation": NaN,
        "Diluted Average Shares": 4811000.0,
        "Basic Average Shares": 4811000.0,
        "Diluted EPS": 1.61,
        "Basic EPS": 1.61,
        "Diluted NI Availto Com Stockholders": NaN,
        "Net Income Common Stockholders": NaN,
        "Otherunder Preferred Stock Dividend": NaN,
        "Net Income": NaN,
        "Net Income Including Noncontrolling Interests": NaN,
        "Net Income Continuous Operations": NaN,
        "Tax Provision": NaN,
        "Pretax Income": NaN,
        "Gain On Sale Of Security": NaN,
        "Selling General And Administration": NaN,
        "Selling And Marketing Expense": NaN,
        "General And Administrative Expense": NaN,
        "Insurance And Claims": NaN,
        "Salaries And Wages": NaN,
        "Total Revenue": NaN,
        "Operating Revenue": NaN,
        "Occupancy And Equipment": NaN,
        "Professional Expense And Contract Services Expense": NaN,
        "Other Non Interest Expense": NaN
    }
}