{
    "2023-03-31": {
        "Tax Effect Of Unusual Items": NaN,
        "Tax Rate For Calcs": NaN,
        "Normalized EBITDA": NaN,
        "Total Unusual Items": NaN,
        "Total Unusual Items Excluding Goodwill": NaN,
        "Net Income From Continuing Operation Net Minority Interest": NaN,
        "Reconciled Depreciation": NaN,
        "Reconciled Cost Of Revenue": NaN,
        "EBITDA": NaN,
        "EBIT": NaN,
        "Net Interest Income": NaN,
        "Interest Expense": NaN,
        "Normalized Income": NaN,
        "Net Income From Continuing And Discontinued Operation": NaN,
        "Total Expenses": NaN,
        "Total Operating Income As Reported": NaN,
        "Diluted Average Shares": NaN,
        "Basic Average Shares": NaN,
        "Diluted EPS": NaN,
        "Basic EPS": NaN,
        "Diluted NI Availto Com Stockholders": NaN,
        "Average Dilution Earnings": NaN,
        "Net Income Common Stockholders": NaN,
        "Otherunder Preferred Stock Dividend": NaN,
        "Net Income": NaN,
        "Net Income Including Noncontrolling Interests": NaN,
        "Net Income Discontinuous Operations": 0.0,
        "Net Income Continuous Operations": NaN,
        "Tax Provision": NaN,
        "Pretax Income": NaN,
        "Other Income Expense": NaN,
        "Other Non Operating Income Expenses": NaN,
        "Special Income Charges": NaN,
        "Gain On Sale Of Ppe": NaN,
        "Impairment Of Capital Assets": NaN,
        "Earnings From Equity Interest": NaN,
        "Gain On Sale Of Security": NaN,
        "Net Non Operating Interest Income Expense": NaN,
        "Interest Expense Non Operating": NaN,
        "Operating Income": NaN,
        "Operating Expense": NaN,
        "Other Operating Expenses": NaN,
        "Selling General And Administration": NaN,
        "General And Administrative Expense": NaN,
        "Other Gand A": NaN,
        "Gross Profit": NaN,
        "Cost Of Revenue": NaN,
        "Total Revenue": NaN,
        "Operating Revenue": NaN
    },
    "2022-12-31": {
        "Tax Effect Of Unusual Items": NaN,
        "Tax Rate For Calcs": NaN,
        "Normalized EBITDA": NaN,
        "Total Unusual Items": NaN,
        "Total Unusual Items Excluding Goodwill": NaN,
        "Net Income From Continuing Operation Net Minority Interest": NaN,
        "Reconciled Depreciation": NaN,
        "Reconciled Cost Of Revenue": NaN,
        "EBITDA": NaN,
        "EBIT": NaN,
        "Net Interest Income": NaN,
        "Interest Expense": NaN,
        "Normalized Income": NaN,
        "Net Income From Continuing And Discontinued Operation": NaN,
        "Total Expenses": NaN,
        "Total Operating Income As Reported": NaN,
        "Diluted Average Shares": NaN,
        "Basic Average Shares": NaN,
        "Diluted EPS": NaN,
        "Basic EPS": NaN,
        "Diluted NI Availto Com Stockholders": NaN,
        "Average Dilution Earnings": NaN,
        "Net Income Common Stockholders": NaN,
        "Otherunder Preferred Stock Dividend": NaN,
        "Net Income": NaN,
        "Net Income Including Noncontrolling Interests": NaN,
        "Net Income Discontinuous Operations": 0.0,
        "Net Income Continuous Operations": NaN,
        "Tax Provision": NaN,
        "Pretax Income": NaN,
        "Other Income Expense": NaN,
        "Other Non Operating Income Expenses": NaN,
        "Special Income Charges": NaN,
        "Gain On Sale Of Ppe": NaN,
        "Impairment Of Capital Assets": NaN,
        "Earnings From Equity Interest": NaN,
        "Gain On Sale Of Security": NaN,
        "Net Non Operating Interest Income Expense": NaN,
        "Interest Expense Non Operating": NaN,
        "Operating Income": NaN,
        "Operating Expense": NaN,
        "Other Operating Expenses": NaN,
        "Selling General And Administration": NaN,
        "General And Administrative Expense": NaN,
        "Other Gand A": NaN,
        "Gross Profit": NaN,
        "Cost Of Revenue": NaN,
        "Total Revenue": NaN,
        "Operating Revenue": NaN
    },
    "2022-09-30": {
        "Tax Effect Of Unusual Items": NaN,
        "Tax Rate For Calcs": NaN,
        "Normalized EBITDA": NaN,
        "Total Unusual Items": NaN,
        "Total Unusual Items Excluding Goodwill": NaN,
        "Net Income From Continuing Operation Net Minority Interest": NaN,
        "Reconciled Depreciation": NaN,
        "Reconciled Cost Of Revenue": NaN,
        "EBITDA": NaN,
        "EBIT": NaN,
        "Net Interest Income": NaN,
        "Interest Expense": NaN,
        "Normalized Income": NaN,
        "Net Income From Continuing And Discontinued Operation": NaN,
        "Total Expenses": NaN,
        "Total Operating Income As Reported": NaN,
        "Diluted Average Shares": NaN,
        "Basic Average Shares": NaN,
        "Diluted EPS": NaN,
        "Basic EPS": NaN,
        "Diluted NI Availto Com Stockholders": NaN,
        "Average Dilution Earnings": 59862000.0,
        "Net Income Common Stockholders": NaN,
        "Otherunder Preferred Stock Dividend": 113000.0,
        "Net Income": NaN,
        "Net Income Including Noncontrolling Interests": NaN,
        "Net Income Discontinuous Operations": NaN,
        "Net Income Continuous Operations": NaN,
        "Tax Provision": NaN,
        "Pretax Income": NaN,
        "Other Income Expense": NaN,
        "Other Non Operating Income Expenses": NaN,
        "Special Income Charges": NaN,
        "Gain On Sale Of Ppe": NaN,
        "Impairment Of Capital Assets": NaN,
        "Earnings From Equity Interest": NaN,
        "Gain On Sale Of Security": NaN,
        "Net Non Operating Interest Income Expense": NaN,
        "Interest Expense Non Operating": NaN,
        "Operating Income": NaN,
        "Operating Expense": NaN,
        "Other Operating Expenses": NaN,
        "Selling General And Administration": NaN,
        "General And Administrative Expense": NaN,
        "Other Gand A": NaN,
        "Gross Profit": NaN,
        "Cost Of Revenue": NaN,
        "Total Revenue": NaN,
        "Operating Revenue": NaN
    },
    "2022-06-30": {
        "Tax Effect Of Unusual Items": -39173600.0,
        "Tax Rate For Calcs": 0.4,
        "Normalized EBITDA": 235503000.0,
        "Total Unusual Items": -97934000.0,
        "Total Unusual Items Excluding Goodwill": -97934000.0,
        "Net Income From Continuing Operation Net Minority Interest": 130839000.0,
        "Reconciled Depreciation": 42136000.0,
        "Reconciled Cost Of Revenue": 433822000.0,
        "EBITDA": 137569000.0,
        "EBIT": 137569000.0,
        "Net Interest Income": -6949000.0,
        "Interest Expense": 6949000.0,
        "Normalized Income": 189599400.0,
        "Net Income From Continuing And Discontinued Operation": 130839000.0,
        "Total Expenses": 458922000.0,
        "Total Operating Income As Reported": 330777000.0,
        "Diluted Average Shares": 20990000.0,
        "Basic Average Shares": 19553000.0,
        "Diluted EPS": 6.23,
        "Basic EPS": 6.69,
        "Diluted NI Availto Com Stockholders": 130839000.0,
        "Average Dilution Earnings": NaN,
        "Net Income Common Stockholders": 130839000.0,
        "Otherunder Preferred Stock Dividend": NaN,
        "Net Income": 130839000.0,
        "Net Income Including Noncontrolling Interests": 130839000.0,
        "Net Income Discontinuous Operations": 0.0,
        "Net Income Continuous Operations": 130839000.0,
        "Tax Provision": -219000.0,
        "Pretax Income": 130620000.0,
        "Other Income Expense": -192889000.0,
        "Other Non Operating Income Expenses": 1298000.0,
        "Special Income Charges": 319000.0,
        "Gain On Sale Of Ppe": 319000.0,
        "Impairment Of Capital Assets": 0.0,
        "Restructuring And Mergern Acquisition": NaN,
        "Earnings From Equity Interest": -96253000.0,
        "Gain On Sale Of Security": -98253000.0,
        "Net Non Operating Interest Income Expense": -6949000.0,
        "Total Other Finance Cost": NaN,
        "Interest Expense Non Operating": 6949000.0,
        "Operating Income": 330458000.0,
        "Operating Expense": 25100000.0,
        "Other Operating Expenses": 278000.0,
        "Selling General And Administration": 24822000.0,
        "General And Administrative Expense": 24822000.0,
        "Other Gand A": 24822000.0,
        "Gross Profit": 355558000.0,
        "Cost Of Revenue": 433822000.0,
        "Total Revenue": 789380000.0,
        "Operating Revenue": 789380000.0
    },
    "2023-06-30": {
        "Tax Effect Of Unusual Items": NaN,
        "Tax Rate For Calcs": NaN,
        "Normalized EBITDA": NaN,
        "Total Unusual Items": NaN,
        "Total Unusual Items Excluding Goodwill": NaN,
        "Net Income From Continuing Operation Net Minority Interest": NaN,
        "Reconciled Depreciation": NaN,
        "Reconciled Cost Of Revenue": NaN,
        "EBITDA": NaN,
        "EBIT": NaN,
        "Net Interest Income": NaN,
        "Interest Expense": NaN,
        "Normalized Income": NaN,
        "Net Income From Continuing And Discontinued Operation": NaN,
        "Total Expenses": NaN,
        "Total Operating Income As Reported": NaN,
        "Diluted Average Shares": 43386000.0,
        "Basic Average Shares": 41494000.0,
        "Diluted EPS": 4.96,
        "Basic EPS": 5.19,
        "Diluted NI Availto Com Stockholders": NaN,
        "Average Dilution Earnings": 12000.0,
        "Net Income Common Stockholders": NaN,
        "Otherunder Preferred Stock Dividend": 726000.0,
        "Net Income": NaN,
        "Net Income Including Noncontrolling Interests": NaN,
        "Net Income Discontinuous Operations": 0.0,
        "Net Income Continuous Operations": NaN,
        "Tax Provision": NaN,
        "Pretax Income": NaN,
        "Other Income Expense": NaN,
        "Other Non Operating Income Expenses": NaN,
        "Special Income Charges": NaN,
        "Gain On Sale Of Ppe": NaN,
        "Impairment Of Capital Assets": 6782000.0,
        "Earnings From Equity Interest": NaN,
        "Gain On Sale Of Security": NaN,
        "Net Non Operating Interest Income Expense": NaN,
        "Interest Expense Non Operating": NaN,
        "Operating Income": NaN,
        "Operating Expense": NaN,
        "Other Operating Expenses": NaN,
        "Selling General And Administration": NaN,
        "General And Administrative Expense": NaN,
        "Other Gand A": NaN,
        "Gross Profit": NaN,
        "Cost Of Revenue": NaN,
        "Total Revenue": NaN,
        "Operating Revenue": NaN
    },
    "2022-03-31": {
        "Diluted EPS": 24.14,
        "Total Revenue": 653,
        "Gross Profit": 392,
        "Operating Income": 292,
        "EBIT": 340,
        "Net Income": 466
    },
    "2021-12-31": {
        "Diluted EPS": 10.68,
        "Total Revenue": 522,
        "Gross Profit": 334,
        "Operating Income": 234,
        "EBIT": 274,
        "Net Income": 218
    },
    "2021-09-30": {
        "Diluted EPS": 3.46,
        "Total Revenue": 369,
        "Gross Profit": 220,
        "Operating Income": 151,
        "EBIT": 187,
        "Net Income": 72
    },
    "2021-06-30": {
        "Diluted EPS": 3.52,
        "Total Revenue": 364,
        "Gross Profit": 186,
        "Operating Income": 325,
        "EBIT": 378,
        "Net Income": 73
    },
    "2021-03-31": {
        "Diluted EPS": -2.18,
        "Total Revenue": 325,
        "Gross Profit": 179,
        "Operating Income": 99,
        "EBIT": 142,
        "Net Income": -44
    },
    "2020-12-31": {
        "Diluted EPS": -170.53,
        "Total Revenue": 127,
        "Gross Profit": -4,
        "Operating Income": -120,
        "EBIT": -56,
        "Net Income": 769
    },
    "2020-09-30": {
        "Diluted EPS": -0.17,
        "Total Revenue": 271,
        "Gross Profit": 170,
        "Operating Income": 39,
        "EBIT": 77,
        "Net Income": -56
    },
    "2020-06-30": {
        "Diluted EPS": -0.29,
        "Total Revenue": 166,
        "Gross Profit": 88,
        "Operating Income": -11,
        "EBIT": 32,
        "Net Income": -93
    },
    "2020-03-31": {
        "Diluted EPS": -13.61,
        "Total Revenue": 388,
        "Gross Profit": 215,
        "Operating Income": NaN,
        "EBIT": NaN,
        "Net Income": NaN
    },
    "2019-12-31": {
        "Diluted EPS": -0.24,
        "Total Revenue": 343,
        "Gross Profit": 96,
        "Operating Income": -221,
        "EBIT": -2,
        "Net Income": -76
    },
    "2019-09-30": {
        "Diluted EPS": 0.06,
        "Total Revenue": 483,
        "Gross Profit": 306,
        "Operating Income": 8,
        "EBIT": 225,
        "Net Income": 20
    },
    "2019-06-30": {
        "Diluted EPS": 0.14,
        "Total Revenue": 529,
        "Gross Profit": 310,
        "Operating Income": 72,
        "EBIT": 254,
        "Net Income": 43
    },
    "2019-03-31": {
        "Diluted EPS": -0.37,
        "Total Revenue": 576,
        "Gross Profit": 314,
        "Operating Income": 50,
        "EBIT": 247,
        "Net Income": -115
    },
    "2018-12-31": {
        "Diluted EPS": 0.71,
        "Total Revenue": 600,
        "Gross Profit": 317,
        "Operating Income": 70,
        "EBIT": 249,
        "Net Income": 222
    },
    "2018-09-30": {
        "Diluted EPS": 0.2,
        "Total Revenue": 675,
        "Gross Profit": 393,
        "Operating Income": 179,
        "EBIT": 352,
        "Net Income": 62
    },
    "2018-06-30": {
        "Diluted EPS": -1.02,
        "Total Revenue": 574,
        "Gross Profit": 345,
        "Operating Income": -243,
        "EBIT": -84,
        "Net Income": -320
    },
    "2018-03-31": {
        "Diluted EPS": 0.0,
        "Total Revenue": 474,
        "Gross Profit": 312,
        "Operating Income": 113,
        "EBIT": 268,
        "Net Income": 1
    },
    "2017-12-31": {
        "Diluted EPS": 0.53,
        "Total Revenue": 450,
        "Gross Profit": 282,
        "Operating Income": 86,
        "EBIT": 238,
        "Net Income": 125
    },
    "2017-09-30": {
        "Diluted EPS": -0.18,
        "Total Revenue": 305,
        "Gross Profit": 202,
        "Operating Income": 32,
        "EBIT": 168,
        "Net Income": -41
    },
    "2017-06-30": {
        "Diluted EPS": 0.07,
        "Total Revenue": 254,
        "Gross Profit": 170,
        "Operating Income": 5,
        "EBIT": 135,
        "Net Income": 17
    },
    "2017-03-31": {
        "Diluted EPS": 0.1,
        "Total Revenue": 285,
        "Gross Profit": 185,
        "Operating Income": 20,
        "EBIT": 152,
        "Net Income": 24
    },
    "2016-12-31": {
        "Diluted EPS": -0.22,
        "Total Revenue": 218,
        "Gross Profit": 147,
        "Operating Income": -2,
        "EBIT": 122,
        "Net Income": -55
    },
    "2016-09-30": {
        "Diluted EPS": -0.19,
        "Total Revenue": 177,
        "Gross Profit": 117,
        "Operating Income": -26,
        "EBIT": 90,
        "Net Income": -34
    },
    "2016-06-30": {
        "Diluted EPS": -0.51,
        "Total Revenue": 179,
        "Gross Profit": 124,
        "Operating Income": -28,
        "EBIT": 96,
        "Net Income": -90
    },
    "2016-03-31": {
        "Diluted EPS": -0.4,
        "Total Revenue": 130,
        "Gross Profit": 84,
        "Operating Income": -75,
        "EBIT": 52,
        "Net Income": -64
    },
    "2015-12-31": {
        "Diluted EPS": 0.05,
        "Total Revenue": 182,
        "Gross Profit": 123,
        "Operating Income": -53,
        "EBIT": 76,
        "Net Income": 4
    },
    "2015-09-30": {
        "Diluted EPS": 0.2,
        "Total Revenue": 197,
        "Gross Profit": 135,
        "Operating Income": -20,
        "EBIT": 106,
        "Net Income": 27
    },
    "2015-06-30": {
        "Diluted EPS": -0.39,
        "Total Revenue": 230,
        "Gross Profit": 164,
        "Operating Income": -7,
        "EBIT": 115,
        "Net Income": -53
    },
    "2015-03-31": {
        "Diluted EPS": -0.17,
        "Total Revenue": 180,
        "Gross Profit": 123,
        "Operating Income": -34,
        "EBIT": 86,
        "Net Income": -18
    },
    "2014-12-31": {
        "Diluted EPS": 1.75,
        "Total Revenue": 300,
        "Gross Profit": 213,
        "Operating Income": 16,
        "EBIT": 139,
        "Net Income": 177
    },
    "2014-09-30": {
        "Diluted EPS": 1.21,
        "Total Revenue": 369,
        "Gross Profit": 275,
        "Operating Income": 134,
        "EBIT": 243,
        "Net Income": 122
    },
    "2014-06-30": {
        "Diluted EPS": 0.39,
        "Total Revenue": 372,
        "Gross Profit": 289,
        "Operating Income": 167,
        "EBIT": 266,
        "Net Income": 39
    },
    "2014-03-31": {
        "Diluted EPS": 1.7,
        "Total Revenue": 350,
        "Gross Profit": 267,
        "Operating Income": 329,
        "EBIT": 422,
        "Net Income": 170
    },
    "2013-12-31": {
        "Diluted EPS": 0.57,
        "Total Revenue": 334,
        "Gross Profit": 258,
        "Operating Income": 122,
        "EBIT": 225,
        "Net Income": 54
    },
    "2013-09-30": {
        "Diluted EPS": 0.59,
        "Total Revenue": 305,
        "Gross Profit": 247,
        "Operating Income": 151,
        "EBIT": 225,
        "Net Income": 54
    },
    "2013-06-30": {
        "Diluted EPS": 0.72,
        "Total Revenue": 255,
        "Gross Profit": 208,
        "Operating Income": 113,
        "EBIT": 181,
        "Net Income": 67
    },
    "2013-03-31": {
        "Diluted EPS": 0.56,
        "Total Revenue": 248,
        "Gross Profit": 204,
        "Operating Income": 118,
        "EBIT": 185,
        "Net Income": 52
    },
    "2012-12-31": {
        "Diluted EPS": 0.46,
        "Total Revenue": 214,
        "Gross Profit": 173,
        "Operating Income": 87,
        "EBIT": 153,
        "Net Income": 43
    },
    "2012-09-30": {
        "Diluted EPS": 0.2,
        "Total Revenue": 185,
        "Gross Profit": 147,
        "Operating Income": 72,
        "EBIT": 130,
        "Net Income": 18
    },
    "2012-06-30": {
        "Diluted EPS": 0.82,
        "Total Revenue": 149,
        "Gross Profit": 122,
        "Operating Income": 60,
        "EBIT": 105,
        "Net Income": 76
    },
    "2012-03-31": {
        "Diluted EPS": 0.18,
        "Total Revenue": 139,
        "Gross Profit": 115,
        "Operating Income": 58,
        "EBIT": 98,
        "Net Income": 16
    },
    "2011-12-31": {
        "Diluted EPS": -0.15,
        "Total Revenue": 117,
        "Gross Profit": 94,
        "Operating Income": 54,
        "EBIT": 82,
        "Net Income": -13
    },
    "2011-09-30": {
        "Diluted EPS": 0.72,
        "Total Revenue": 88,
        "Gross Profit": 69,
        "Operating Income": 40,
        "EBIT": 62,
        "Net Income": 66
    },
    "2011-06-30": {
        "Diluted EPS": 0.36,
        "Total Revenue": 67,
        "Gross Profit": 54,
        "Operating Income": 32,
        "EBIT": 46,
        "Net Income": 33
    },
    "2011-03-31": {
        "Diluted EPS": -0.07,
        "Total Revenue": 59,
        "Gross Profit": 47,
        "Operating Income": 26,
        "EBIT": 40,
        "Net Income": -7
    },
    "2010-12-31": {
        "Diluted EPS": 2.97,
        "Total Revenue": 49,
        "Gross Profit": 39,
        "Operating Income": 13,
        "EBIT": 26,
        "Net Income": 2
    },
    "2010-09-30": {
        "Diluted EPS": -0.02,
        "Total Revenue": 33,
        "Gross Profit": 26,
        "Operating Income": 11,
        "EBIT": 21,
        "Net Income": -2
    },
    "2010-06-30": {
        "Diluted EPS": -3.26,
        "Total Revenue": 27,
        "Gross Profit": 21,
        "Operating Income": 1,
        "EBIT": 10,
        "Net Income": -26
    },
    "2010-03-31": {
        "Diluted EPS": 0.0,
        "Total Revenue": 20,
        "Gross Profit": 15,
        "Operating Income": -2,
        "EBIT": 4,
        "Net Income": -3
    },
    "2009-09-30": {
        "Diluted EPS": 0.0,
        "Total Revenue": 11,
        "Gross Profit": 8,
        "Operating Income": 0,
        "EBIT": 5,
        "Net Income": 0
    },
    "2009-06-30": {
        "Diluted EPS": 0.0,
        "Total Revenue": 6,
        "Gross Profit": 3,
        "Operating Income": -2,
        "EBIT": -2,
        "Net Income": -6
    },
    "2023-09-30": {
        "Tax Effect Of Unusual Items": NaN,
        "Tax Rate For Calcs": NaN,
        "Normalized EBITDA": NaN,
        "Total Unusual Items": NaN,
        "Total Unusual Items Excluding Goodwill": NaN,
        "Net Income From Continuing Operation Net Minority Interest": NaN,
        "Reconciled Depreciation": NaN,
        "Reconciled Cost Of Revenue": NaN,
        "EBITDA": NaN,
        "EBIT": NaN,
        "Net Interest Income": NaN,
        "Interest Expense": NaN,
        "Normalized Income": NaN,
        "Net Income From Continuing And Discontinued Operation": NaN,
        "Total Expenses": NaN,
        "Total Operating Income As Reported": NaN,
        "Diluted Average Shares": NaN,
        "Basic Average Shares": NaN,
        "Diluted EPS": NaN,
        "Basic EPS": NaN,
        "Diluted NI Availto Com Stockholders": NaN,
        "Average Dilution Earnings": 28000.0,
        "Net Income Common Stockholders": NaN,
        "Otherunder Preferred Stock Dividend": 801000.0,
        "Net Income": NaN,
        "Net Income Including Noncontrolling Interests": NaN,
        "Net Income Discontinuous Operations": 0.0,
        "Net Income Continuous Operations": NaN,
        "Tax Provision": NaN,
        "Pretax Income": NaN,
        "Other Income Expense": NaN,
        "Other Non Operating Income Expenses": NaN,
        "Special Income Charges": NaN,
        "Gain On Sale Of Ppe": NaN,
        "Other Special Charges": NaN,
        "Earnings From Equity Interest": NaN,
        "Gain On Sale Of Security": NaN,
        "Net Non Operating Interest Income Expense": NaN,
        "Interest Expense Non Operating": NaN,
        "Operating Income": NaN,
        "Operating Expense": NaN,
        "Other Operating Expenses": NaN,
        "Selling General And Administration": NaN,
        "General And Administrative Expense": NaN,
        "Other Gand A": NaN,
        "Gross Profit": NaN,
        "Cost Of Revenue": NaN,
        "Total Revenue": NaN,
        "Operating Revenue": NaN
    },
    "2023-12-31": {
        "Tax Effect Of Unusual Items": NaN,
        "Tax Rate For Calcs": NaN,
        "Normalized EBITDA": NaN,
        "Total Unusual Items": NaN,
        "Total Unusual Items Excluding Goodwill": NaN,
        "Net Income From Continuing Operation Net Minority Interest": NaN,
        "Reconciled Depreciation": NaN,
        "Reconciled Cost Of Revenue": NaN,
        "EBITDA": NaN,
        "EBIT": NaN,
        "Net Interest Income": NaN,
        "Interest Expense": NaN,
        "Normalized Income": NaN,
        "Net Income From Continuing And Discontinued Operation": NaN,
        "Total Expenses": NaN,
        "Total Operating Income As Reported": NaN,
        "Diluted Average Shares": NaN,
        "Basic Average Shares": NaN,
        "Diluted EPS": NaN,
        "Basic EPS": NaN,
        "Diluted NI Availto Com Stockholders": NaN,
        "Average Dilution Earnings": NaN,
        "Net Income Common Stockholders": NaN,
        "Otherunder Preferred Stock Dividend": NaN,
        "Net Income": NaN,
        "Net Income Including Noncontrolling Interests": NaN,
        "Net Income Discontinuous Operations": 0.0,
        "Net Income Continuous Operations": NaN,
        "Tax Provision": NaN,
        "Pretax Income": NaN,
        "Other Income Expense": NaN,
        "Other Non Operating Income Expenses": NaN,
        "Special Income Charges": NaN,
        "Gain On Sale Of Ppe": NaN,
        "Other Special Charges": NaN,
        "Write Off": NaN,
        "Impairment Of Capital Assets": NaN,
        "Earnings From Equity Interest": NaN,
        "Gain On Sale Of Security": NaN,
        "Net Non Operating Interest Income Expense": NaN,
        "Interest Expense Non Operating": NaN,
        "Operating Income": NaN,
        "Operating Expense": NaN,
        "Other Operating Expenses": NaN,
        "Selling General And Administration": NaN,
        "General And Administrative Expense": NaN,
        "Other Gand A": NaN,
        "Gross Profit": NaN,
        "Cost Of Revenue": NaN,
        "Total Revenue": NaN,
        "Operating Revenue": NaN
    },
    "2024-03-31": {
        "Tax Effect Of Unusual Items": NaN,
        "Tax Rate For Calcs": NaN,
        "Normalized EBITDA": NaN,
        "Total Unusual Items": NaN,
        "Total Unusual Items Excluding Goodwill": NaN,
        "Net Income From Continuing Operation Net Minority Interest": NaN,
        "Reconciled Depreciation": NaN,
        "Reconciled Cost Of Revenue": NaN,
        "EBITDA": NaN,
        "EBIT": NaN,
        "Net Interest Income": NaN,
        "Interest Expense": NaN,
        "Normalized Income": NaN,
        "Net Income From Continuing And Discontinued Operation": NaN,
        "Total Expenses": NaN,
        "Total Operating Income As Reported": NaN,
        "Diluted Average Shares": NaN,
        "Basic Average Shares": NaN,
        "Diluted EPS": NaN,
        "Basic EPS": NaN,
        "Diluted NI Availto Com Stockholders": NaN,
        "Average Dilution Earnings": 7000.0,
        "Net Income Common Stockholders": NaN,
        "Otherunder Preferred Stock Dividend": 787000.0,
        "Net Income": NaN,
        "Net Income Including Noncontrolling Interests": NaN,
        "Net Income Continuous Operations": NaN,
        "Tax Provision": NaN,
        "Pretax Income": NaN,
        "Other Income Expense": NaN,
        "Other Non Operating Income Expenses": NaN,
        "Special Income Charges": NaN,
        "Gain On Sale Of Ppe": NaN,
        "Other Special Charges": NaN,
        "Write Off": NaN,
        "Impairment Of Capital Assets": NaN,
        "Earnings From Equity Interest": NaN,
        "Gain On Sale Of Security": NaN,
        "Net Non Operating Interest Income Expense": NaN,
        "Interest Expense Non Operating": NaN,
        "Operating Income": NaN,
        "Operating Expense": NaN,
        "Other Operating Expenses": 6154000.0,
        "Selling General And Administration": NaN,
        "General And Administrative Expense": NaN,
        "Other Gand A": NaN,
        "Gross Profit": NaN,
        "Cost Of Revenue": NaN,
        "Total Revenue": NaN,
        "Operating Revenue": NaN
    },
    "2024-06-30": {
        "Tax Effect Of Unusual Items": NaN,
        "Tax Rate For Calcs": NaN,
        "Normalized EBITDA": NaN,
        "Total Unusual Items": NaN,
        "Total Unusual Items Excluding Goodwill": NaN,
        "Net Income From Continuing Operation Net Minority Interest": NaN,
        "Reconciled Depreciation": NaN,
        "Reconciled Cost Of Revenue": NaN,
        "EBITDA": NaN,
        "EBIT": NaN,
        "Net Interest Income": NaN,
        "Interest Expense": NaN,
        "Normalized Income": NaN,
        "Net Income From Continuing And Discontinued Operation": NaN,
        "Total Expenses": NaN,
        "Total Operating Income As Reported": NaN,
        "Diluted Average Shares": NaN,
        "Basic Average Shares": NaN,
        "Diluted EPS": NaN,
        "Basic EPS": NaN,
        "Diluted NI Availto Com Stockholders": NaN,
        "Average Dilution Earnings": 10000.0,
        "Net Income Common Stockholders": NaN,
        "Otherunder Preferred Stock Dividend": 1032000.0,
        "Net Income": NaN,
        "Net Income Including Noncontrolling Interests": NaN,
        "Net Income Continuous Operations": NaN,
        "Tax Provision": NaN,
        "Pretax Income": NaN,
        "Other Income Expense": NaN,
        "Other Non Operating Income Expenses": NaN,
        "Special Income Charges": NaN,
        "Gain On Sale Of Ppe": NaN,
        "Other Special Charges": NaN,
        "Write Off": 1485000.0,
        "Impairment Of Capital Assets": NaN,
        "Earnings From Equity Interest": NaN,
        "Gain On Sale Of Security": NaN,
        "Net Non Operating Interest Income Expense": NaN,
        "Interest Expense Non Operating": NaN,
        "Operating Income": NaN,
        "Operating Expense": NaN,
        "Other Operating Expenses": 1485000.0,
        "Selling General And Administration": NaN,
        "General And Administrative Expense": NaN,
        "Other Gand A": NaN,
        "Gross Profit": NaN,
        "Cost Of Revenue": NaN,
        "Total Revenue": NaN,
        "Operating Revenue": NaN
    },
    "2024-09-30": {
        "Tax Effect Of Unusual Items": 12984228.0,
        "Tax Rate For Calcs": 0.261,
        "Normalized EBITDA": 634512000.0,
        "Total Unusual Items": 49748000.0,
        "Total Unusual Items Excluding Goodwill": 49748000.0,
        "Net Income From Continuing Operation Net Minority Interest": 225316000.0,
        "Reconciled Depreciation": 360214000.0,
        "Reconciled Cost Of Revenue": 1115217000.0,
        "EBITDA": 684260000.0,
        "EBIT": 324046000.0,
        "Net Interest Income": -19146000.0,
        "Interest Expense": 19146000.0,
        "Normalized Income": 188552228.0,
        "Net Income From Continuing And Discontinued Operation": 225316000.0,
        "Total Expenses": 1174601000.0,
        "Total Operating Income As Reported": 272893000.0,
        "Diluted Average Shares": 62629000.0,
        "Basic Average Shares": 61802000.0,
        "Diluted EPS": 3.59,
        "Basic EPS": 3.63,
        "Diluted NI Availto Com Stockholders": 224541000.0,
        "Average Dilution Earnings": 3000.0,
        "Net Income Common Stockholders": 224538000.0,
        "Otherunder Preferred Stock Dividend": 778000.0,
        "Net Income": 225316000.0,
        "Net Income Including Noncontrolling Interests": 225316000.0,
        "Net Income Continuous Operations": 225316000.0,
        "Tax Provision": 79584000.0,
        "Pretax Income": 304900000.0,
        "Other Income Expense": 48180000.0,
        "Other Non Operating Income Expenses": -2657000.0,
        "Special Income Charges": -2973000.0,
        "Gain On Sale Of Ppe": -2973000.0,
        "Other Special Charges": NaN,
        "Write Off": NaN,
        "Impairment Of Capital Assets": NaN,
        "Earnings From Equity Interest": 1089000.0,
        "Gain On Sale Of Security": 52721000.0,
        "Net Non Operating Interest Income Expense": -19146000.0,
        "Interest Expense Non Operating": 19146000.0,
        "Operating Income": 275866000.0,
        "Operating Expense": 59384000.0,
        "Other Operating Expenses": 7269000.0,
        "Selling General And Administration": 52115000.0,
        "General And Administrative Expense": 52115000.0,
        "Other Gand A": 52115000.0,
        "Gross Profit": 335250000.0,
        "Cost Of Revenue": 1115217000.0,
        "Total Revenue": 1450467000.0,
        "Operating Revenue": 1450467000.0
    },
    "2024-12-31": {
        "Tax Effect Of Unusual Items": -2612986.863724,
        "Tax Rate For Calcs": 0.187769,
        "Normalized EBITDA": 641515000.0,
        "Total Unusual Items": -13916000.0,
        "Total Unusual Items Excluding Goodwill": -13916000.0,
        "Net Income From Continuing Operation Net Minority Interest": 210597000.0,
        "Reconciled Depreciation": 350740000.0,
        "Reconciled Cost Of Revenue": 1144937000.0,
        "EBITDA": 627599000.0,
        "EBIT": 276859000.0,
        "Net Interest Income": -17577000.0,
        "Interest Expense": 17577000.0,
        "Normalized Income": 221900013.136276,
        "Net Income From Continuing And Discontinued Operation": 210597000.0,
        "Total Expenses": 1192731000.0,
        "Total Operating Income As Reported": 265217000.0,
        "Diluted Average Shares": 61221000.0,
        "Basic Average Shares": 60770000.0,
        "Diluted EPS": 3.43,
        "Basic EPS": 3.45,
        "Diluted NI Availto Com Stockholders": 213176000.0,
        "Average Dilution Earnings": NaN,
        "Net Income Common Stockholders": 213195000.0,
        "Otherunder Preferred Stock Dividend": NaN,
        "Net Income": 210597000.0,
        "Net Income Including Noncontrolling Interests": 210597000.0,
        "Net Income Continuous Operations": 210597000.0,
        "Tax Provision": 48685000.0,
        "Pretax Income": 259282000.0,
        "Other Income Expense": 14916000.0,
        "Other Non Operating Income Expenses": 794000.0,
        "Special Income Charges": 3274000.0,
        "Gain On Sale Of Ppe": 3274000.0,
        "Other Special Charges": NaN,
        "Write Off": NaN,
        "Impairment Of Capital Assets": NaN,
        "Earnings From Equity Interest": 28038000.0,
        "Gain On Sale Of Security": -17190000.0,
        "Net Non Operating Interest Income Expense": -17577000.0,
        "Interest Expense Non Operating": 17577000.0,
        "Operating Income": 261943000.0,
        "Operating Expense": 47794000.0,
        "Other Operating Expenses": 2113000.0,
        "Selling General And Administration": 45681000.0,
        "General And Administrative Expense": 45681000.0,
        "Other Gand A": 45681000.0,
        "Gross Profit": 309737000.0,
        "Cost Of Revenue": 1144937000.0,
        "Total Revenue": 1454674000.0,
        "Operating Revenue": 1454674000.0
    },
    "2025-03-31": {
        "Tax Effect Of Unusual Items": -4564750.0,
        "Tax Rate For Calcs": 0.25,
        "Normalized EBITDA": 676888000.0,
        "Total Unusual Items": -18259000.0,
        "Total Unusual Items Excluding Goodwill": -18259000.0,
        "Net Income From Continuing Operation Net Minority Interest": 219837000.0,
        "Reconciled Depreciation": 349809000.0,
        "Reconciled Cost Of Revenue": 842207000.0,
        "EBITDA": 658629000.0,
        "EBIT": 308820000.0,
        "Net Interest Income": -15818000.0,
        "Interest Expense": 15818000.0,
        "Normalized Income": 233531250.0,
        "Net Income From Continuing And Discontinued Operation": 219837000.0,
        "Total Expenses": 882567000.0,
        "Total Operating Income As Reported": 337996000.0,
        "Diluted Average Shares": 59665000.0,
        "Basic Average Shares": 59502000.0,
        "Diluted EPS": 3.66,
        "Basic EPS": 3.67,
        "Diluted NI Availto Com Stockholders": 218610000.0,
        "Average Dilution Earnings": 2000.0,
        "Net Income Common Stockholders": 218608000.0,
        "Otherunder Preferred Stock Dividend": 1229000.0,
        "Net Income": 219837000.0,
        "Net Income Including Noncontrolling Interests": 219837000.0,
        "Net Income Continuous Operations": 219837000.0,
        "Tax Provision": 73165000.0,
        "Pretax Income": 293002000.0,
        "Other Income Expense": -23660000.0,
        "Other Non Operating Income Expenses": -501000.0,
        "Special Income Charges": 2022000.0,
        "Gain On Sale Of Ppe": 5516000.0,
        "Other Special Charges": 3494000.0,
        "Write Off": NaN,
        "Impairment Of Capital Assets": NaN,
        "Earnings From Equity Interest": -4900000.0,
        "Gain On Sale Of Security": -20281000.0,
        "Net Non Operating Interest Income Expense": -15818000.0,
        "Interest Expense Non Operating": 15818000.0,
        "Operating Income": 332480000.0,
        "Operating Expense": 40360000.0,
        "Other Operating Expenses": 1983000.0,
        "Selling General And Administration": 38377000.0,
        "General And Administrative Expense": 38377000.0,
        "Other Gand A": 38377000.0,
        "Gross Profit": 372840000.0,
        "Cost Of Revenue": 842207000.0,
        "Total Revenue": 1215047000.0,
        "Operating Revenue": 1215047000.0
    },
    "2025-06-30": {
        "Tax Effect Of Unusual Items": -96648510.0,
        "Tax Rate For Calcs": 0.21,
        "Normalized EBITDA": 520327000.0,
        "Total Unusual Items": -460231000.0,
        "Total Unusual Items Excluding Goodwill": -460231000.0,
        "Net Income From Continuing Operation Net Minority Interest": -389905000.0,
        "Reconciled Depreciation": 376997000.0,
        "Reconciled Cost Of Revenue": 1008773000.0,
        "EBITDA": 60096000.0,
        "EBIT": -316901000.0,
        "Net Interest Income": -18788000.0,
        "Interest Expense": 18788000.0,
        "Normalized Income": -26322510.0,
        "Net Income From Continuing And Discontinued Operation": -389905000.0,
        "Total Expenses": 1041313000.0,
        "Total Operating Income As Reported": -403215000.0,
        "Diluted Average Shares": 57786000.0,
        "Basic Average Shares": 57786000.0,
        "Diluted EPS": -6.77,
        "Basic EPS": -6.71,
        "Diluted NI Availto Com Stockholders": -391197000.0,
        "Average Dilution Earnings": -3604000.0,
        "Net Income Common Stockholders": -387593000.0,
        "Otherunder Preferred Stock Dividend": -2312000.0,
        "Net Income": -389905000.0,
        "Net Income Including Noncontrolling Interests": -389905000.0,
        "Net Income Continuous Operations": -389905000.0,
        "Tax Provision": 54216000.0,
        "Pretax Income": -335689000.0,
        "Other Income Expense": -456148000.0,
        "Other Non Operating Income Expenses": 5045000.0,
        "Special Income Charges": -542462000.0,
        "Gain On Sale Of Ppe": -522000.0,
        "Other Special Charges": NaN,
        "Write Off": 2640000.0,
        "Impairment Of Capital Assets": 539300000.0,
        "Earnings From Equity Interest": -962000.0,
        "Gain On Sale Of Security": 82231000.0,
        "Net Non Operating Interest Income Expense": -18788000.0,
        "Interest Expense Non Operating": 18788000.0,
        "Operating Income": 139247000.0,
        "Operating Expense": 32540000.0,
        "Other Operating Expenses": NaN,
        "Selling General And Administration": 32540000.0,
        "General And Administrative Expense": 32540000.0,
        "Other Gand A": 32540000.0,
        "Gross Profit": 171787000.0,
        "Cost Of Revenue": 1008773000.0,
        "Total Revenue": 1180560000.0,
        "Operating Revenue": 1180560000.0
    },
    "2025-09-30": {
        "Tax Effect Of Unusual Items": 4804234.801553,
        "Tax Rate For Calcs": 0.235976,
        "Normalized EBITDA": 543574000.0,
        "Total Unusual Items": 20359000.0,
        "Total Unusual Items Excluding Goodwill": 20359000.0,
        "Net Income From Continuing Operation Net Minority Interest": 130111000.0,
        "Reconciled Depreciation": 374919000.0,
        "Reconciled Cost Of Revenue": 1117031000.0,
        "EBITDA": 563933000.0,
        "EBIT": 189014000.0,
        "Net Interest Income": -18717000.0,
        "Interest Expense": 18717000.0,
        "Normalized Income": 114556234.801553,
        "Net Income From Continuing And Discontinued Operation": 130111000.0,
        "Total Expenses": 1140926000.0,
        "Total Operating Income As Reported": 170790000.0,
        "Diluted Average Shares": 57157000.0,
        "Basic Average Shares": 57157000.0,
        "Diluted EPS": 2.26,
        "Basic EPS": 2.26,
        "Diluted NI Availto Com Stockholders": 129360000.0,
        "Average Dilution Earnings": 0.0,
        "Net Income Common Stockholders": 129360000.0,
        "Otherunder Preferred Stock Dividend": 751000.0,
        "Net Income": 130111000.0,
        "Net Income Including Noncontrolling Interests": 130111000.0,
        "Net Income Continuous Operations": 130111000.0,
        "Tax Provision": 40186000.0,
        "Pretax Income": 170297000.0,
        "Other Income Expense": 17859000.0,
        "Other Non Operating Income Expenses": 2146000.0,
        "Special Income Charges": -365000.0,
        "Gain On Sale Of Ppe": -365000.0,
        "Other Special Charges": NaN,
        "Write Off": NaN,
        "Impairment Of Capital Assets": NaN,
        "Earnings From Equity Interest": -4646000.0,
        "Gain On Sale Of Security": 20724000.0,
        "Net Non Operating Interest Income Expense": -18717000.0,
        "Interest Expense Non Operating": 18717000.0,
        "Operating Income": 171155000.0,
        "Operating Expense": 23895000.0,
        "Other Operating Expenses": 2034000.0,
        "Selling General And Administration": 21861000.0,
        "General And Administrative Expense": 21861000.0,
        "Other Gand A": 21861000.0,
        "Gross Profit": 195050000.0,
        "Cost Of Revenue": 1117031000.0,
        "Total Revenue": 1312081000.0,
        "Operating Revenue": 1312081000.0
    }
}