{
    "2023-03-31": {
        "Tax Effect Of Unusual Items": NaN,
        "Tax Rate For Calcs": NaN,
        "Normalized EBITDA": NaN,
        "Total Unusual Items": NaN,
        "Total Unusual Items Excluding Goodwill": NaN,
        "Net Income From Continuing Operation Net Minority Interest": NaN,
        "Reconciled Depreciation": NaN,
        "Reconciled Cost Of Revenue": NaN,
        "EBITDA": NaN,
        "EBIT": NaN,
        "Net Interest Income": NaN,
        "Interest Expense": NaN,
        "Normalized Income": NaN,
        "Net Income From Continuing And Discontinued Operation": NaN,
        "Total Expenses": NaN,
        "Total Operating Income As Reported": NaN,
        "Diluted Average Shares": NaN,
        "Basic Average Shares": NaN,
        "Diluted EPS": NaN,
        "Basic EPS": NaN,
        "Diluted NI Availto Com Stockholders": NaN,
        "Average Dilution Earnings": 0.0,
        "Net Income Common Stockholders": NaN,
        "Net Income": NaN,
        "Net Income Including Noncontrolling Interests": NaN,
        "Net Income Continuous Operations": NaN,
        "Tax Provision": NaN,
        "Pretax Income": NaN,
        "Other Income Expense": NaN,
        "Other Non Operating Income Expenses": NaN,
        "Special Income Charges": NaN,
        "Gain On Sale Of Business": NaN,
        "Other Special Charges": NaN,
        "Net Non Operating Interest Income Expense": NaN,
        "Interest Expense Non Operating": NaN,
        "Operating Income": NaN,
        "Operating Expense": NaN,
        "Research And Development": NaN,
        "Selling General And Administration": NaN,
        "Gross Profit": NaN,
        "Cost Of Revenue": NaN,
        "Total Revenue": NaN,
        "Operating Revenue": NaN
    },
    "2022-12-31": {
        "Tax Effect Of Unusual Items": NaN,
        "Tax Rate For Calcs": NaN,
        "Normalized EBITDA": NaN,
        "Total Unusual Items": NaN,
        "Total Unusual Items Excluding Goodwill": NaN,
        "Net Income From Continuing Operation Net Minority Interest": NaN,
        "Reconciled Depreciation": NaN,
        "Reconciled Cost Of Revenue": NaN,
        "EBITDA": NaN,
        "EBIT": NaN,
        "Net Interest Income": NaN,
        "Interest Expense": NaN,
        "Normalized Income": NaN,
        "Net Income From Continuing And Discontinued Operation": NaN,
        "Total Expenses": NaN,
        "Total Operating Income As Reported": NaN,
        "Diluted Average Shares": NaN,
        "Basic Average Shares": NaN,
        "Diluted EPS": NaN,
        "Basic EPS": NaN,
        "Diluted NI Availto Com Stockholders": NaN,
        "Average Dilution Earnings": NaN,
        "Net Income Common Stockholders": NaN,
        "Net Income": NaN,
        "Net Income Including Noncontrolling Interests": NaN,
        "Net Income Continuous Operations": NaN,
        "Tax Provision": NaN,
        "Pretax Income": NaN,
        "Other Income Expense": NaN,
        "Other Non Operating Income Expenses": NaN,
        "Special Income Charges": NaN,
        "Gain On Sale Of Business": NaN,
        "Other Special Charges": 0.0,
        "Net Non Operating Interest Income Expense": NaN,
        "Interest Expense Non Operating": NaN,
        "Operating Income": NaN,
        "Operating Expense": NaN,
        "Research And Development": NaN,
        "Selling General And Administration": NaN,
        "Gross Profit": NaN,
        "Cost Of Revenue": NaN,
        "Total Revenue": NaN,
        "Operating Revenue": NaN
    },
    "2022-09-30": {
        "Tax Effect Of Unusual Items": 0.0,
        "Tax Rate For Calcs": 0.0,
        "Normalized EBITDA": -78115000.0,
        "Total Unusual Items": 0.0,
        "Total Unusual Items Excluding Goodwill": 0.0,
        "Net Income From Continuing Operation Net Minority Interest": -86650000.0,
        "Reconciled Depreciation": 995000.0,
        "Reconciled Cost Of Revenue": 35234000.0,
        "EBITDA": -78115000.0,
        "EBIT": -79110000.0,
        "Net Interest Income": -7540000.0,
        "Interest Expense": 7540000.0,
        "Normalized Income": -86650000.0,
        "Net Income From Continuing And Discontinued Operation": -86650000.0,
        "Total Expenses": 125873000.0,
        "Total Operating Income As Reported": -80449000.0,
        "Diluted Average Shares": 77746895.0,
        "Basic Average Shares": 77746895.0,
        "Diluted EPS": -1.11,
        "Basic EPS": -1.11,
        "Diluted NI Availto Com Stockholders": -86650000.0,
        "Net Income Common Stockholders": -86650000.0,
        "Net Income": -86650000.0,
        "Net Income Including Noncontrolling Interests": -86650000.0,
        "Net Income Continuous Operations": -86650000.0,
        "Tax Provision": 0.0,
        "Pretax Income": -86650000.0,
        "Other Income Expense": 1339000.0,
        "Other Non Operating Income Expenses": 1339000.0,
        "Special Income Charges": 0.0,
        "Other Special Charges": NaN,
        "Net Non Operating Interest Income Expense": -7540000.0,
        "Interest Expense Non Operating": 7540000.0,
        "Operating Income": -80449000.0,
        "Operating Expense": 90639000.0,
        "Research And Development": 45808000.0,
        "Selling General And Administration": 44831000.0,
        "Gross Profit": 10190000.0,
        "Cost Of Revenue": 35234000.0,
        "Total Revenue": 45424000.0,
        "Operating Revenue": 45424000.0
    },
    "2022-06-30": {
        "Tax Effect Of Unusual Items": 0.0,
        "Tax Rate For Calcs": 0.0,
        "Normalized EBITDA": -42683000.0,
        "Total Unusual Items": 0.0,
        "Total Unusual Items Excluding Goodwill": 0.0,
        "Net Income From Continuing Operation Net Minority Interest": -50150000.0,
        "Reconciled Depreciation": 887000.0,
        "Reconciled Cost Of Revenue": 11277000.0,
        "EBITDA": -42683000.0,
        "EBIT": -43570000.0,
        "Net Interest Income": -6580000.0,
        "Interest Expense": 6580000.0,
        "Normalized Income": -50150000.0,
        "Net Income From Continuing And Discontinued Operation": -50150000.0,
        "Total Expenses": 104164000.0,
        "Total Operating Income As Reported": -44013000.0,
        "Diluted Average Shares": 77554717.0,
        "Basic Average Shares": 77554717.0,
        "Diluted EPS": -0.65,
        "Basic EPS": -0.65,
        "Diluted NI Availto Com Stockholders": -50150000.0,
        "Net Income Common Stockholders": -50150000.0,
        "Net Income": -50150000.0,
        "Net Income Including Noncontrolling Interests": -50150000.0,
        "Net Income Continuous Operations": -50150000.0,
        "Tax Provision": 0.0,
        "Pretax Income": -50150000.0,
        "Other Income Expense": 443000.0,
        "Other Non Operating Income Expenses": 443000.0,
        "Special Income Charges": 0.0,
        "Other Special Charges": NaN,
        "Net Non Operating Interest Income Expense": -6580000.0,
        "Interest Expense Non Operating": 6580000.0,
        "Operating Income": -44013000.0,
        "Operating Expense": 92887000.0,
        "Research And Development": 41611000.0,
        "Selling General And Administration": 51276000.0,
        "Gross Profit": 48874000.0,
        "Cost Of Revenue": 11277000.0,
        "Total Revenue": 60151000.0,
        "Operating Revenue": 60151000.0
    },
    "2023-06-30": {
        "Tax Effect Of Unusual Items": NaN,
        "Tax Rate For Calcs": NaN,
        "Normalized EBITDA": NaN,
        "Total Unusual Items": NaN,
        "Total Unusual Items Excluding Goodwill": NaN,
        "Net Income From Continuing Operation Net Minority Interest": NaN,
        "Reconciled Depreciation": NaN,
        "Reconciled Cost Of Revenue": NaN,
        "EBITDA": NaN,
        "EBIT": NaN,
        "Net Interest Income": NaN,
        "Interest Expense": NaN,
        "Normalized Income": NaN,
        "Net Income From Continuing And Discontinued Operation": NaN,
        "Total Expenses": NaN,
        "Total Operating Income As Reported": NaN,
        "Diluted Average Shares": NaN,
        "Basic Average Shares": NaN,
        "Diluted EPS": NaN,
        "Basic EPS": NaN,
        "Diluted NI Availto Com Stockholders": NaN,
        "Average Dilution Earnings": NaN,
        "Net Income Common Stockholders": NaN,
        "Net Income": NaN,
        "Net Income Including Noncontrolling Interests": NaN,
        "Net Income Continuous Operations": NaN,
        "Tax Provision": NaN,
        "Pretax Income": NaN,
        "Other Income Expense": NaN,
        "Other Non Operating Income Expenses": NaN,
        "Special Income Charges": NaN,
        "Gain On Sale Of Business": 0.0,
        "Other Special Charges": NaN,
        "Net Non Operating Interest Income Expense": NaN,
        "Interest Expense Non Operating": NaN,
        "Operating Income": NaN,
        "Operating Expense": NaN,
        "Research And Development": NaN,
        "Selling General And Administration": NaN,
        "Gross Profit": NaN,
        "Cost Of Revenue": NaN,
        "Total Revenue": NaN,
        "Operating Revenue": NaN
    },
    "2022-03-31": {
        "Diluted EPS": -1.24,
        "Total Revenue": 60,
        "Gross Profit": 51,
        "Operating Income": -81,
        "EBIT": -80,
        "Net Income": -96
    },
    "2021-12-31": {
        "Diluted EPS": -0.55,
        "Total Revenue": 73,
        "Gross Profit": 61,
        "Operating Income": -40,
        "EBIT": -39,
        "Net Income": -46
    },
    "2021-09-30": {
        "Diluted EPS": -0.49,
        "Total Revenue": 83,
        "Gross Profit": 61,
        "Operating Income": -33,
        "EBIT": -32,
        "Net Income": -39
    },
    "2021-06-30": {
        "Diluted EPS": -0.4,
        "Total Revenue": 88,
        "Gross Profit": 71,
        "Operating Income": -24,
        "EBIT": -23,
        "Net Income": -30
    },
    "2021-03-31": {
        "Diluted EPS": -2.37,
        "Total Revenue": 83,
        "Gross Profit": 76,
        "Operating Income": -167,
        "EBIT": -167,
        "Net Income": -173
    },
    "2020-12-31": {
        "Diluted EPS": 0.11,
        "Total Revenue": 110,
        "Gross Profit": 99,
        "Operating Income": 16,
        "EBIT": 17,
        "Net Income": 10
    },
    "2020-09-30": {
        "Diluted EPS": 0.33,
        "Total Revenue": 114,
        "Gross Profit": 105,
        "Operating Income": 34,
        "EBIT": 34,
        "Net Income": 28
    },
    "2020-06-30": {
        "Diluted EPS": 0.7,
        "Total Revenue": 136,
        "Gross Profit": 126,
        "Operating Income": 65,
        "EBIT": 66,
        "Net Income": 59
    },
    "2020-03-31": {
        "Diluted EPS": 0.48,
        "Total Revenue": 116,
        "Gross Profit": 109,
        "Operating Income": 41,
        "EBIT": 41,
        "Net Income": 36
    },
    "2019-12-31": {
        "Diluted EPS": 0.57,
        "Total Revenue": 124,
        "Gross Profit": 116,
        "Operating Income": 45,
        "EBIT": 46,
        "Net Income": 39
    },
    "2019-09-30": {
        "Diluted EPS": 0.63,
        "Total Revenue": 112,
        "Gross Profit": 105,
        "Operating Income": 52,
        "EBIT": 53,
        "Net Income": 47
    },
    "2019-06-30": {
        "Diluted EPS": 0.32,
        "Total Revenue": 83,
        "Gross Profit": 83,
        "Operating Income": 27,
        "EBIT": 28,
        "Net Income": 24
    },
    "2019-03-31": {
        "Diluted EPS": -0.29,
        "Total Revenue": 37,
        "Gross Profit": 35,
        "Operating Income": -17,
        "EBIT": -16,
        "Net Income": -20
    },
    "2018-12-31": {
        "Diluted EPS": -0.93,
        "Total Revenue": NaN,
        "Gross Profit": NaN,
        "Operating Income": -61,
        "EBIT": -60,
        "Net Income": -63
    },
    "2018-09-30": {
        "Diluted EPS": -0.87,
        "Total Revenue": NaN,
        "Gross Profit": NaN,
        "Operating Income": -57,
        "EBIT": -56,
        "Net Income": -59
    },
    "2018-06-30": {
        "Diluted EPS": -0.68,
        "Total Revenue": NaN,
        "Gross Profit": NaN,
        "Operating Income": -45,
        "EBIT": -44,
        "Net Income": -44
    },
    "2018-03-31": {
        "Diluted EPS": -0.74,
        "Total Revenue": NaN,
        "Gross Profit": NaN,
        "Operating Income": -42,
        "EBIT": -41,
        "Net Income": -44
    },
    "2017-12-31": {
        "Diluted EPS": -0.77,
        "Total Revenue": 0,
        "Gross Profit": 0,
        "Operating Income": -46,
        "EBIT": -46,
        "Net Income": -49
    },
    "2017-09-30": {
        "Diluted EPS": -1.09,
        "Total Revenue": NaN,
        "Gross Profit": NaN,
        "Operating Income": -57,
        "EBIT": -56,
        "Net Income": -59
    },
    "2017-06-30": {
        "Diluted EPS": -1.08,
        "Total Revenue": 1,
        "Gross Profit": 1,
        "Operating Income": -57,
        "EBIT": -56,
        "Net Income": -55
    },
    "2017-03-31": {
        "Diluted EPS": -1.54,
        "Total Revenue": 0,
        "Gross Profit": 0,
        "Operating Income": -72,
        "EBIT": -72,
        "Net Income": -75
    },
    "2016-12-31": {
        "Diluted EPS": -1.32,
        "Total Revenue": 1,
        "Gross Profit": 1,
        "Operating Income": -73,
        "EBIT": -73,
        "Net Income": -76
    },
    "2016-09-30": {
        "Diluted EPS": 1.67,
        "Total Revenue": 163,
        "Gross Profit": 163,
        "Operating Income": 85,
        "EBIT": 85,
        "Net Income": 84
    },
    "2016-06-30": {
        "Diluted EPS": -1.72,
        "Total Revenue": 14,
        "Gross Profit": 14,
        "Operating Income": -63,
        "EBIT": -62,
        "Net Income": -70
    },
    "2016-03-31": {
        "Diluted EPS": -1.67,
        "Total Revenue": 12,
        "Gross Profit": 12,
        "Operating Income": -64,
        "EBIT": -64,
        "Net Income": -65
    },
    "2015-12-31": {
        "Diluted EPS": -1.37,
        "Total Revenue": 10,
        "Gross Profit": 10,
        "Operating Income": -52,
        "EBIT": -52,
        "Net Income": -52
    },
    "2015-09-30": {
        "Diluted EPS": -1.86,
        "Total Revenue": 7,
        "Gross Profit": 7,
        "Operating Income": -71,
        "EBIT": -71,
        "Net Income": -71
    },
    "2015-06-30": {
        "Diluted EPS": -1.56,
        "Total Revenue": 7,
        "Gross Profit": 7,
        "Operating Income": -59,
        "EBIT": -58,
        "Net Income": -59
    },
    "2015-03-31": {
        "Diluted EPS": -1.22,
        "Total Revenue": 6,
        "Gross Profit": 6,
        "Operating Income": -37,
        "EBIT": -37,
        "Net Income": -41
    },
    "2014-12-31": {
        "Diluted EPS": -1.47,
        "Total Revenue": 6,
        "Gross Profit": 6,
        "Operating Income": -27,
        "EBIT": -26,
        "Net Income": -29
    },
    "2014-09-30": {
        "Diluted EPS": -1.79,
        "Total Revenue": 16,
        "Gross Profit": 16,
        "Operating Income": -6,
        "EBIT": -6,
        "Net Income": -8
    },
    "2014-06-30": {
        "Diluted EPS": -5.96,
        "Total Revenue": 5,
        "Gross Profit": 5,
        "Operating Income": -18,
        "EBIT": -18,
        "Net Income": -25
    },
    "2014-03-31": {
        "Diluted EPS": -6.03,
        "Total Revenue": 4,
        "Gross Profit": 4,
        "Operating Income": -14,
        "EBIT": -14,
        "Net Income": -25
    },
    "2013-12-31": {
        "Diluted EPS": 0.0,
        "Total Revenue": NaN,
        "Gross Profit": NaN,
        "Operating Income": NaN,
        "EBIT": NaN,
        "Net Income": NaN
    },
    "2013-09-30": {
        "Diluted EPS": -6.23,
        "Total Revenue": 1,
        "Gross Profit": 1,
        "Operating Income": -7,
        "EBIT": -7,
        "Net Income": -21
    },
    "2012-12-31": {
        "Diluted EPS": 0.0,
        "Total Revenue": NaN,
        "Gross Profit": NaN,
        "Operating Income": NaN,
        "EBIT": NaN,
        "Net Income": NaN
    },
    "2023-09-30": {
        "Tax Effect Of Unusual Items": NaN,
        "Tax Rate For Calcs": NaN,
        "Normalized EBITDA": NaN,
        "Total Unusual Items": NaN,
        "Total Unusual Items Excluding Goodwill": NaN,
        "Net Income From Continuing Operation Net Minority Interest": NaN,
        "Reconciled Depreciation": NaN,
        "Reconciled Cost Of Revenue": NaN,
        "EBITDA": NaN,
        "EBIT": NaN,
        "Net Interest Income": NaN,
        "Interest Expense": NaN,
        "Normalized Income": NaN,
        "Net Income From Continuing And Discontinued Operation": NaN,
        "Total Expenses": NaN,
        "Total Operating Income As Reported": NaN,
        "Diluted Average Shares": NaN,
        "Basic Average Shares": NaN,
        "Diluted EPS": NaN,
        "Basic EPS": NaN,
        "Diluted NI Availto Com Stockholders": NaN,
        "Average Dilution Earnings": NaN,
        "Net Income Common Stockholders": NaN,
        "Net Income": NaN,
        "Net Income Including Noncontrolling Interests": NaN,
        "Net Income Discontinuous Operations": NaN,
        "Net Income Continuous Operations": NaN,
        "Tax Provision": NaN,
        "Pretax Income": NaN,
        "Other Income Expense": NaN,
        "Other Non Operating Income Expenses": NaN,
        "Special Income Charges": NaN,
        "Gain On Sale Of Business": 0.0,
        "Other Special Charges": NaN,
        "Net Non Operating Interest Income Expense": NaN,
        "Interest Expense Non Operating": NaN,
        "Operating Income": NaN,
        "Operating Expense": NaN,
        "Research And Development": NaN,
        "Selling General And Administration": NaN,
        "Gross Profit": NaN,
        "Cost Of Revenue": NaN,
        "Total Revenue": NaN,
        "Operating Revenue": NaN
    },
    "2023-12-31": {
        "Tax Effect Of Unusual Items": NaN,
        "Tax Rate For Calcs": NaN,
        "Normalized EBITDA": NaN,
        "Total Unusual Items": 0.0,
        "Total Unusual Items Excluding Goodwill": 0.0,
        "Net Income From Continuing Operation Net Minority Interest": NaN,
        "Reconciled Depreciation": NaN,
        "Reconciled Cost Of Revenue": NaN,
        "EBITDA": NaN,
        "EBIT": NaN,
        "Net Interest Income": NaN,
        "Interest Expense": NaN,
        "Normalized Income": NaN,
        "Net Income From Continuing And Discontinued Operation": NaN,
        "Total Expenses": NaN,
        "Total Operating Income As Reported": NaN,
        "Diluted Average Shares": NaN,
        "Basic Average Shares": NaN,
        "Diluted EPS": NaN,
        "Basic EPS": NaN,
        "Diluted NI Availto Com Stockholders": NaN,
        "Average Dilution Earnings": NaN,
        "Net Income Common Stockholders": NaN,
        "Net Income": NaN,
        "Net Income Including Noncontrolling Interests": NaN,
        "Net Income Discontinuous Operations": NaN,
        "Net Income Continuous Operations": NaN,
        "Tax Provision": NaN,
        "Pretax Income": NaN,
        "Other Income Expense": NaN,
        "Other Non Operating Income Expenses": NaN,
        "Special Income Charges": 0.0,
        "Gain On Sale Of Business": NaN,
        "Other Special Charges": NaN,
        "Net Non Operating Interest Income Expense": NaN,
        "Interest Expense Non Operating": NaN,
        "Operating Income": NaN,
        "Operating Expense": NaN,
        "Research And Development": NaN,
        "Selling General And Administration": NaN,
        "Gross Profit": NaN,
        "Cost Of Revenue": NaN,
        "Total Revenue": NaN,
        "Operating Revenue": NaN
    },
    "2024-03-31": {
        "Tax Effect Of Unusual Items": NaN,
        "Tax Rate For Calcs": NaN,
        "Normalized EBITDA": NaN,
        "Total Unusual Items": NaN,
        "Total Unusual Items Excluding Goodwill": NaN,
        "Net Income From Continuing Operation Net Minority Interest": NaN,
        "Reconciled Depreciation": NaN,
        "Reconciled Cost Of Revenue": NaN,
        "EBITDA": NaN,
        "EBIT": NaN,
        "Net Interest Income": NaN,
        "Interest Expense": NaN,
        "Normalized Income": NaN,
        "Net Income From Continuing And Discontinued Operation": NaN,
        "Total Expenses": NaN,
        "Total Operating Income As Reported": NaN,
        "Diluted Average Shares": NaN,
        "Basic Average Shares": NaN,
        "Diluted EPS": NaN,
        "Basic EPS": NaN,
        "Diluted NI Availto Com Stockholders": NaN,
        "Average Dilution Earnings": 1195000.0,
        "Net Income Common Stockholders": NaN,
        "Net Income": NaN,
        "Net Income Including Noncontrolling Interests": NaN,
        "Net Income Discontinuous Operations": 170911000.0,
        "Net Income Continuous Operations": NaN,
        "Tax Provision": NaN,
        "Pretax Income": NaN,
        "Other Income Expense": NaN,
        "Other Non Operating Income Expenses": NaN,
        "Special Income Charges": NaN,
        "Gain On Sale Of Business": 153647000.0,
        "Other Special Charges": NaN,
        "Net Non Operating Interest Income Expense": NaN,
        "Interest Expense Non Operating": NaN,
        "Operating Income": NaN,
        "Operating Expense": NaN,
        "Research And Development": NaN,
        "Selling General And Administration": NaN,
        "Gross Profit": NaN,
        "Cost Of Revenue": NaN,
        "Total Revenue": NaN,
        "Operating Revenue": NaN
    },
    "2024-06-30": {
        "Tax Effect Of Unusual Items": NaN,
        "Tax Rate For Calcs": NaN,
        "Normalized EBITDA": NaN,
        "Total Unusual Items": -12630000.0,
        "Total Unusual Items Excluding Goodwill": -12630000.0,
        "Net Income From Continuing Operation Net Minority Interest": NaN,
        "Reconciled Depreciation": NaN,
        "Reconciled Cost Of Revenue": NaN,
        "EBITDA": NaN,
        "EBIT": NaN,
        "Net Interest Income": NaN,
        "Interest Expense": NaN,
        "Normalized Income": NaN,
        "Net Income From Continuing And Discontinued Operation": NaN,
        "Total Expenses": NaN,
        "Total Operating Income As Reported": NaN,
        "Diluted Average Shares": NaN,
        "Basic Average Shares": NaN,
        "Diluted EPS": NaN,
        "Basic EPS": NaN,
        "Diluted NI Availto Com Stockholders": NaN,
        "Net Income Common Stockholders": NaN,
        "Net Income": NaN,
        "Net Income Including Noncontrolling Interests": NaN,
        "Net Income Discontinuous Operations": 41930000.0,
        "Net Income Continuous Operations": NaN,
        "Tax Provision": NaN,
        "Pretax Income": NaN,
        "Other Income Expense": NaN,
        "Other Non Operating Income Expenses": NaN,
        "Special Income Charges": -12630000.0,
        "Gain On Sale Of Business": 24085000.0,
        "Other Special Charges": 12630000.0,
        "Net Non Operating Interest Income Expense": NaN,
        "Interest Expense Non Operating": NaN,
        "Operating Income": NaN,
        "Operating Expense": NaN,
        "Research And Development": NaN,
        "Selling General And Administration": NaN,
        "Gross Profit": NaN,
        "Cost Of Revenue": NaN,
        "Total Revenue": NaN,
        "Operating Revenue": NaN
    },
    "2024-09-30": {
        "Tax Effect Of Unusual Items": 0.0,
        "Tax Rate For Calcs": 0.0,
        "Normalized EBITDA": -43223000.0,
        "Total Unusual Items": 0.0,
        "Total Unusual Items Excluding Goodwill": 0.0,
        "Net Income From Continuing Operation Net Minority Interest": -47599000.0,
        "Reconciled Depreciation": 1549000.0,
        "Reconciled Cost Of Revenue": 2729000.0,
        "EBITDA": -43223000.0,
        "EBIT": -44772000.0,
        "Net Interest Income": -2827000.0,
        "Interest Expense": 2827000.0,
        "Normalized Income": -47599000.0,
        "Net Income From Continuing And Discontinued Operation": -10751000.0,
        "Total Expenses": 52908000.0,
        "Total Operating Income As Reported": -46856000.0,
        "Diluted Average Shares": 115210091.0,
        "Basic Average Shares": 115210091.0,
        "Diluted EPS": -0.09,
        "Basic EPS": -0.09,
        "Diluted NI Availto Com Stockholders": -10751000.0,
        "Net Income Common Stockholders": -10751000.0,
        "Net Income": -10751000.0,
        "Net Income Including Noncontrolling Interests": -10751000.0,
        "Net Income Discontinuous Operations": NaN,
        "Net Income Continuous Operations": -47599000.0,
        "Tax Provision": 0.0,
        "Pretax Income": -47599000.0,
        "Other Income Expense": 2084000.0,
        "Other Non Operating Income Expenses": 2084000.0,
        "Special Income Charges": 0.0,
        "Gain On Sale Of Business": -1086000.0,
        "Other Special Charges": NaN,
        "Net Non Operating Interest Income Expense": -2827000.0,
        "Interest Expense Non Operating": 2827000.0,
        "Operating Income": -46856000.0,
        "Operating Expense": 50179000.0,
        "Research And Development": 22052000.0,
        "Selling General And Administration": 28127000.0,
        "Gross Profit": 3323000.0,
        "Cost Of Revenue": 2729000.0,
        "Total Revenue": 6052000.0,
        "Operating Revenue": 6052000.0
    },
    "2024-12-31": {
        "Tax Effect Of Unusual Items": 0.0,
        "Tax Rate For Calcs": 0.0,
        "Normalized EBITDA": -44260000.0,
        "Total Unusual Items": -57000.0,
        "Total Unusual Items Excluding Goodwill": -57000.0,
        "Net Income From Continuing Operation Net Minority Interest": -50696000.0,
        "Reconciled Depreciation": 1033000.0,
        "Reconciled Cost Of Revenue": 33858000.0,
        "EBITDA": -44317000.0,
        "EBIT": -45350000.0,
        "Net Interest Income": -5346000.0,
        "Interest Expense": 5346000.0,
        "Normalized Income": -50639000.0,
        "Net Income From Continuing And Discontinued Operation": -50696000.0,
        "Total Expenses": 96390000.0,
        "Total Operating Income As Reported": -42246000.0,
        "Diluted Average Shares": 115418069.0,
        "Basic Average Shares": 115418069.0,
        "Diluted EPS": -0.44,
        "Basic EPS": -0.44,
        "Diluted NI Availto Com Stockholders": -50696000.0,
        "Net Income Common Stockholders": -50696000.0,
        "Net Income": -50696000.0,
        "Net Income Including Noncontrolling Interests": -50696000.0,
        "Net Income Discontinuous Operations": NaN,
        "Net Income Continuous Operations": -50696000.0,
        "Tax Provision": 0.0,
        "Pretax Income": -50696000.0,
        "Other Income Expense": -3104000.0,
        "Other Non Operating Income Expenses": -3047000.0,
        "Special Income Charges": -57000.0,
        "Gain On Sale Of Business": -57000.0,
        "Other Special Charges": 0.0,
        "Net Non Operating Interest Income Expense": -5346000.0,
        "Interest Expense Non Operating": 5346000.0,
        "Operating Income": -42246000.0,
        "Operating Expense": 62532000.0,
        "Research And Development": 21235000.0,
        "Selling General And Administration": 41297000.0,
        "Gross Profit": 20286000.0,
        "Cost Of Revenue": 33858000.0,
        "Total Revenue": 54144000.0,
        "Operating Revenue": 54144000.0
    },
    "2025-03-31": {
        "Tax Effect Of Unusual Items": 0.0,
        "Tax Rate For Calcs": 0.0,
        "Normalized EBITDA": -44202000.0,
        "Total Unusual Items": NaN,
        "Total Unusual Items Excluding Goodwill": NaN,
        "Net Income From Continuing Operation Net Minority Interest": -47398000.0,
        "Reconciled Depreciation": 1046000.0,
        "Reconciled Cost Of Revenue": 2653000.0,
        "EBITDA": -44202000.0,
        "EBIT": -45248000.0,
        "Net Interest Income": -2150000.0,
        "Interest Expense": 2150000.0,
        "Normalized Income": -47398000.0,
        "Net Income From Continuing And Discontinued Operation": -56569000.0,
        "Total Expenses": 53034000.0,
        "Total Operating Income As Reported": -45435000.0,
        "Diluted Average Shares": 115857780.0,
        "Basic Average Shares": 115857780.0,
        "Diluted EPS": -0.49,
        "Basic EPS": -0.49,
        "Diluted NI Availto Com Stockholders": -56569000.0,
        "Net Income Common Stockholders": -56569000.0,
        "Net Income": -56569000.0,
        "Net Income Including Noncontrolling Interests": -56569000.0,
        "Net Income Discontinuous Operations": -9171000.0,
        "Net Income Continuous Operations": -47398000.0,
        "Tax Provision": 0.0,
        "Pretax Income": -47398000.0,
        "Other Income Expense": 187000.0,
        "Other Non Operating Income Expenses": 187000.0,
        "Special Income Charges": NaN,
        "Gain On Sale Of Business": NaN,
        "Other Special Charges": NaN,
        "Net Non Operating Interest Income Expense": -2150000.0,
        "Interest Expense Non Operating": 2150000.0,
        "Operating Income": -45435000.0,
        "Operating Expense": 50381000.0,
        "Research And Development": 24356000.0,
        "Selling General And Administration": 26025000.0,
        "Gross Profit": 4946000.0,
        "Cost Of Revenue": 2653000.0,
        "Total Revenue": 7599000.0,
        "Operating Revenue": 7599000.0
    },
    "2025-06-30": {
        "Tax Effect Of Unusual Items": 0.0,
        "Tax Rate For Calcs": 0.0,
        "Normalized EBITDA": -41569000.0,
        "Total Unusual Items": 0.0,
        "Total Unusual Items Excluding Goodwill": 0.0,
        "Net Income From Continuing Operation Net Minority Interest": -44862000.0,
        "Reconciled Depreciation": 1016000.0,
        "Reconciled Cost Of Revenue": 3395000.0,
        "EBITDA": -41569000.0,
        "EBIT": -42585000.0,
        "Net Interest Income": -2277000.0,
        "Interest Expense": 2277000.0,
        "Normalized Income": -44862000.0,
        "Net Income From Continuing And Discontinued Operation": 297767000.0,
        "Total Expenses": 55740000.0,
        "Total Operating Income As Reported": -45486000.0,
        "Diluted Average Shares": 116077710.0,
        "Basic Average Shares": 116077710.0,
        "Diluted EPS": 2.57,
        "Basic EPS": 2.57,
        "Diluted NI Availto Com Stockholders": 297767000.0,
        "Net Income Common Stockholders": 297767000.0,
        "Net Income": 297767000.0,
        "Net Income Including Noncontrolling Interests": 297767000.0,
        "Net Income Discontinuous Operations": 342629000.0,
        "Net Income Continuous Operations": -44862000.0,
        "Tax Provision": 0.0,
        "Pretax Income": -44862000.0,
        "Other Income Expense": 2901000.0,
        "Other Non Operating Income Expenses": 2901000.0,
        "Special Income Charges": 0.0,
        "Gain On Sale Of Business": NaN,
        "Other Special Charges": NaN,
        "Net Non Operating Interest Income Expense": -2277000.0,
        "Interest Expense Non Operating": 2277000.0,
        "Operating Income": -45486000.0,
        "Operating Expense": 52345000.0,
        "Research And Development": 26306000.0,
        "Selling General And Administration": 26039000.0,
        "Gross Profit": 6859000.0,
        "Cost Of Revenue": 3395000.0,
        "Total Revenue": 10254000.0,
        "Operating Revenue": 10254000.0
    },
    "2025-09-30": {
        "Tax Effect Of Unusual Items": 0.0,
        "Tax Rate For Calcs": 0.0,
        "Normalized EBITDA": -41226000.0,
        "Total Unusual Items": 0.0,
        "Total Unusual Items Excluding Goodwill": 0.0,
        "Net Income From Continuing Operation Net Minority Interest": -44517000.0,
        "Reconciled Depreciation": 966000.0,
        "Reconciled Cost Of Revenue": 3721000.0,
        "EBITDA": -41226000.0,
        "EBIT": -42192000.0,
        "Net Interest Income": -2325000.0,
        "Interest Expense": 2325000.0,
        "Normalized Income": -44517000.0,
        "Net Income From Continuing And Discontinued Operation": -35531000.0,
        "Total Expenses": 55904000.0,
        "Total Operating Income As Reported": -44333000.0,
        "Diluted Average Shares": 116229170.0,
        "Basic Average Shares": 116229170.0,
        "Diluted EPS": -0.31,
        "Basic EPS": -0.31,
        "Diluted NI Availto Com Stockholders": -35531000.0,
        "Net Income Common Stockholders": -35531000.0,
        "Net Income": -35531000.0,
        "Net Income Including Noncontrolling Interests": -35531000.0,
        "Net Income Discontinuous Operations": 8986000.0,
        "Net Income Continuous Operations": -44517000.0,
        "Tax Provision": 0.0,
        "Pretax Income": -44517000.0,
        "Other Income Expense": 2141000.0,
        "Other Non Operating Income Expenses": 2141000.0,
        "Special Income Charges": 0.0,
        "Gain On Sale Of Business": NaN,
        "Other Special Charges": NaN,
        "Net Non Operating Interest Income Expense": -2325000.0,
        "Interest Expense Non Operating": 2325000.0,
        "Operating Income": -44333000.0,
        "Operating Expense": 52183000.0,
        "Research And Development": 27252000.0,
        "Selling General And Administration": 24931000.0,
        "Gross Profit": 7850000.0,
        "Cost Of Revenue": 3721000.0,
        "Total Revenue": 11571000.0,
        "Operating Revenue": 11571000.0
    }
}