{
    "2023-03-31": {
        "Tax Effect Of Unusual Items": NaN,
        "Tax Rate For Calcs": NaN,
        "Normalized EBITDA": NaN,
        "Total Unusual Items": NaN,
        "Total Unusual Items Excluding Goodwill": NaN,
        "Net Income From Continuing Operation Net Minority Interest": NaN,
        "Reconciled Depreciation": NaN,
        "Reconciled Cost Of Revenue": NaN,
        "EBITDA": NaN,
        "EBIT": NaN,
        "Net Interest Income": NaN,
        "Interest Income": 777000.0,
        "Normalized Income": NaN,
        "Net Income From Continuing And Discontinued Operation": NaN,
        "Total Expenses": NaN,
        "Rent Expense Supplemental": NaN,
        "Total Operating Income As Reported": NaN,
        "Diluted Average Shares": NaN,
        "Basic Average Shares": NaN,
        "Diluted EPS": NaN,
        "Basic EPS": NaN,
        "Diluted NI Availto Com Stockholders": NaN,
        "Net Income Common Stockholders": NaN,
        "Net Income": NaN,
        "Net Income Including Noncontrolling Interests": NaN,
        "Net Income Continuous Operations": NaN,
        "Tax Provision": NaN,
        "Pretax Income": NaN,
        "Other Income Expense": NaN,
        "Special Income Charges": NaN,
        "Other Special Charges": NaN,
        "Impairment Of Capital Assets": NaN,
        "Restructuring And Mergern Acquisition": NaN,
        "Net Non Operating Interest Income Expense": NaN,
        "Total Other Finance Cost": -777000.0,
        "Interest Income Non Operating": 777000.0,
        "Operating Income": NaN,
        "Operating Expense": NaN,
        "Other Operating Expenses": NaN,
        "Depreciation Amortization Depletion Income Statement": NaN,
        "Depreciation And Amortization In Income Statement": NaN,
        "Depreciation Income Statement": NaN,
        "Selling General And Administration": NaN,
        "Selling And Marketing Expense": NaN,
        "General And Administrative Expense": NaN,
        "Other Gand A": NaN,
        "Rent And Landing Fees": NaN,
        "Gross Profit": NaN,
        "Cost Of Revenue": NaN,
        "Total Revenue": NaN,
        "Operating Revenue": NaN
    },
    "2022-12-31": {
        "Tax Effect Of Unusual Items": NaN,
        "Tax Rate For Calcs": NaN,
        "Normalized EBITDA": NaN,
        "Total Unusual Items": NaN,
        "Total Unusual Items Excluding Goodwill": NaN,
        "Net Income From Continuing Operation Net Minority Interest": NaN,
        "Reconciled Depreciation": NaN,
        "Reconciled Cost Of Revenue": NaN,
        "EBITDA": NaN,
        "EBIT": NaN,
        "Net Interest Income": NaN,
        "Interest Income": NaN,
        "Normalized Income": NaN,
        "Net Income From Continuing And Discontinued Operation": NaN,
        "Total Expenses": NaN,
        "Rent Expense Supplemental": NaN,
        "Total Operating Income As Reported": NaN,
        "Diluted Average Shares": NaN,
        "Basic Average Shares": NaN,
        "Diluted EPS": NaN,
        "Basic EPS": NaN,
        "Diluted NI Availto Com Stockholders": NaN,
        "Net Income Common Stockholders": NaN,
        "Net Income": NaN,
        "Net Income Including Noncontrolling Interests": NaN,
        "Net Income Continuous Operations": NaN,
        "Tax Provision": NaN,
        "Pretax Income": NaN,
        "Other Income Expense": NaN,
        "Special Income Charges": NaN,
        "Other Special Charges": NaN,
        "Impairment Of Capital Assets": 2950000.0,
        "Restructuring And Mergern Acquisition": NaN,
        "Net Non Operating Interest Income Expense": NaN,
        "Total Other Finance Cost": -494000.0,
        "Interest Income Non Operating": NaN,
        "Operating Income": NaN,
        "Operating Expense": NaN,
        "Other Operating Expenses": NaN,
        "Depreciation Amortization Depletion Income Statement": NaN,
        "Depreciation And Amortization In Income Statement": NaN,
        "Depreciation Income Statement": NaN,
        "Selling General And Administration": NaN,
        "Selling And Marketing Expense": NaN,
        "General And Administrative Expense": NaN,
        "Other Gand A": NaN,
        "Rent And Landing Fees": NaN,
        "Gross Profit": NaN,
        "Cost Of Revenue": NaN,
        "Total Revenue": NaN,
        "Operating Revenue": NaN
    },
    "2022-09-30": {
        "Tax Effect Of Unusual Items": NaN,
        "Tax Rate For Calcs": NaN,
        "Normalized EBITDA": NaN,
        "Total Unusual Items": NaN,
        "Total Unusual Items Excluding Goodwill": NaN,
        "Net Income From Continuing Operation Net Minority Interest": NaN,
        "Reconciled Depreciation": NaN,
        "Reconciled Cost Of Revenue": NaN,
        "EBITDA": NaN,
        "EBIT": NaN,
        "Net Interest Income": NaN,
        "Interest Income": 331000.0,
        "Normalized Income": NaN,
        "Net Income From Continuing And Discontinued Operation": NaN,
        "Total Expenses": NaN,
        "Rent Expense Supplemental": NaN,
        "Total Operating Income As Reported": NaN,
        "Diluted Average Shares": NaN,
        "Basic Average Shares": NaN,
        "Diluted EPS": NaN,
        "Basic EPS": NaN,
        "Diluted NI Availto Com Stockholders": NaN,
        "Net Income Common Stockholders": NaN,
        "Net Income": NaN,
        "Net Income Including Noncontrolling Interests": NaN,
        "Net Income Continuous Operations": NaN,
        "Tax Provision": NaN,
        "Pretax Income": NaN,
        "Other Income Expense": NaN,
        "Special Income Charges": NaN,
        "Other Special Charges": -279000.0,
        "Impairment Of Capital Assets": 673000.0,
        "Restructuring And Mergern Acquisition": NaN,
        "Net Non Operating Interest Income Expense": NaN,
        "Total Other Finance Cost": -331000.0,
        "Interest Income Non Operating": 331000.0,
        "Operating Income": NaN,
        "Operating Expense": NaN,
        "Other Operating Expenses": NaN,
        "Depreciation Amortization Depletion Income Statement": NaN,
        "Depreciation And Amortization In Income Statement": NaN,
        "Depreciation Income Statement": NaN,
        "Selling General And Administration": NaN,
        "Selling And Marketing Expense": NaN,
        "General And Administrative Expense": NaN,
        "Other Gand A": NaN,
        "Rent And Landing Fees": NaN,
        "Gross Profit": NaN,
        "Cost Of Revenue": NaN,
        "Total Revenue": NaN,
        "Operating Revenue": NaN
    },
    "2022-06-30": {
        "Tax Effect Of Unusual Items": -67528.0,
        "Tax Rate For Calcs": 0.092,
        "Normalized EBITDA": 15040000.0,
        "Total Unusual Items": -734000.0,
        "Total Unusual Items Excluding Goodwill": -734000.0,
        "Net Income From Continuing Operation Net Minority Interest": 7871000.0,
        "Reconciled Depreciation": 4981000.0,
        "Reconciled Cost Of Revenue": 63141000.0,
        "EBITDA": 14306000.0,
        "EBIT": 9325000.0,
        "Net Interest Income": 75000.0,
        "Interest Income": NaN,
        "Normalized Income": 8537472.0,
        "Net Income From Continuing And Discontinued Operation": 7871000.0,
        "Total Expenses": 101621000.0,
        "Rent Expense Supplemental": 7556000.0,
        "Total Operating Income As Reported": 8591000.0,
        "Diluted Average Shares": 18983553.0,
        "Basic Average Shares": 18919473.0,
        "Diluted EPS": 0.41,
        "Basic EPS": 0.42,
        "Diluted NI Availto Com Stockholders": 7871000.0,
        "Net Income Common Stockholders": 7871000.0,
        "Net Income": 7871000.0,
        "Net Income Including Noncontrolling Interests": 7871000.0,
        "Net Income Continuous Operations": 7871000.0,
        "Tax Provision": 795000.0,
        "Pretax Income": 8666000.0,
        "Other Income Expense": -734000.0,
        "Special Income Charges": -734000.0,
        "Other Special Charges": -23000.0,
        "Impairment Of Capital Assets": 734000.0,
        "Restructuring And Mergern Acquisition": 757000.0,
        "Net Non Operating Interest Income Expense": 75000.0,
        "Total Other Finance Cost": -75000.0,
        "Interest Income Non Operating": NaN,
        "Operating Income": 9325000.0,
        "Operating Expense": 38480000.0,
        "Other Operating Expenses": 17835000.0,
        "Depreciation Amortization Depletion Income Statement": 4981000.0,
        "Depreciation And Amortization In Income Statement": 4981000.0,
        "Depreciation Income Statement": 4981000.0,
        "Selling General And Administration": 15664000.0,
        "Selling And Marketing Expense": 1614000.0,
        "General And Administrative Expense": 14050000.0,
        "Other Gand A": 6494000.0,
        "Rent And Landing Fees": 7556000.0,
        "Gross Profit": 47805000.0,
        "Cost Of Revenue": 63141000.0,
        "Total Revenue": 110946000.0,
        "Operating Revenue": 110946000.0
    },
    "2022-03-31": {
        "Diluted EPS": 0.29,
        "Total Revenue": 100,
        "Gross Profit": 74,
        "Operating Income": 6,
        "EBIT": 13,
        "Net Income": 6
    },
    "2021-12-31": {
        "Diluted EPS": 0.3,
        "Total Revenue": 99,
        "Gross Profit": 73,
        "Operating Income": 7,
        "EBIT": 15,
        "Net Income": 6
    },
    "2021-09-30": {
        "Diluted EPS": 0.3,
        "Total Revenue": 102,
        "Gross Profit": 77,
        "Operating Income": 7,
        "EBIT": 15,
        "Net Income": 6
    },
    "2021-06-30": {
        "Diluted EPS": 0.57,
        "Total Revenue": 108,
        "Gross Profit": 83,
        "Operating Income": 14,
        "EBIT": 21,
        "Net Income": 12
    },
    "2021-03-31": {
        "Diluted EPS": 0.33,
        "Total Revenue": 88,
        "Gross Profit": 67,
        "Operating Income": 6,
        "EBIT": 13,
        "Net Income": 7
    },
    "2020-12-31": {
        "Diluted EPS": 0.17,
        "Total Revenue": 79,
        "Gross Profit": 59,
        "Operating Income": 2,
        "EBIT": 9,
        "Net Income": 2
    },
    "2020-09-30": {
        "Diluted EPS": 0.14,
        "Total Revenue": 82,
        "Gross Profit": 62,
        "Operating Income": 3,
        "EBIT": 11,
        "Net Income": 3
    },
    "2020-06-30": {
        "Diluted EPS": 0.26,
        "Total Revenue": 66,
        "Gross Profit": 50,
        "Operating Income": 4,
        "EBIT": 11,
        "Net Income": 5
    },
    "2020-03-31": {
        "Diluted EPS": -0.75,
        "Total Revenue": 95,
        "Gross Profit": 70,
        "Operating Income": -18,
        "EBIT": -10,
        "Net Income": -12
    },
    "2019-12-31": {
        "Diluted EPS": -0.08,
        "Total Revenue": 102,
        "Gross Profit": 75,
        "Operating Income": -3,
        "EBIT": 10,
        "Net Income": -1
    },
    "2019-09-30": {
        "Diluted EPS": -0.11,
        "Total Revenue": 109,
        "Gross Profit": 80,
        "Operating Income": -3,
        "EBIT": 2,
        "Net Income": -2
    },
    "2019-06-30": {
        "Diluted EPS": 0.37,
        "Total Revenue": 113,
        "Gross Profit": 84,
        "Operating Income": 6,
        "EBIT": 8,
        "Net Income": 6
    },
    "2019-03-31": {
        "Diluted EPS": 0.19,
        "Total Revenue": 102,
        "Gross Profit": 76,
        "Operating Income": 3,
        "EBIT": 12,
        "Net Income": 3
    },
    "2018-12-31": {
        "Diluted EPS": 0.19,
        "Total Revenue": 97,
        "Gross Profit": 71,
        "Operating Income": 1,
        "EBIT": 6,
        "Net Income": 3
    },
    "2018-09-30": {
        "Diluted EPS": -0.44,
        "Total Revenue": 101,
        "Gross Profit": 75,
        "Operating Income": -9,
        "EBIT": -5,
        "Net Income": -8
    },
    "2018-06-30": {
        "Diluted EPS": 0.38,
        "Total Revenue": 106,
        "Gross Profit": 79,
        "Operating Income": 7,
        "EBIT": 11,
        "Net Income": 6
    },
    "2018-03-31": {
        "Diluted EPS": 0.19,
        "Total Revenue": 94,
        "Gross Profit": 70,
        "Operating Income": 4,
        "EBIT": 8,
        "Net Income": 3
    },
    "2017-12-31": {
        "Diluted EPS": 0.93,
        "Total Revenue": 96,
        "Gross Profit": 71,
        "Operating Income": 6,
        "EBIT": 9,
        "Net Income": 16
    },
    "2017-09-30": {
        "Diluted EPS": 0.19,
        "Total Revenue": 92,
        "Gross Profit": 68,
        "Operating Income": 4,
        "EBIT": 8,
        "Net Income": 3
    },
    "2017-06-30": {
        "Diluted EPS": 0.31,
        "Total Revenue": 94,
        "Gross Profit": 70,
        "Operating Income": 7,
        "EBIT": 11,
        "Net Income": 5
    },
    "2017-03-31": {
        "Diluted EPS": 0.27,
        "Total Revenue": 87,
        "Gross Profit": 65,
        "Operating Income": 6,
        "EBIT": 10,
        "Net Income": 5
    },
    "2016-12-31": {
        "Diluted EPS": 0.14,
        "Total Revenue": 79,
        "Gross Profit": 58,
        "Operating Income": 3,
        "EBIT": 6,
        "Net Income": 2
    },
    "2016-09-30": {
        "Diluted EPS": 0.27,
        "Total Revenue": 86,
        "Gross Profit": 63,
        "Operating Income": 7,
        "EBIT": 10,
        "Net Income": 5
    },
    "2016-06-30": {
        "Diluted EPS": 0.34,
        "Total Revenue": 88,
        "Gross Profit": 66,
        "Operating Income": 8,
        "EBIT": 12,
        "Net Income": 6
    },
    "2016-03-31": {
        "Diluted EPS": 0.27,
        "Total Revenue": 78,
        "Gross Profit": 58,
        "Operating Income": 6,
        "EBIT": 9,
        "Net Income": 5
    },
    "2015-12-31": {
        "Diluted EPS": 0.02,
        "Total Revenue": 71,
        "Gross Profit": 52,
        "Operating Income": 0,
        "EBIT": 3,
        "Net Income": 0
    },
    "2015-09-30": {
        "Diluted EPS": 0.24,
        "Total Revenue": 74,
        "Gross Profit": 54,
        "Operating Income": 7,
        "EBIT": 9,
        "Net Income": 4
    },
    "2015-06-30": {
        "Diluted EPS": 0.32,
        "Total Revenue": 75,
        "Gross Profit": 56,
        "Operating Income": 8,
        "EBIT": 10,
        "Net Income": 5
    },
    "2015-03-31": {
        "Diluted EPS": 0.19,
        "Total Revenue": 67,
        "Gross Profit": 49,
        "Operating Income": 5,
        "EBIT": 7,
        "Net Income": 3
    },
    "2014-12-31": {
        "Diluted EPS": 0.13,
        "Total Revenue": 62,
        "Gross Profit": 44,
        "Operating Income": 3,
        "EBIT": 6,
        "Net Income": 2
    },
    "2014-09-30": {
        "Diluted EPS": 0.19,
        "Total Revenue": 64,
        "Gross Profit": 46,
        "Operating Income": 4,
        "EBIT": 7,
        "Net Income": 3
    },
    "2014-06-30": {
        "Diluted EPS": 0.21,
        "Total Revenue": 63,
        "Gross Profit": 45,
        "Operating Income": 5,
        "EBIT": 7,
        "Net Income": 3
    },
    "2014-03-31": {
        "Diluted EPS": 0.16,
        "Total Revenue": 56,
        "Gross Profit": 40,
        "Operating Income": 4,
        "EBIT": 6,
        "Net Income": 3
    },
    "2013-12-31": {
        "Diluted EPS": 0.14,
        "Total Revenue": 51,
        "Gross Profit": 37,
        "Operating Income": 3,
        "EBIT": 5,
        "Net Income": 2
    },
    "2013-09-30": {
        "Diluted EPS": 0.17,
        "Total Revenue": 53,
        "Gross Profit": 39,
        "Operating Income": 4,
        "EBIT": 6,
        "Net Income": 3
    },
    "2013-06-30": {
        "Diluted EPS": 0.19,
        "Total Revenue": 53,
        "Gross Profit": 39,
        "Operating Income": 5,
        "EBIT": 7,
        "Net Income": 3
    },
    "2013-03-31": {
        "Diluted EPS": 0.16,
        "Total Revenue": 47,
        "Gross Profit": 34,
        "Operating Income": 3,
        "EBIT": 5,
        "Net Income": 3
    },
    "2012-12-31": {
        "Diluted EPS": 0.16,
        "Total Revenue": 47,
        "Gross Profit": 34,
        "Operating Income": 4,
        "EBIT": 5,
        "Net Income": 3
    },
    "2012-09-30": {
        "Diluted EPS": 0.05,
        "Total Revenue": 45,
        "Gross Profit": 33,
        "Operating Income": 3,
        "EBIT": 5,
        "Net Income": 1
    },
    "2012-06-30": {
        "Diluted EPS": 0.15,
        "Total Revenue": 44,
        "Gross Profit": 32,
        "Operating Income": 4,
        "EBIT": 6,
        "Net Income": 0
    },
    "2012-03-31": {
        "Diluted EPS": 0.01,
        "Total Revenue": 37,
        "Gross Profit": 28,
        "Operating Income": 2,
        "EBIT": 3,
        "Net Income": 0
    },
    "2011-12-31": {
        "Diluted EPS": 0.0,
        "Total Revenue": NaN,
        "Gross Profit": NaN,
        "Operating Income": NaN,
        "EBIT": NaN,
        "Net Income": NaN
    },
    "2011-09-30": {
        "Diluted EPS": 0.08,
        "Total Revenue": 35,
        "Gross Profit": 25,
        "Operating Income": 3,
        "EBIT": 4,
        "Net Income": 0
    },
    "2011-06-30": {
        "Diluted EPS": 0.04,
        "Total Revenue": 33,
        "Gross Profit": 24,
        "Operating Income": 2,
        "EBIT": 2,
        "Net Income": 0
    },
    "2010-12-31": {
        "Diluted EPS": 0.0,
        "Total Revenue": NaN,
        "Gross Profit": NaN,
        "Operating Income": NaN,
        "EBIT": NaN,
        "Net Income": NaN
    },
    "2023-06-30": {
        "Tax Effect Of Unusual Items": -157999.840561,
        "Tax Rate For Calcs": 0.144292,
        "Normalized EBITDA": 21628000.0,
        "Total Unusual Items": -1095000.0,
        "Total Unusual Items Excluding Goodwill": -1095000.0,
        "Net Income From Continuing Operation Net Minority Interest": 10734000.0,
        "Reconciled Depreciation": 7748000.0,
        "Reconciled Cost Of Revenue": 62065000.0,
        "EBITDA": 20533000.0,
        "EBIT": 12785000.0,
        "Net Interest Income": 854000.0,
        "Interest Income": 854000.0,
        "Normalized Income": 11671000.159439,
        "Net Income From Continuing And Discontinued Operation": 10734000.0,
        "Total Expenses": 106216000.0,
        "Rent Expense Supplemental": 8116000.0,
        "Total Operating Income As Reported": 11690000.0,
        "Diluted Average Shares": 18154921.0,
        "Basic Average Shares": 18080327.0,
        "Diluted EPS": 0.59,
        "Basic EPS": 0.59,
        "Diluted NI Availto Com Stockholders": 10734000.0,
        "Net Income Common Stockholders": 10734000.0,
        "Net Income": 10734000.0,
        "Net Income Including Noncontrolling Interests": 10734000.0,
        "Net Income Continuous Operations": 10734000.0,
        "Tax Provision": 1810000.0,
        "Pretax Income": 12544000.0,
        "Other Income Expense": -1095000.0,
        "Special Income Charges": -1095000.0,
        "Other Special Charges": 613000.0,
        "Impairment Of Capital Assets": 47000.0,
        "Restructuring And Mergern Acquisition": 435000.0,
        "Net Non Operating Interest Income Expense": 854000.0,
        "Total Other Finance Cost": NaN,
        "Interest Income Non Operating": 854000.0,
        "Operating Income": 12785000.0,
        "Operating Expense": 41625000.0,
        "Other Operating Expenses": 18896000.0,
        "Depreciation Amortization Depletion Income Statement": 5222000.0,
        "Depreciation And Amortization In Income Statement": 5222000.0,
        "Depreciation Income Statement": 5222000.0,
        "Selling General And Administration": 17507000.0,
        "Selling And Marketing Expense": 1693000.0,
        "General And Administrative Expense": 15814000.0,
        "Other Gand A": 7698000.0,
        "Rent And Landing Fees": 8116000.0,
        "Gross Profit": 54410000.0,
        "Cost Of Revenue": 64591000.0,
        "Total Revenue": 119001000.0,
        "Operating Revenue": 119001000.0
    },
    "2023-09-30": {
        "Tax Effect Of Unusual Items": -199920.0,
        "Tax Rate For Calcs": 0.147,
        "Normalized EBITDA": 17963000.0,
        "Total Unusual Items": -1360000.0,
        "Total Unusual Items Excluding Goodwill": -1360000.0,
        "Net Income From Continuing Operation Net Minority Interest": 7074000.0,
        "Reconciled Depreciation": 7895000.0,
        "Reconciled Cost Of Revenue": 60548000.0,
        "EBITDA": 16603000.0,
        "EBIT": 8708000.0,
        "Net Interest Income": 945000.0,
        "Interest Income": 945000.0,
        "Normalized Income": 8234080.0,
        "Net Income From Continuing And Discontinued Operation": 7074000.0,
        "Total Expenses": 104756000.0,
        "Rent Expense Supplemental": 7772000.0,
        "Total Operating Income As Reported": 7348000.0,
        "Diluted Average Shares": 17987525.0,
        "Basic Average Shares": 17877063.0,
        "Diluted EPS": 0.39,
        "Basic EPS": 0.4,
        "Diluted NI Availto Com Stockholders": 7074000.0,
        "Net Income Common Stockholders": 7074000.0,
        "Net Income": 7074000.0,
        "Net Income Including Noncontrolling Interests": 7074000.0,
        "Net Income Continuous Operations": 7074000.0,
        "Tax Provision": 1219000.0,
        "Pretax Income": 8293000.0,
        "Other Income Expense": -1360000.0,
        "Special Income Charges": -1360000.0,
        "Other Special Charges": 713000.0,
        "Impairment Of Capital Assets": 51000.0,
        "Restructuring And Mergern Acquisition": 596000.0,
        "Net Non Operating Interest Income Expense": 945000.0,
        "Total Other Finance Cost": NaN,
        "Interest Income Non Operating": 945000.0,
        "Operating Income": 8708000.0,
        "Operating Expense": 41691000.0,
        "Other Operating Expenses": 19047000.0,
        "Depreciation Amortization Depletion Income Statement": 5378000.0,
        "Depreciation And Amortization In Income Statement": 5378000.0,
        "Depreciation Income Statement": 5378000.0,
        "Selling General And Administration": 17266000.0,
        "Selling And Marketing Expense": 1609000.0,
        "General And Administrative Expense": 15657000.0,
        "Other Gand A": 7885000.0,
        "Rent And Landing Fees": 7772000.0,
        "Gross Profit": 50399000.0,
        "Cost Of Revenue": 63065000.0,
        "Total Revenue": 113464000.0,
        "Operating Revenue": 113464000.0
    },
    "2023-12-31": {
        "Tax Effect Of Unusual Items": -769564.013841,
        "Tax Rate For Calcs": 0.209919,
        "Normalized EBITDA": 21436000.0,
        "Total Unusual Items": -3666000.0,
        "Total Unusual Items Excluding Goodwill": -3666000.0,
        "Net Income From Continuing Operation Net Minority Interest": 5480000.0,
        "Reconciled Depreciation": 7923000.0,
        "Reconciled Cost Of Revenue": 62531000.0,
        "EBITDA": 17770000.0,
        "EBIT": 9847000.0,
        "Net Interest Income": 755000.0,
        "Interest Income": NaN,
        "Normalized Income": 8376435.986159,
        "Net Income From Continuing And Discontinued Operation": 5480000.0,
        "Total Expenses": 106500000.0,
        "Rent Expense Supplemental": 6964000.0,
        "Total Operating Income As Reported": 6181000.0,
        "Diluted Average Shares": 17462866.0,
        "Basic Average Shares": 17351230.0,
        "Diluted EPS": 0.31,
        "Basic EPS": 0.32,
        "Diluted NI Availto Com Stockholders": 5480000.0,
        "Net Income Common Stockholders": 5480000.0,
        "Net Income": 5480000.0,
        "Net Income Including Noncontrolling Interests": 5480000.0,
        "Net Income Continuous Operations": 5480000.0,
        "Tax Provision": 1456000.0,
        "Pretax Income": 6936000.0,
        "Other Income Expense": -3666000.0,
        "Special Income Charges": -3666000.0,
        "Other Special Charges": 598000.0,
        "Impairment Of Capital Assets": 2491000.0,
        "Restructuring And Mergern Acquisition": 577000.0,
        "Net Non Operating Interest Income Expense": 755000.0,
        "Total Other Finance Cost": NaN,
        "Interest Income Non Operating": NaN,
        "Operating Income": 9847000.0,
        "Operating Expense": 41446000.0,
        "Other Operating Expenses": 19466000.0,
        "Depreciation Amortization Depletion Income Statement": 5400000.0,
        "Depreciation And Amortization In Income Statement": 5400000.0,
        "Depreciation Income Statement": 5400000.0,
        "Selling General And Administration": 16580000.0,
        "Selling And Marketing Expense": 1559000.0,
        "General And Administrative Expense": 15021000.0,
        "Other Gand A": 8057000.0,
        "Rent And Landing Fees": 6964000.0,
        "Gross Profit": 51293000.0,
        "Cost Of Revenue": 65054000.0,
        "Total Revenue": 116347000.0,
        "Operating Revenue": 116347000.0
    },
    "2024-03-31": {
        "Tax Effect Of Unusual Items": -114660.0,
        "Tax Rate For Calcs": 0.105,
        "Normalized EBITDA": 17329000.0,
        "Total Unusual Items": -1092000.0,
        "Total Unusual Items Excluding Goodwill": -1092000.0,
        "Net Income From Continuing Operation Net Minority Interest": 6916000.0,
        "Reconciled Depreciation": 8021000.0,
        "Reconciled Cost Of Revenue": 59895000.0,
        "EBITDA": 16237000.0,
        "EBIT": 8216000.0,
        "Net Interest Income": 606000.0,
        "Interest Income": 606000.0,
        "Normalized Income": 7893340.0,
        "Net Income From Continuing And Discontinued Operation": 6916000.0,
        "Total Expenses": 102248000.0,
        "Rent Expense Supplemental": 7667000.0,
        "Total Operating Income As Reported": 7124000.0,
        "Diluted Average Shares": 17406905.0,
        "Basic Average Shares": 17305582.0,
        "Diluted EPS": 0.4,
        "Basic EPS": 0.4,
        "Diluted NI Availto Com Stockholders": 6916000.0,
        "Net Income Common Stockholders": 6916000.0,
        "Net Income": 6916000.0,
        "Net Income Including Noncontrolling Interests": 6916000.0,
        "Net Income Continuous Operations": 6916000.0,
        "Tax Provision": 814000.0,
        "Pretax Income": 7730000.0,
        "Other Income Expense": -1092000.0,
        "Special Income Charges": -1092000.0,
        "Other Special Charges": 704000.0,
        "Impairment Of Capital Assets": NaN,
        "Restructuring And Mergern Acquisition": 388000.0,
        "Net Non Operating Interest Income Expense": 606000.0,
        "Total Other Finance Cost": NaN,
        "Interest Income Non Operating": 606000.0,
        "Operating Income": 8216000.0,
        "Operating Expense": 39772000.0,
        "Other Operating Expenses": 18082000.0,
        "Depreciation Amortization Depletion Income Statement": 5440000.0,
        "Depreciation And Amortization In Income Statement": 5440000.0,
        "Depreciation Income Statement": 5440000.0,
        "Selling General And Administration": 16250000.0,
        "Selling And Marketing Expense": 1449000.0,
        "General And Administrative Expense": 14801000.0,
        "Other Gand A": 7134000.0,
        "Rent And Landing Fees": 7667000.0,
        "Gross Profit": 47988000.0,
        "Cost Of Revenue": 62476000.0,
        "Total Revenue": 110464000.0,
        "Operating Revenue": 110464000.0
    },
    "2024-06-30": {
        "Tax Effect Of Unusual Items": -526457.142857,
        "Tax Rate For Calcs": 0.13551,
        "Normalized EBITDA": 23861000.0,
        "Total Unusual Items": -3885000.0,
        "Total Unusual Items Excluding Goodwill": -3885000.0,
        "Net Income From Continuing Operation Net Minority Interest": 7413000.0,
        "Reconciled Depreciation": 8061000.0,
        "Reconciled Cost Of Revenue": 64148000.0,
        "EBITDA": 19976000.0,
        "EBIT": 11915000.0,
        "Net Interest Income": 545000.0,
        "Interest Income": 545000.0,
        "Normalized Income": 10771542.857143,
        "Net Income From Continuing And Discontinued Operation": 7413000.0,
        "Total Expenses": 107883000.0,
        "Rent Expense Supplemental": 7568000.0,
        "Total Operating Income As Reported": 8030000.0,
        "Diluted Average Shares": 17233650.0,
        "Basic Average Shares": 17230189.0,
        "Diluted EPS": 0.43,
        "Basic EPS": 0.43,
        "Diluted NI Availto Com Stockholders": 7413000.0,
        "Net Income Common Stockholders": 7413000.0,
        "Net Income": 7413000.0,
        "Net Income Including Noncontrolling Interests": 7413000.0,
        "Net Income Continuous Operations": 7413000.0,
        "Tax Provision": 1162000.0,
        "Pretax Income": 8575000.0,
        "Other Income Expense": -3885000.0,
        "Special Income Charges": -3885000.0,
        "Other Special Charges": 11000.0,
        "Impairment Of Capital Assets": 2587000.0,
        "Restructuring And Mergern Acquisition": 1287000.0,
        "Net Non Operating Interest Income Expense": 545000.0,
        "Total Other Finance Cost": NaN,
        "Interest Income Non Operating": 545000.0,
        "Operating Income": 11915000.0,
        "Operating Expense": 41168000.0,
        "Other Operating Expenses": 19306000.0,
        "Depreciation Amortization Depletion Income Statement": 5494000.0,
        "Depreciation And Amortization In Income Statement": 5494000.0,
        "Depreciation Income Statement": 5494000.0,
        "Selling General And Administration": 16368000.0,
        "Selling And Marketing Expense": 1566000.0,
        "General And Administrative Expense": 14802000.0,
        "Other Gand A": 7234000.0,
        "Rent And Landing Fees": 7568000.0,
        "Gross Profit": 53083000.0,
        "Cost Of Revenue": 66715000.0,
        "Total Revenue": 119798000.0,
        "Operating Revenue": 119798000.0
    }
}