{
    "2023-03-31": {
        "Tax Effect Of Unusual Items": NaN,
        "Tax Rate For Calcs": NaN,
        "Total Unusual Items": 0.0,
        "Total Unusual Items Excluding Goodwill": 0.0,
        "Net Income From Continuing Operation Net Minority Interest": NaN,
        "Reconciled Depreciation": NaN,
        "EBIT": NaN,
        "Net Interest Income": NaN,
        "Interest Expense": NaN,
        "Normalized Income": NaN,
        "Net Income From Continuing And Discontinued Operation": NaN,
        "Total Expenses": NaN,
        "Diluted Average Shares": NaN,
        "Basic Average Shares": NaN,
        "Diluted EPS": NaN,
        "Basic EPS": NaN,
        "Diluted NI Availto Com Stockholders": NaN,
        "Net Income Common Stockholders": NaN,
        "Net Income": NaN,
        "Minority Interests": NaN,
        "Net Income Including Noncontrolling Interests": NaN,
        "Net Income Continuous Operations": NaN,
        "Tax Provision": NaN,
        "Pretax Income": NaN,
        "Other Income Expense": NaN,
        "Special Income Charges": 0.0,
        "Other Special Charges": NaN,
        "Net Non Operating Interest Income Expense": NaN,
        "Interest Expense Non Operating": NaN,
        "Other Operating Expenses": NaN,
        "Depreciation And Amortization In Income Statement": NaN,
        "Amortization": NaN,
        "Selling General And Administration": NaN,
        "Total Revenue": NaN,
        "Operating Revenue": NaN,
        "Loss Adjustment Expense": NaN,
        "Net Policyholder Benefits And Claims": NaN
    },
    "2022-12-31": {
        "Tax Effect Of Unusual Items": NaN,
        "Tax Rate For Calcs": NaN,
        "Total Unusual Items": NaN,
        "Total Unusual Items Excluding Goodwill": NaN,
        "Net Income From Continuing Operation Net Minority Interest": NaN,
        "Reconciled Depreciation": NaN,
        "EBIT": NaN,
        "Net Interest Income": NaN,
        "Interest Expense": NaN,
        "Normalized Income": NaN,
        "Net Income From Continuing And Discontinued Operation": NaN,
        "Total Expenses": NaN,
        "Diluted Average Shares": NaN,
        "Basic Average Shares": NaN,
        "Diluted EPS": NaN,
        "Basic EPS": NaN,
        "Diluted NI Availto Com Stockholders": NaN,
        "Net Income Common Stockholders": NaN,
        "Net Income": NaN,
        "Minority Interests": NaN,
        "Net Income Including Noncontrolling Interests": NaN,
        "Net Income Continuous Operations": NaN,
        "Tax Provision": NaN,
        "Pretax Income": NaN,
        "Other Income Expense": NaN,
        "Special Income Charges": NaN,
        "Other Special Charges": 73000000.0,
        "Net Non Operating Interest Income Expense": NaN,
        "Interest Expense Non Operating": NaN,
        "Other Operating Expenses": NaN,
        "Depreciation And Amortization In Income Statement": NaN,
        "Amortization": NaN,
        "Selling General And Administration": NaN,
        "Total Revenue": NaN,
        "Operating Revenue": NaN,
        "Loss Adjustment Expense": NaN,
        "Net Policyholder Benefits And Claims": NaN
    },
    "2022-09-30": {
        "Tax Effect Of Unusual Items": NaN,
        "Tax Rate For Calcs": NaN,
        "Total Unusual Items": NaN,
        "Total Unusual Items Excluding Goodwill": NaN,
        "Net Income From Continuing Operation Net Minority Interest": NaN,
        "Reconciled Depreciation": NaN,
        "EBIT": NaN,
        "Net Interest Income": NaN,
        "Interest Expense": NaN,
        "Normalized Income": NaN,
        "Net Income From Continuing And Discontinued Operation": NaN,
        "Total Expenses": NaN,
        "Diluted Average Shares": NaN,
        "Basic Average Shares": NaN,
        "Diluted EPS": NaN,
        "Basic EPS": NaN,
        "Diluted NI Availto Com Stockholders": NaN,
        "Net Income Common Stockholders": NaN,
        "Net Income": NaN,
        "Minority Interests": NaN,
        "Net Income Including Noncontrolling Interests": NaN,
        "Net Income Continuous Operations": NaN,
        "Tax Provision": NaN,
        "Pretax Income": NaN,
        "Other Income Expense": NaN,
        "Special Income Charges": NaN,
        "Other Special Charges": -1735000000.0,
        "Net Non Operating Interest Income Expense": NaN,
        "Interest Expense Non Operating": NaN,
        "Other Operating Expenses": NaN,
        "Depreciation And Amortization In Income Statement": NaN,
        "Amortization": NaN,
        "Selling General And Administration": NaN,
        "Total Revenue": NaN,
        "Operating Revenue": NaN
    },
    "2022-06-30": {
        "Tax Effect Of Unusual Items": 0.0,
        "Tax Rate For Calcs": 0.208,
        "Total Unusual Items": 0.0,
        "Total Unusual Items Excluding Goodwill": 0.0,
        "Net Income From Continuing Operation Net Minority Interest": 1559000000.0,
        "Reconciled Depreciation": 759000000.0,
        "EBIT": 2286000000.0,
        "Net Interest Income": -301000000.0,
        "Interest Expense": 301000000.0,
        "Normalized Income": 1559000000.0,
        "Net Income From Continuing And Discontinued Operation": 1559000000.0,
        "Total Expenses": 43400000000.0,
        "Diluted Average Shares": 315122000.0,
        "Basic Average Shares": 315122000.0,
        "Diluted EPS": 4.89,
        "Basic EPS": 4.94,
        "Diluted NI Availto Com Stockholders": 1559000000.0,
        "Net Income Common Stockholders": 1559000000.0,
        "Net Income": 1559000000.0,
        "Minority Interests": -13000000.0,
        "Net Income Including Noncontrolling Interests": 1572000000.0,
        "Net Income Continuous Operations": 1572000000.0,
        "Tax Provision": 413000000.0,
        "Pretax Income": 1985000000.0,
        "Other Income Expense": 31972000000.0,
        "Special Income Charges": 0.0,
        "Other Special Charges": NaN,
        "Net Non Operating Interest Income Expense": -301000000.0,
        "Interest Expense Non Operating": 301000000.0,
        "Other Operating Expenses": 31150000000.0,
        "Depreciation And Amortization In Income Statement": 501000000.0,
        "Amortization": 501000000.0,
        "Selling General And Administration": 3256000000.0,
        "Total Revenue": 45385000000.0,
        "Operating Revenue": 45385000000.0
    },
    "2023-06-30": {
        "Tax Effect Of Unusual Items": 0.0,
        "Tax Rate For Calcs": 0.199,
        "Total Unusual Items": NaN,
        "Total Unusual Items Excluding Goodwill": NaN,
        "Net Income From Continuing Operation Net Minority Interest": 1460000000.0,
        "Reconciled Depreciation": 755000000.0,
        "EBIT": 2247000000.0,
        "Net Interest Income": -363000000.0,
        "Interest Expense": 363000000.0,
        "Normalized Income": 1460000000.0,
        "Net Income From Continuing And Discontinued Operation": 1460000000.0,
        "Total Expenses": 46728000000.0,
        "Diluted Average Shares": 296879000.0,
        "Basic Average Shares": 294512000.0,
        "Diluted EPS": 4.92,
        "Basic EPS": 4.96,
        "Diluted NI Availto Com Stockholders": 1460000000.0,
        "Net Income Common Stockholders": 1460000000.0,
        "Net Income": 1460000000.0,
        "Minority Interests": -50000000.0,
        "Net Income Including Noncontrolling Interests": 1510000000.0,
        "Net Income Continuous Operations": 1510000000.0,
        "Tax Provision": 374000000.0,
        "Pretax Income": 1884000000.0,
        "Other Income Expense": 33964000000.0,
        "Special Income Charges": NaN,
        "Other Special Charges": NaN,
        "Net Non Operating Interest Income Expense": -363000000.0,
        "Interest Expense Non Operating": 363000000.0,
        "Other Operating Expenses": 33442000000.0,
        "Depreciation And Amortization In Income Statement": 455000000.0,
        "Amortization": 455000000.0,
        "Selling General And Administration": 3434000000.0,
        "Total Revenue": 48612000000.0,
        "Operating Revenue": 48612000000.0,
        "Loss Adjustment Expense": 9034000000.0,
        "Net Policyholder Benefits And Claims": 9034000000.0
    },
    "2023-09-30": {
        "Tax Effect Of Unusual Items": NaN,
        "Tax Rate For Calcs": NaN,
        "Total Unusual Items": NaN,
        "Total Unusual Items Excluding Goodwill": NaN,
        "Net Income From Continuing Operation Net Minority Interest": NaN,
        "Reconciled Depreciation": NaN,
        "EBIT": NaN,
        "Net Interest Income": NaN,
        "Interest Expense": NaN,
        "Normalized Income": NaN,
        "Net Income From Continuing And Discontinued Operation": NaN,
        "Total Expenses": NaN,
        "Diluted Average Shares": NaN,
        "Basic Average Shares": NaN,
        "Diluted EPS": NaN,
        "Basic EPS": NaN,
        "Diluted NI Availto Com Stockholders": NaN,
        "Net Income Common Stockholders": NaN,
        "Net Income": NaN,
        "Minority Interests": NaN,
        "Net Income Including Noncontrolling Interests": NaN,
        "Net Income Continuous Operations": NaN,
        "Tax Provision": NaN,
        "Pretax Income": NaN,
        "Other Income Expense": NaN,
        "Special Income Charges": NaN,
        "Other Special Charges": 21000000.0,
        "Net Non Operating Interest Income Expense": NaN,
        "Interest Expense Non Operating": NaN,
        "Other Operating Expenses": NaN,
        "Depreciation And Amortization In Income Statement": NaN,
        "Amortization": NaN,
        "Selling General And Administration": NaN,
        "Total Revenue": NaN,
        "Operating Revenue": NaN,
        "Loss Adjustment Expense": NaN,
        "Net Policyholder Benefits And Claims": NaN
    },
    "2023-12-31": {
        "Tax Effect Of Unusual Items": NaN,
        "Tax Rate For Calcs": NaN,
        "Total Unusual Items": NaN,
        "Total Unusual Items Excluding Goodwill": NaN,
        "Net Income From Continuing Operation Net Minority Interest": NaN,
        "Reconciled Depreciation": NaN,
        "EBIT": NaN,
        "Net Interest Income": NaN,
        "Interest Expense": NaN,
        "Normalized Income": NaN,
        "Net Income From Continuing And Discontinued Operation": NaN,
        "Total Expenses": NaN,
        "Diluted Average Shares": NaN,
        "Basic Average Shares": NaN,
        "Diluted EPS": NaN,
        "Basic EPS": NaN,
        "Diluted NI Availto Com Stockholders": NaN,
        "Net Income Common Stockholders": NaN,
        "Net Income": NaN,
        "Minority Interests": NaN,
        "Net Income Including Noncontrolling Interests": NaN,
        "Net Income Continuous Operations": NaN,
        "Tax Provision": NaN,
        "Pretax Income": NaN,
        "Other Income Expense": NaN,
        "Special Income Charges": NaN,
        "Other Special Charges": 1478000000.0,
        "Net Non Operating Interest Income Expense": NaN,
        "Interest Expense Non Operating": NaN,
        "Other Operating Expenses": NaN,
        "Depreciation And Amortization In Income Statement": NaN,
        "Amortization": NaN,
        "Selling General And Administration": NaN,
        "Total Revenue": NaN,
        "Operating Revenue": NaN,
        "Loss Adjustment Expense": NaN,
        "Net Policyholder Benefits And Claims": NaN
    },
    "2024-03-31": {
        "Tax Effect Of Unusual Items": NaN,
        "Tax Rate For Calcs": NaN,
        "Total Unusual Items": NaN,
        "Total Unusual Items Excluding Goodwill": NaN,
        "Net Income From Continuing Operation Net Minority Interest": NaN,
        "Reconciled Depreciation": NaN,
        "EBIT": NaN,
        "Net Interest Income": NaN,
        "Interest Expense": NaN,
        "Normalized Income": NaN,
        "Net Income From Continuing And Discontinued Operation": NaN,
        "Total Expenses": NaN,
        "Diluted Average Shares": 286465000.0,
        "Basic Average Shares": 286465000.0,
        "Diluted EPS": -0.97,
        "Basic EPS": -0.97,
        "Diluted NI Availto Com Stockholders": NaN,
        "Net Income Common Stockholders": NaN,
        "Net Income": NaN,
        "Minority Interests": NaN,
        "Net Income Including Noncontrolling Interests": NaN,
        "Net Income Continuous Operations": NaN,
        "Tax Provision": NaN,
        "Pretax Income": NaN,
        "Other Income Expense": NaN,
        "Special Income Charges": NaN,
        "Other Special Charges": 19000000.0,
        "Net Non Operating Interest Income Expense": NaN,
        "Interest Expense Non Operating": NaN,
        "Other Operating Expenses": NaN,
        "Depreciation And Amortization In Income Statement": NaN,
        "Amortization": NaN,
        "Selling General And Administration": NaN,
        "Total Revenue": NaN,
        "Operating Revenue": NaN,
        "Loss Adjustment Expense": NaN,
        "Net Policyholder Benefits And Claims": NaN
    },
    "2024-06-30": {
        "Tax Effect Of Unusual Items": 0.0,
        "Tax Rate For Calcs": 0.181,
        "Total Unusual Items": 0.0,
        "Total Unusual Items Excluding Goodwill": 0.0,
        "Net Income From Continuing Operation Net Minority Interest": 1548000000.0,
        "Reconciled Depreciation": 738000000.0,
        "EBIT": 2364000000.0,
        "Net Interest Income": -375000000.0,
        "Interest Expense": 375000000.0,
        "Normalized Income": 1548000000.0,
        "Net Income From Continuing And Discontinued Operation": 1548000000.0,
        "Total Expenses": 58486000000.0,
        "Diluted Average Shares": 284052000.0,
        "Basic Average Shares": 281133000.0,
        "Diluted EPS": 5.45,
        "Basic EPS": 5.51,
        "Diluted NI Availto Com Stockholders": 1548000000.0,
        "Net Income Common Stockholders": 1548000000.0,
        "Net Income": 1548000000.0,
        "Minority Interests": -81000000.0,
        "Net Income Including Noncontrolling Interests": 1629000000.0,
        "Net Income Continuous Operations": 1629000000.0,
        "Tax Provision": 360000000.0,
        "Pretax Income": 1989000000.0,
        "Other Income Expense": 45101000000.0,
        "Special Income Charges": 0.0,
        "Other Special Charges": NaN,
        "Net Non Operating Interest Income Expense": -375000000.0,
        "Interest Expense Non Operating": 375000000.0,
        "Other Operating Expenses": 44492000000.0,
        "Depreciation And Amortization In Income Statement": 420000000.0,
        "Amortization": 420000000.0,
        "Selling General And Administration": 3684000000.0,
        "Total Revenue": 60475000000.0,
        "Operating Revenue": 60475000000.0,
        "Loss Adjustment Expense": 9515000000.0,
        "Net Policyholder Benefits And Claims": 9515000000.0
    },
    "2024-09-30": {
        "Tax Effect Of Unusual Items": -26796000.0,
        "Tax Rate For Calcs": 0.308,
        "Total Unusual Items": -87000000.0,
        "Total Unusual Items Excluding Goodwill": -87000000.0,
        "Net Income From Continuing Operation Net Minority Interest": 739000000.0,
        "Reconciled Depreciation": 650000000.0,
        "EBIT": 1568000000.0,
        "Net Interest Income": -376000000.0,
        "Interest Expense": 376000000.0,
        "Normalized Income": 799204000.0,
        "Net Income From Continuing And Discontinued Operation": 739000000.0,
        "Total Expenses": 61581000000.0,
        "Diluted Average Shares": 281396000.0,
        "Basic Average Shares": 281396000.0,
        "Diluted EPS": 2.63,
        "Basic EPS": 2.63,
        "Diluted NI Availto Com Stockholders": 739000000.0,
        "Net Income Common Stockholders": 739000000.0,
        "Net Income": 739000000.0,
        "Minority Interests": -86000000.0,
        "Net Income Including Noncontrolling Interests": 825000000.0,
        "Net Income Continuous Operations": 825000000.0,
        "Tax Provision": 367000000.0,
        "Pretax Income": 1192000000.0,
        "Other Income Expense": 48284000000.0,
        "Special Income Charges": -87000000.0,
        "Other Special Charges": 87000000.0,
        "Net Non Operating Interest Income Expense": -376000000.0,
        "Interest Expense Non Operating": 376000000.0,
        "Other Operating Expenses": 47565000000.0,
        "Depreciation And Amortization In Income Statement": 436000000.0,
        "Amortization": 436000000.0,
        "Selling General And Administration": 3590000000.0,
        "Total Revenue": 62773000000.0,
        "Operating Revenue": 62773000000.0,
        "Loss Adjustment Expense": 9527000000.0,
        "Net Policyholder Benefits And Claims": 9527000000.0
    },
    "2024-12-31": {
        "Tax Effect Of Unusual Items": 30607267.297163,
        "Tax Rate For Calcs": 0.235441,
        "Total Unusual Items": 130000000.0,
        "Total Unusual Items Excluding Goodwill": 130000000.0,
        "Net Income From Continuing Operation Net Minority Interest": 1424000000.0,
        "Reconciled Depreciation": 646000000.0,
        "EBIT": 2371000000.0,
        "Net Interest Income": -362000000.0,
        "Interest Expense": 362000000.0,
        "Normalized Income": 1324607267.297163,
        "Net Income From Continuing And Discontinued Operation": 1424000000.0,
        "Total Expenses": 63708000000.0,
        "Diluted Average Shares": 277784000.0,
        "Basic Average Shares": 277784000.0,
        "Diluted EPS": 5.13,
        "Basic EPS": 5.13,
        "Diluted NI Availto Com Stockholders": 1424000000.0,
        "Net Income Common Stockholders": 1424000000.0,
        "Net Income": 1424000000.0,
        "Minority Interests": -112000000.0,
        "Net Income Including Noncontrolling Interests": 1536000000.0,
        "Net Income Continuous Operations": 1536000000.0,
        "Tax Provision": 473000000.0,
        "Pretax Income": 2009000000.0,
        "Other Income Expense": 49941000000.0,
        "Special Income Charges": 130000000.0,
        "Other Special Charges": -130000000.0,
        "Net Non Operating Interest Income Expense": -362000000.0,
        "Interest Expense Non Operating": 362000000.0,
        "Other Operating Expenses": 49021000000.0,
        "Depreciation And Amortization In Income Statement": 424000000.0,
        "Amortization": 424000000.0,
        "Selling General And Administration": 3865000000.0,
        "Total Revenue": 65717000000.0,
        "Operating Revenue": 65717000000.0,
        "Loss Adjustment Expense": 10166000000.0,
        "Net Policyholder Benefits And Claims": 10166000000.0
    },
    "2025-03-31": {
        "Tax Effect Of Unusual Items": 5945000.0,
        "Tax Rate For Calcs": 0.145,
        "Total Unusual Items": 41000000.0,
        "Total Unusual Items Excluding Goodwill": 41000000.0,
        "Net Income From Continuing Operation Net Minority Interest": 1323000000.0,
        "Reconciled Depreciation": 674000000.0,
        "EBIT": 2010000000.0,
        "Net Interest Income": -362000000.0,
        "Interest Expense": 362000000.0,
        "Normalized Income": 1287945000.0,
        "Net Income From Continuing And Discontinued Operation": 1323000000.0,
        "Total Expenses": 63852000000.0,
        "Diluted Average Shares": 270867000.0,
        "Basic Average Shares": 270867000.0,
        "Diluted EPS": 4.85,
        "Basic EPS": 4.88,
        "Diluted NI Availto Com Stockholders": 1323000000.0,
        "Net Income Common Stockholders": 1323000000.0,
        "Net Income": 1323000000.0,
        "Minority Interests": -86000000.0,
        "Net Income Including Noncontrolling Interests": 1409000000.0,
        "Net Income Continuous Operations": 1409000000.0,
        "Tax Provision": 239000000.0,
        "Pretax Income": 1648000000.0,
        "Other Income Expense": 48633000000.0,
        "Special Income Charges": 41000000.0,
        "Other Special Charges": -41000000.0,
        "Net Non Operating Interest Income Expense": -362000000.0,
        "Interest Expense Non Operating": 362000000.0,
        "Other Operating Expenses": 48398000000.0,
        "Depreciation And Amortization In Income Statement": 422000000.0,
        "Amortization": 422000000.0,
        "Selling General And Administration": 4213000000.0,
        "Total Revenue": 65500000000.0,
        "Operating Revenue": 65500000000.0,
        "Loss Adjustment Expense": 10498000000.0,
        "Net Policyholder Benefits And Claims": 10498000000.0
    },
    "2025-06-30": {
        "Tax Effect Of Unusual Items": 0.0,
        "Tax Rate For Calcs": 0.192479,
        "Total Unusual Items": 0.0,
        "Total Unusual Items Excluding Goodwill": 0.0,
        "Net Income From Continuing Operation Net Minority Interest": 1532000000.0,
        "Reconciled Depreciation": 682000000.0,
        "EBIT": 2358000000.0,
        "Net Interest Income": -337000000.0,
        "Interest Expense": 337000000.0,
        "Normalized Income": 1532000000.0,
        "Net Income From Continuing And Discontinued Operation": 1532000000.0,
        "Total Expenses": 65209000000.0,
        "Diluted Average Shares": NaN,
        "Basic Average Shares": NaN,
        "Diluted EPS": NaN,
        "Basic EPS": NaN,
        "Diluted NI Availto Com Stockholders": 1532000000.0,
        "Net Income Common Stockholders": 1532000000.0,
        "Net Income": 1532000000.0,
        "Minority Interests": -100000000.0,
        "Net Income Including Noncontrolling Interests": 1632000000.0,
        "Net Income Continuous Operations": 1632000000.0,
        "Tax Provision": 389000000.0,
        "Pretax Income": 2021000000.0,
        "Other Income Expense": 53649000000.0,
        "Special Income Charges": 0.0,
        "Other Special Charges": NaN,
        "Net Non Operating Interest Income Expense": -337000000.0,
        "Interest Expense Non Operating": 337000000.0,
        "Other Operating Expenses": 53268000000.0,
        "Depreciation And Amortization In Income Statement": 422000000.0,
        "Amortization": 422000000.0,
        "Selling General And Administration": 3433000000.0,
        "Total Revenue": 67230000000.0,
        "Operating Revenue": 67230000000.0,
        "Loss Adjustment Expense": 7749000000.0,
        "Net Policyholder Benefits And Claims": 7749000000.0
    }
}