{
    "2023-03-31": {
        "Tax Effect Of Unusual Items": 0.0,
        "Tax Rate For Calcs": 0.0,
        "Normalized EBITDA": -3749366.0,
        "Net Income From Continuing Operation Net Minority Interest": -4004887.0,
        "Reconciled Depreciation": 100629.0,
        "EBITDA": -3749366.0,
        "EBIT": -3849995.0,
        "Net Interest Income": -154892.0,
        "Normalized Income": -4004887.0,
        "Net Income From Continuing And Discontinued Operation": -4004887.0,
        "Total Expenses": 3849995.0,
        "Rent Expense Supplemental": 130000.0,
        "Total Operating Income As Reported": -3849995.0,
        "Diluted Average Shares": 47122.0,
        "Basic Average Shares": 47122.0,
        "Diluted EPS": -84.96,
        "Basic EPS": -84.96,
        "Diluted NI Availto Com Stockholders": -4004887.0,
        "Net Income Common Stockholders": -4004887.0,
        "Net Income": -4004887.0,
        "Net Income Including Noncontrolling Interests": -4004887.0,
        "Net Income Continuous Operations": -4004887.0,
        "Tax Provision": 0.0,
        "Pretax Income": -4004887.0,
        "Net Non Operating Interest Income Expense": -154892.0,
        "Total Other Finance Cost": 154892.0,
        "Operating Income": -3849995.0,
        "Operating Expense": 3849995.0,
        "Research And Development": 2128616.0,
        "Selling General And Administration": 1721379.0,
        "General And Administrative Expense": 1721379.0,
        "Other Gand A": 531379.0,
        "Insurance And Claims": 392000.0,
        "Rent And Landing Fees": 130000.0,
        "Salaries And Wages": 668000.0,
        "Total Revenue": 0.0,
        "Operating Revenue": 0.0
    },
    "2022-12-31": {
        "Tax Effect Of Unusual Items": 0.0,
        "Tax Rate For Calcs": 0.0,
        "Normalized EBITDA": -4385930.0,
        "Net Income From Continuing Operation Net Minority Interest": -4605027.0,
        "Reconciled Depreciation": 89724.0,
        "EBITDA": -4385930.0,
        "EBIT": -4475654.0,
        "Net Interest Income": -130002.0,
        "Normalized Income": -4605027.0,
        "Net Income From Continuing And Discontinued Operation": -4605027.0,
        "Total Expenses": 4475654.0,
        "Rent Expense Supplemental": 125000.0,
        "Total Operating Income As Reported": -4475025.0,
        "Diluted Average Shares": 561589.0,
        "Basic Average Shares": 561589.0,
        "Diluted EPS": -8.2,
        "Basic EPS": -8.2,
        "Diluted NI Availto Com Stockholders": -4605027.0,
        "Net Income Common Stockholders": -4605027.0,
        "Net Income": -4605027.0,
        "Net Income Including Noncontrolling Interests": -4605027.0,
        "Net Income Continuous Operations": -4605027.0,
        "Tax Provision": 0.0,
        "Pretax Income": -4605027.0,
        "Net Non Operating Interest Income Expense": -130002.0,
        "Total Other Finance Cost": 130002.0,
        "Operating Income": -4475654.0,
        "Operating Expense": 4475654.0,
        "Research And Development": 1931654.0,
        "Selling General And Administration": 2544000.0,
        "General And Administrative Expense": 2544000.0,
        "Other Gand A": 1034000.0,
        "Insurance And Claims": 598000.0,
        "Rent And Landing Fees": 125000.0,
        "Salaries And Wages": 787000.0,
        "Total Revenue": 0.0,
        "Operating Revenue": 0.0
    },
    "2022-09-30": {
        "Tax Effect Of Unusual Items": 0.0,
        "Tax Rate For Calcs": 0.0,
        "Normalized EBITDA": -3866685.0,
        "Net Income From Continuing Operation Net Minority Interest": -4027247.0,
        "Reconciled Depreciation": 101429.0,
        "EBITDA": -3866685.0,
        "EBIT": -3968114.0,
        "Net Interest Income": -58885.0,
        "Normalized Income": -4027247.0,
        "Net Income From Continuing And Discontinued Operation": -4027247.0,
        "Total Expenses": 3968114.0,
        "Rent Expense Supplemental": 109000.0,
        "Total Operating Income As Reported": -3968362.0,
        "Diluted Average Shares": 11309412.0,
        "Basic Average Shares": 11309412.0,
        "Diluted EPS": -0.36,
        "Basic EPS": -0.36,
        "Diluted NI Availto Com Stockholders": -4027247.0,
        "Net Income Common Stockholders": -4027247.0,
        "Net Income": -4027247.0,
        "Net Income Including Noncontrolling Interests": -4027247.0,
        "Net Income Continuous Operations": -4027247.0,
        "Tax Provision": 0.0,
        "Pretax Income": -4027247.0,
        "Net Non Operating Interest Income Expense": -58885.0,
        "Total Other Finance Cost": 58885.0,
        "Operating Income": -3968114.0,
        "Operating Expense": 3968114.0,
        "Research And Development": 2123114.0,
        "Selling General And Administration": 1845000.0,
        "General And Administrative Expense": 1845000.0,
        "Other Gand A": 472000.0,
        "Insurance And Claims": 669000.0,
        "Rent And Landing Fees": 109000.0,
        "Salaries And Wages": 595000.0,
        "Total Revenue": 0.0,
        "Operating Revenue": 0.0
    },
    "2022-06-30": {
        "Tax Effect Of Unusual Items": 0.0,
        "Tax Rate For Calcs": 0.0,
        "Normalized EBITDA": -3946797.0,
        "Net Income From Continuing Operation Net Minority Interest": -4040447.0,
        "Reconciled Depreciation": 101429.0,
        "EBITDA": -3946797.0,
        "EBIT": -4048226.0,
        "Net Interest Income": 8370.0,
        "Normalized Income": -4040447.0,
        "Net Income From Continuing And Discontinued Operation": -4040447.0,
        "Total Expenses": 4048226.0,
        "Rent Expense Supplemental": 118000.0,
        "Total Operating Income As Reported": -4048817.0,
        "Diluted Average Shares": 11309412.0,
        "Basic Average Shares": 11309412.0,
        "Diluted EPS": -0.36,
        "Basic EPS": -0.36,
        "Diluted NI Availto Com Stockholders": -4040447.0,
        "Net Income Common Stockholders": -4040447.0,
        "Net Income": -4040447.0,
        "Net Income Including Noncontrolling Interests": -4040447.0,
        "Net Income Continuous Operations": -4040447.0,
        "Tax Provision": 0.0,
        "Pretax Income": -4040447.0,
        "Net Non Operating Interest Income Expense": 8370.0,
        "Total Other Finance Cost": -8370.0,
        "Operating Income": -4048226.0,
        "Operating Expense": 4048226.0,
        "Research And Development": 2178226.0,
        "Selling General And Administration": 1870000.0,
        "General And Administrative Expense": 1870000.0,
        "Other Gand A": 536000.0,
        "Insurance And Claims": 670000.0,
        "Rent And Landing Fees": 118000.0,
        "Salaries And Wages": 546000.0,
        "Total Revenue": 0.0,
        "Operating Revenue": 0.0
    },
    "2022-03-31": {
        "Diluted EPS": -0.44,
        "Total Revenue": NaN,
        "Gross Profit": NaN,
        "Operating Income": -5,
        "EBIT": -5,
        "Net Income": -5
    },
    "2021-12-31": {
        "Diluted EPS": -0.32,
        "Total Revenue": NaN,
        "Gross Profit": NaN,
        "Operating Income": -3,
        "EBIT": -2,
        "Net Income": -3
    },
    "2021-09-30": {
        "Diluted EPS": 0.0,
        "Total Revenue": NaN,
        "Gross Profit": NaN,
        "Operating Income": -15,
        "EBIT": -15,
        "Net Income": -15
    },
    "2021-06-30": {
        "Diluted EPS": 0.0,
        "Total Revenue": NaN,
        "Gross Profit": NaN,
        "Operating Income": -1,
        "EBIT": -1,
        "Net Income": -1
    },
    "2021-03-31": {
        "Diluted EPS": 0.0,
        "Total Revenue": NaN,
        "Gross Profit": NaN,
        "Operating Income": -1,
        "EBIT": -1,
        "Net Income": -1
    },
    "2020-12-31": {
        "Diluted EPS": 0.0,
        "Total Revenue": NaN,
        "Gross Profit": NaN,
        "Operating Income": NaN,
        "EBIT": NaN,
        "Net Income": NaN
    },
    "2023-06-30": {
        "Tax Effect Of Unusual Items": 0.0,
        "Tax Rate For Calcs": 0.0,
        "Normalized EBITDA": -6206626.0,
        "Net Income From Continuing Operation Net Minority Interest": -6616309.0,
        "Reconciled Depreciation": 155301.0,
        "EBITDA": -6206626.0,
        "EBIT": -6361927.0,
        "Net Interest Income": -253940.0,
        "Normalized Income": -6616309.0,
        "Net Income From Continuing And Discontinued Operation": -6616309.0,
        "Total Expenses": 6361927.0,
        "Rent Expense Supplemental": 122000.0,
        "Total Operating Income As Reported": -6362369.0,
        "Diluted Average Shares": 81214.0,
        "Basic Average Shares": 81214.0,
        "Diluted EPS": -81.48,
        "Basic EPS": -81.48,
        "Diluted NI Availto Com Stockholders": -6616309.0,
        "Net Income Common Stockholders": -6616309.0,
        "Net Income": -6616309.0,
        "Net Income Including Noncontrolling Interests": -6616309.0,
        "Net Income Continuous Operations": -6616309.0,
        "Tax Provision": 0.0,
        "Pretax Income": -6616309.0,
        "Net Non Operating Interest Income Expense": -253940.0,
        "Total Other Finance Cost": 253940.0,
        "Operating Income": -6361927.0,
        "Operating Expense": 6361927.0,
        "Research And Development": 4455927.0,
        "Selling General And Administration": 1906000.0,
        "General And Administrative Expense": 1906000.0,
        "Other Gand A": 719000.0,
        "Insurance And Claims": 383000.0,
        "Rent And Landing Fees": 122000.0,
        "Salaries And Wages": 682000.0,
        "Total Revenue": 0.0,
        "Operating Revenue": 0.0
    },
    "2023-09-30": {
        "Tax Effect Of Unusual Items": 0.0,
        "Tax Rate For Calcs": 0.0,
        "Normalized EBITDA": -5595189.0,
        "Net Income From Continuing Operation Net Minority Interest": -5979054.0,
        "Reconciled Depreciation": 154663.0,
        "EBITDA": -5595189.0,
        "EBIT": -5749852.0,
        "Net Interest Income": -229380.0,
        "Normalized Income": -5979054.0,
        "Net Income From Continuing And Discontinued Operation": -5979054.0,
        "Total Expenses": 5749852.0,
        "Rent Expense Supplemental": 144000.0,
        "Total Operating Income As Reported": -5749674.0,
        "Diluted Average Shares": 82361.0,
        "Basic Average Shares": 82361.0,
        "Diluted EPS": -72.6,
        "Basic EPS": -72.6,
        "Diluted NI Availto Com Stockholders": -5979054.0,
        "Net Income Common Stockholders": -5979054.0,
        "Net Income": -5979054.0,
        "Net Income Including Noncontrolling Interests": -5979054.0,
        "Net Income Continuous Operations": -5979054.0,
        "Tax Provision": 0.0,
        "Pretax Income": -5979054.0,
        "Net Non Operating Interest Income Expense": -229380.0,
        "Total Other Finance Cost": 229380.0,
        "Operating Income": -5749852.0,
        "Operating Expense": 5749852.0,
        "Research And Development": 3923852.0,
        "Selling General And Administration": 1826000.0,
        "General And Administrative Expense": 1826000.0,
        "Other Gand A": 612000.0,
        "Insurance And Claims": 398000.0,
        "Rent And Landing Fees": 144000.0,
        "Salaries And Wages": 672000.0,
        "Total Revenue": 0.0,
        "Operating Revenue": 0.0
    },
    "2024-03-31": {
        "Tax Effect Of Unusual Items": 0.0,
        "Tax Rate For Calcs": 0.0,
        "Normalized EBITDA": -2784617.0,
        "Net Income From Continuing Operation Net Minority Interest": -2972477.0,
        "Reconciled Depreciation": 163600.0,
        "EBITDA": -2784617.0,
        "EBIT": -2948217.0,
        "Net Interest Income": -24260.0,
        "Normalized Income": -2972477.0,
        "Net Income From Continuing And Discontinued Operation": -2972477.0,
        "Total Expenses": 2948217.0,
        "Rent Expense Supplemental": 101000.0,
        "Total Operating Income As Reported": -2948217.0,
        "Diluted Average Shares": 20606.0,
        "Basic Average Shares": 20606.0,
        "Diluted EPS": -144.0,
        "Basic EPS": -144.0,
        "Diluted NI Availto Com Stockholders": -2972477.0,
        "Net Income Common Stockholders": -2972477.0,
        "Net Income": -2972477.0,
        "Net Income Including Noncontrolling Interests": -2972477.0,
        "Net Income Continuous Operations": -2972477.0,
        "Tax Provision": 0.0,
        "Pretax Income": -2972477.0,
        "Net Non Operating Interest Income Expense": -24260.0,
        "Total Other Finance Cost": 24260.0,
        "Operating Income": -2948217.0,
        "Operating Expense": 2948217.0,
        "Research And Development": 1806985.0,
        "Selling General And Administration": 1141232.0,
        "General And Administrative Expense": 1141232.0,
        "Other Gand A": 386232.0,
        "Insurance And Claims": 241000.0,
        "Rent And Landing Fees": 101000.0,
        "Salaries And Wages": 413000.0,
        "Total Revenue": 0.0,
        "Operating Revenue": 0.0
    },
    "2024-06-30": {
        "Tax Effect Of Unusual Items": 0.0,
        "Tax Rate For Calcs": 0.0,
        "Normalized EBITDA": -3042312.0,
        "Net Income From Continuing Operation Net Minority Interest": -3209677.0,
        "Reconciled Depreciation": 163781.0,
        "EBITDA": -3042312.0,
        "EBIT": -3206093.0,
        "Net Interest Income": -3497.0,
        "Normalized Income": -3209677.0,
        "Net Income From Continuing And Discontinued Operation": -3209677.0,
        "Total Expenses": 3206093.0,
        "Rent Expense Supplemental": 74000.0,
        "Total Operating Income As Reported": -3206180.0,
        "Diluted Average Shares": 48859.0,
        "Basic Average Shares": 48859.0,
        "Diluted EPS": -65.64,
        "Basic EPS": -65.64,
        "Diluted NI Availto Com Stockholders": -3209677.0,
        "Net Income Common Stockholders": -3209677.0,
        "Net Income": -3209677.0,
        "Net Income Including Noncontrolling Interests": -3209677.0,
        "Net Income Continuous Operations": -3209677.0,
        "Tax Provision": 0.0,
        "Pretax Income": -3209677.0,
        "Net Non Operating Interest Income Expense": -3497.0,
        "Total Other Finance Cost": 3497.0,
        "Operating Income": -3206093.0,
        "Operating Expense": 3206093.0,
        "Research And Development": 1881093.0,
        "Selling General And Administration": 1325000.0,
        "General And Administrative Expense": 1325000.0,
        "Other Gand A": 606000.0,
        "Insurance And Claims": 241000.0,
        "Rent And Landing Fees": 74000.0,
        "Salaries And Wages": 404000.0,
        "Total Revenue": 0.0,
        "Operating Revenue": 0.0
    },
    "2024-09-30": {
        "Tax Effect Of Unusual Items": 0.0,
        "Tax Rate For Calcs": 0.0,
        "Normalized EBITDA": -3117097.0,
        "Net Income From Continuing Operation Net Minority Interest": -3231604.0,
        "Reconciled Depreciation": 165407.0,
        "EBITDA": -3117097.0,
        "EBIT": -3282504.0,
        "Net Interest Income": 50483.0,
        "Normalized Income": -3231604.0,
        "Net Income From Continuing And Discontinued Operation": -3231604.0,
        "Total Expenses": 3282504.0,
        "Rent Expense Supplemental": 76000.0,
        "Total Operating Income As Reported": -3282087.0,
        "Diluted Average Shares": 1766362.0,
        "Basic Average Shares": 1766362.0,
        "Diluted EPS": -1.83,
        "Basic EPS": -1.83,
        "Diluted NI Availto Com Stockholders": -3231604.0,
        "Net Income Common Stockholders": -3231604.0,
        "Net Income": -3231604.0,
        "Net Income Including Noncontrolling Interests": -3231604.0,
        "Net Income Continuous Operations": -3231604.0,
        "Tax Provision": 0.0,
        "Pretax Income": -3231604.0,
        "Net Non Operating Interest Income Expense": 50483.0,
        "Total Other Finance Cost": -50483.0,
        "Operating Income": -3282504.0,
        "Operating Expense": 3282504.0,
        "Research And Development": 1428504.0,
        "Selling General And Administration": 1854000.0,
        "General And Administrative Expense": 1854000.0,
        "Other Gand A": 1027000.0,
        "Insurance And Claims": 236000.0,
        "Rent And Landing Fees": 76000.0,
        "Salaries And Wages": 515000.0,
        "Total Revenue": 0.0,
        "Operating Revenue": 0.0
    },
    "2024-12-31": {
        "Tax Effect Of Unusual Items": 0.0,
        "Tax Rate For Calcs": 0.0,
        "Normalized EBITDA": -6048381.0,
        "Net Income From Continuing Operation Net Minority Interest": -6131979.0,
        "Reconciled Depreciation": 160302.0,
        "EBITDA": -6048381.0,
        "EBIT": -6208683.0,
        "Net Interest Income": 76510.0,
        "Normalized Income": -6131979.0,
        "Net Income From Continuing And Discontinued Operation": -6131979.0,
        "Total Expenses": 6208683.0,
        "Rent Expense Supplemental": 95000.0,
        "Total Operating Income As Reported": -6208489.0,
        "Diluted Average Shares": NaN,
        "Basic Average Shares": NaN,
        "Diluted EPS": NaN,
        "Basic EPS": NaN,
        "Diluted NI Availto Com Stockholders": -6131979.0,
        "Net Income Common Stockholders": -6131979.0,
        "Net Income": -6131979.0,
        "Net Income Including Noncontrolling Interests": -6131979.0,
        "Net Income Continuous Operations": -6131979.0,
        "Tax Provision": 0.0,
        "Pretax Income": -6131979.0,
        "Net Non Operating Interest Income Expense": 76510.0,
        "Total Other Finance Cost": -76510.0,
        "Operating Income": -6208683.0,
        "Operating Expense": 6208683.0,
        "Research And Development": 4328683.0,
        "Selling General And Administration": 1880000.0,
        "General And Administrative Expense": 1880000.0,
        "Other Gand A": 989000.0,
        "Insurance And Claims": 266000.0,
        "Rent And Landing Fees": 95000.0,
        "Salaries And Wages": 530000.0,
        "Total Revenue": 0.0,
        "Operating Revenue": 0.0
    }
}