{
    "2023-03-31": {
        "Tax Effect Of Unusual Items": -593600.0,
        "Tax Rate For Calcs": 0.4,
        "Normalized EBITDA": 31823000.0,
        "Total Unusual Items": -1484000.0,
        "Total Unusual Items Excluding Goodwill": -1484000.0,
        "Net Income From Continuing Operation Net Minority Interest": -407000.0,
        "Reconciled Depreciation": 12637000.0,
        "Reconciled Cost Of Revenue": 129031000.0,
        "EBITDA": 30339000.0,
        "EBIT": 17702000.0,
        "Net Interest Income": -14528000.0,
        "Interest Expense": 14528000.0,
        "Normalized Income": 483400.0,
        "Net Income From Continuing And Discontinued Operation": -407000.0,
        "Total Expenses": 183697000.0,
        "Total Operating Income As Reported": 17916000.0,
        "Diluted Average Shares": 20368000.0,
        "Basic Average Shares": 20368000.0,
        "Diluted EPS": -0.02,
        "Basic EPS": -0.02,
        "Diluted NI Availto Com Stockholders": -407000.0,
        "Net Income Common Stockholders": -407000.0,
        "Net Income": -407000.0,
        "Net Income Including Noncontrolling Interests": -407000.0,
        "Net Income Discontinuous Operations": NaN,
        "Net Income Continuous Operations": -407000.0,
        "Tax Provision": 3581000.0,
        "Pretax Income": 3174000.0,
        "Other Income Expense": -1698000.0,
        "Other Non Operating Income Expenses": -214000.0,
        "Special Income Charges": -1484000.0,
        "Other Special Charges": 1700000.0,
        "Impairment Of Capital Assets": NaN,
        "Restructuring And Mergern Acquisition": 1484000.0,
        "Net Non Operating Interest Income Expense": -14528000.0,
        "Interest Expense Non Operating": 14528000.0,
        "Operating Income": 19400000.0,
        "Operating Expense": 54666000.0,
        "Selling General And Administration": 54666000.0,
        "Gross Profit": 74066000.0,
        "Cost Of Revenue": 129031000.0,
        "Total Revenue": 203097000.0,
        "Operating Revenue": 203097000.0
    },
    "2022-12-31": {
        "Tax Effect Of Unusual Items": -829271.929825,
        "Tax Rate For Calcs": 0.24269,
        "Normalized EBITDA": 24004000.0,
        "Total Unusual Items": -3417000.0,
        "Total Unusual Items Excluding Goodwill": -3417000.0,
        "Net Income From Continuing Operation Net Minority Interest": 5439000.0,
        "Reconciled Depreciation": 13335000.0,
        "Reconciled Cost Of Revenue": 138172000.0,
        "EBITDA": 20587000.0,
        "EBIT": 20587000.0,
        "Net Interest Income": -13405000.0,
        "Interest Expense": 13405000.0,
        "Normalized Income": 8026728.070175,
        "Net Income From Continuing And Discontinued Operation": 5439000.0,
        "Total Expenses": 190949000.0,
        "Total Operating Income As Reported": 20161000.0,
        "Diluted Average Shares": 20478000.0,
        "Basic Average Shares": 20365000.0,
        "Diluted EPS": 0.27,
        "Basic EPS": 0.27,
        "Diluted NI Availto Com Stockholders": 5439000.0,
        "Net Income Common Stockholders": 5439000.0,
        "Net Income": 5439000.0,
        "Net Income Including Noncontrolling Interests": 5439000.0,
        "Net Income Discontinuous Operations": 0.0,
        "Net Income Continuous Operations": 5439000.0,
        "Tax Provision": 1743000.0,
        "Pretax Income": 7182000.0,
        "Other Income Expense": -2991000.0,
        "Other Non Operating Income Expenses": 426000.0,
        "Special Income Charges": -3417000.0,
        "Other Special Charges": 3417000.0,
        "Impairment Of Capital Assets": 0.0,
        "Restructuring And Mergern Acquisition": 97000.0,
        "Net Non Operating Interest Income Expense": -13405000.0,
        "Interest Expense Non Operating": 13405000.0,
        "Operating Income": 23578000.0,
        "Operating Expense": 52777000.0,
        "Selling General And Administration": 52777000.0,
        "Gross Profit": 76355000.0,
        "Cost Of Revenue": 138172000.0,
        "Total Revenue": 214527000.0,
        "Operating Revenue": 214527000.0
    },
    "2022-09-30": {
        "Tax Effect Of Unusual Items": 1285100.0,
        "Tax Rate For Calcs": 0.05,
        "Normalized EBITDA": 33330000.0,
        "Total Unusual Items": 25702000.0,
        "Total Unusual Items Excluding Goodwill": 25702000.0,
        "Net Income From Continuing Operation Net Minority Interest": 31470000.0,
        "Reconciled Depreciation": 14080000.0,
        "Reconciled Cost Of Revenue": 128116000.0,
        "EBITDA": 59032000.0,
        "EBIT": 44952000.0,
        "Net Interest Income": -11821000.0,
        "Interest Expense": 11821000.0,
        "Normalized Income": 7053100.0,
        "Net Income From Continuing And Discontinued Operation": 31470000.0,
        "Total Expenses": 178508000.0,
        "Total Operating Income As Reported": 42556000.0,
        "Diluted Average Shares": 20410000.0,
        "Basic Average Shares": 20364000.0,
        "Diluted EPS": 1.54,
        "Basic EPS": 1.55,
        "Diluted NI Availto Com Stockholders": 31470000.0,
        "Net Income Common Stockholders": 31470000.0,
        "Net Income": 31470000.0,
        "Net Income Including Noncontrolling Interests": 31470000.0,
        "Net Income Discontinuous Operations": 0.0,
        "Net Income Continuous Operations": 31470000.0,
        "Tax Provision": 1661000.0,
        "Pretax Income": 33131000.0,
        "Other Income Expense": 28098000.0,
        "Other Non Operating Income Expenses": 2396000.0,
        "Special Income Charges": 25702000.0,
        "Other Special Charges": -25529000.0,
        "Impairment Of Capital Assets": NaN,
        "Restructuring And Mergern Acquisition": -173000.0,
        "Net Non Operating Interest Income Expense": -11821000.0,
        "Interest Expense Non Operating": 11821000.0,
        "Operating Income": 16854000.0,
        "Operating Expense": 50392000.0,
        "Selling General And Administration": 50392000.0,
        "Gross Profit": 67246000.0,
        "Cost Of Revenue": 128116000.0,
        "Total Revenue": 195362000.0,
        "Operating Revenue": 195362000.0
    },
    "2022-06-30": {
        "Tax Effect Of Unusual Items": 2292000.0,
        "Tax Rate For Calcs": 0.4,
        "Normalized EBITDA": 22025000.0,
        "Total Unusual Items": 5730000.0,
        "Total Unusual Items Excluding Goodwill": 5730000.0,
        "Net Income From Continuing Operation Net Minority Interest": 3960000.0,
        "Reconciled Depreciation": 14239000.0,
        "Reconciled Cost Of Revenue": 133171000.0,
        "EBITDA": 27755000.0,
        "EBIT": 13516000.0,
        "Net Interest Income": -10203000.0,
        "Interest Expense": 10203000.0,
        "Normalized Income": 522000.0,
        "Net Income From Continuing And Discontinued Operation": 3960000.0,
        "Total Expenses": 185228000.0,
        "Total Operating Income As Reported": 11878000.0,
        "Diluted Average Shares": 20428000.0,
        "Basic Average Shares": 20361000.0,
        "Diluted EPS": 0.19,
        "Basic EPS": 0.19,
        "Diluted NI Availto Com Stockholders": 3960000.0,
        "Net Income Common Stockholders": 3960000.0,
        "Net Income": 3960000.0,
        "Net Income Including Noncontrolling Interests": 3960000.0,
        "Net Income Discontinuous Operations": 0.0,
        "Net Income Continuous Operations": 3960000.0,
        "Tax Provision": -647000.0,
        "Pretax Income": 3313000.0,
        "Other Income Expense": 7368000.0,
        "Other Non Operating Income Expenses": 1638000.0,
        "Special Income Charges": 5730000.0,
        "Other Special Charges": -10425000.0,
        "Impairment Of Capital Assets": NaN,
        "Restructuring And Mergern Acquisition": 4695000.0,
        "Net Non Operating Interest Income Expense": -10203000.0,
        "Interest Expense Non Operating": 10203000.0,
        "Operating Income": 6148000.0,
        "Operating Expense": 52057000.0,
        "Selling General And Administration": 52057000.0,
        "Gross Profit": 58205000.0,
        "Cost Of Revenue": 133171000.0,
        "Total Revenue": 191376000.0,
        "Operating Revenue": 191376000.0
    },
    "2022-03-31": {
        "Diluted EPS": -1.06,
        "Total Revenue": 186,
        "Gross Profit": 55,
        "Operating Income": -12,
        "EBIT": 3,
        "Net Income": -21
    },
    "2021-12-31": {
        "Diluted EPS": -1.4,
        "Total Revenue": 205,
        "Gross Profit": 65,
        "Operating Income": -19,
        "EBIT": 8,
        "Net Income": -28
    },
    "2021-09-30": {
        "Diluted EPS": -0.13,
        "Total Revenue": 190,
        "Gross Profit": 58,
        "Operating Income": 3,
        "EBIT": 21,
        "Net Income": -3
    },
    "2021-06-30": {
        "Diluted EPS": -0.93,
        "Total Revenue": 188,
        "Gross Profit": 56,
        "Operating Income": -9,
        "EBIT": 9,
        "Net Income": -19
    },
    "2021-03-31": {
        "Diluted EPS": -0.59,
        "Total Revenue": 176,
        "Gross Profit": 52,
        "Operating Income": -5,
        "EBIT": 13,
        "Net Income": -12
    },
    "2020-12-31": {
        "Diluted EPS": -2.37,
        "Total Revenue": 200,
        "Gross Profit": 57,
        "Operating Income": -25,
        "EBIT": 15,
        "Net Income": -47
    },
    "2020-09-30": {
        "Diluted EPS": -2.93,
        "Total Revenue": 187,
        "Gross Profit": 56,
        "Operating Income": 4,
        "EBIT": 21,
        "Net Income": -59
    },
    "2020-06-30": {
        "Diluted EPS": -1.68,
        "Total Revenue": 186,
        "Gross Profit": 59,
        "Operating Income": -1,
        "EBIT": 15,
        "Net Income": -34
    },
    "2020-03-31": {
        "Diluted EPS": -3.96,
        "Total Revenue": 192,
        "Gross Profit": 60,
        "Operating Income": -73,
        "EBIT": 63,
        "Net Income": -79
    },
    "2019-12-31": {
        "Diluted EPS": -0.12,
        "Total Revenue": 236,
        "Gross Profit": 70,
        "Operating Income": 10,
        "EBIT": 28,
        "Net Income": -2
    },
    "2019-09-30": {
        "Diluted EPS": -5.64,
        "Total Revenue": 237,
        "Gross Profit": 74,
        "Operating Income": -9,
        "EBIT": 10,
        "Net Income": -112
    },
    "2019-06-30": {
        "Diluted EPS": -0.93,
        "Total Revenue": 246,
        "Gross Profit": 82,
        "Operating Income": 12,
        "EBIT": 30,
        "Net Income": -19
    },
    "2019-03-31": {
        "Diluted EPS": -0.23,
        "Total Revenue": 239,
        "Gross Profit": 74,
        "Operating Income": 18,
        "EBIT": 37,
        "Net Income": -5
    },
    "2018-12-31": {
        "Diluted EPS": -1.07,
        "Total Revenue": 189,
        "Gross Profit": 81,
        "Operating Income": 18,
        "EBIT": 31,
        "Net Income": -21
    },
    "2018-09-30": {
        "Diluted EPS": -0.34,
        "Total Revenue": 247,
        "Gross Profit": 80,
        "Operating Income": 9,
        "EBIT": 27,
        "Net Income": -7
    },
    "2018-06-30": {
        "Diluted EPS": 0.3,
        "Total Revenue": 301,
        "Gross Profit": 88,
        "Operating Income": 8,
        "EBIT": 29,
        "Net Income": 6
    },
    "2018-03-31": {
        "Diluted EPS": -0.88,
        "Total Revenue": 276,
        "Gross Profit": 76,
        "Operating Income": -13,
        "EBIT": 14,
        "Net Income": -17
    },
    "2017-12-31": {
        "Diluted EPS": -0.35,
        "Total Revenue": 49,
        "Gross Profit": 31,
        "Operating Income": -9,
        "EBIT": -2,
        "Net Income": -6
    },
    "2017-09-30": {
        "Diluted EPS": 0.22,
        "Total Revenue": 160,
        "Gross Profit": 47,
        "Operating Income": 7,
        "EBIT": 14,
        "Net Income": 4
    },
    "2017-06-30": {
        "Diluted EPS": 0.54,
        "Total Revenue": 151,
        "Gross Profit": 48,
        "Operating Income": 11,
        "EBIT": 18,
        "Net Income": 9
    },
    "2017-03-31": {
        "Diluted EPS": 0.29,
        "Total Revenue": 145,
        "Gross Profit": 47,
        "Operating Income": 7,
        "EBIT": 14,
        "Net Income": 5
    },
    "2016-12-31": {
        "Diluted EPS": -0.12,
        "Total Revenue": 158,
        "Gross Profit": 49,
        "Operating Income": -3,
        "EBIT": 5,
        "Net Income": -2
    },
    "2016-09-30": {
        "Diluted EPS": 0.27,
        "Total Revenue": 135,
        "Gross Profit": 42,
        "Operating Income": 4,
        "EBIT": 9,
        "Net Income": 4
    },
    "2016-06-30": {
        "Diluted EPS": 0.23,
        "Total Revenue": 146,
        "Gross Profit": 46,
        "Operating Income": 5,
        "EBIT": 11,
        "Net Income": 4
    },
    "2016-03-31": {
        "Diluted EPS": 0.23,
        "Total Revenue": 151,
        "Gross Profit": 45,
        "Operating Income": 5,
        "EBIT": 11,
        "Net Income": 4
    },
    "2015-12-31": {
        "Diluted EPS": 0.46,
        "Total Revenue": 164,
        "Gross Profit": 50,
        "Operating Income": 12,
        "EBIT": 19,
        "Net Income": 7
    },
    "2015-09-30": {
        "Diluted EPS": -0.49,
        "Total Revenue": 159,
        "Gross Profit": 45,
        "Operating Income": -4,
        "EBIT": 3,
        "Net Income": -8
    },
    "2015-06-30": {
        "Diluted EPS": 0.11,
        "Total Revenue": 167,
        "Gross Profit": 51,
        "Operating Income": 5,
        "EBIT": 12,
        "Net Income": 2
    },
    "2015-03-31": {
        "Diluted EPS": 0.5,
        "Total Revenue": 166,
        "Gross Profit": 53,
        "Operating Income": 12,
        "EBIT": 17,
        "Net Income": 9
    },
    "2014-12-31": {
        "Diluted EPS": 0.52,
        "Total Revenue": 219,
        "Gross Profit": 70,
        "Operating Income": 8,
        "EBIT": 13,
        "Net Income": 9
    },
    "2014-09-30": {
        "Diluted EPS": 0.83,
        "Total Revenue": 204,
        "Gross Profit": 62,
        "Operating Income": 20,
        "EBIT": 25,
        "Net Income": 15
    },
    "2014-06-30": {
        "Diluted EPS": 0.67,
        "Total Revenue": 208,
        "Gross Profit": 60,
        "Operating Income": 16,
        "EBIT": 21,
        "Net Income": 12
    },
    "2014-03-31": {
        "Diluted EPS": 0.82,
        "Total Revenue": 211,
        "Gross Profit": 65,
        "Operating Income": 21,
        "EBIT": 26,
        "Net Income": 15
    },
    "2013-12-31": {
        "Diluted EPS": 0.5,
        "Total Revenue": 214,
        "Gross Profit": 68,
        "Operating Income": 12,
        "EBIT": 17,
        "Net Income": 9
    },
    "2013-09-30": {
        "Diluted EPS": 1.0,
        "Total Revenue": 215,
        "Gross Profit": 70,
        "Operating Income": 24,
        "EBIT": 29,
        "Net Income": 18
    },
    "2013-06-30": {
        "Diluted EPS": 0.72,
        "Total Revenue": 224,
        "Gross Profit": 70,
        "Operating Income": 20,
        "EBIT": 25,
        "Net Income": 13
    },
    "2013-03-31": {
        "Diluted EPS": 0.45,
        "Total Revenue": 205,
        "Gross Profit": 60,
        "Operating Income": 13,
        "EBIT": 18,
        "Net Income": 8
    },
    "2012-12-31": {
        "Diluted EPS": 0.52,
        "Total Revenue": 202,
        "Gross Profit": 60,
        "Operating Income": 12,
        "EBIT": 16,
        "Net Income": 9
    },
    "2012-09-30": {
        "Diluted EPS": 0.11,
        "Total Revenue": 210,
        "Gross Profit": 59,
        "Operating Income": 3,
        "EBIT": 8,
        "Net Income": 2
    },
    "2012-06-30": {
        "Diluted EPS": 0.64,
        "Total Revenue": 220,
        "Gross Profit": 64,
        "Operating Income": 18,
        "EBIT": 23,
        "Net Income": 11
    },
    "2012-03-31": {
        "Diluted EPS": 0.49,
        "Total Revenue": 214,
        "Gross Profit": 59,
        "Operating Income": 14,
        "EBIT": 19,
        "Net Income": 9
    },
    "2011-12-31": {
        "Diluted EPS": 0.59,
        "Total Revenue": 217,
        "Gross Profit": 59,
        "Operating Income": 15,
        "EBIT": 20,
        "Net Income": 10
    },
    "2011-09-30": {
        "Diluted EPS": 0.63,
        "Total Revenue": 210,
        "Gross Profit": 55,
        "Operating Income": 16,
        "EBIT": 21,
        "Net Income": 11
    },
    "2011-06-30": {
        "Diluted EPS": 0.43,
        "Total Revenue": 192,
        "Gross Profit": 55,
        "Operating Income": 13,
        "EBIT": 17,
        "Net Income": 7
    },
    "2011-03-31": {
        "Diluted EPS": 0.45,
        "Total Revenue": 203,
        "Gross Profit": 56,
        "Operating Income": 13,
        "EBIT": 18,
        "Net Income": 8
    },
    "2010-12-31": {
        "Diluted EPS": 0.46,
        "Total Revenue": 194,
        "Gross Profit": 54,
        "Operating Income": 11,
        "EBIT": 16,
        "Net Income": 8
    },
    "2010-09-30": {
        "Diluted EPS": 0.6,
        "Total Revenue": 178,
        "Gross Profit": 51,
        "Operating Income": 13,
        "EBIT": 18,
        "Net Income": 10
    },
    "2010-06-30": {
        "Diluted EPS": -0.66,
        "Total Revenue": 168,
        "Gross Profit": 50,
        "Operating Income": -17,
        "EBIT": -13,
        "Net Income": -11
    },
    "2010-03-31": {
        "Diluted EPS": 0.33,
        "Total Revenue": 146,
        "Gross Profit": 43,
        "Operating Income": 8,
        "EBIT": 12,
        "Net Income": 6
    },
    "2009-12-31": {
        "Diluted EPS": -1.21,
        "Total Revenue": 158,
        "Gross Profit": 48,
        "Operating Income": -33,
        "EBIT": -28,
        "Net Income": -21
    },
    "2009-09-30": {
        "Diluted EPS": 0.49,
        "Total Revenue": 144,
        "Gross Profit": 42,
        "Operating Income": 11,
        "EBIT": 15,
        "Net Income": 8
    },
    "2009-06-30": {
        "Diluted EPS": 0.45,
        "Total Revenue": 165,
        "Gross Profit": 49,
        "Operating Income": 11,
        "EBIT": 15,
        "Net Income": 8
    },
    "2009-03-31": {
        "Diluted EPS": 0.61,
        "Total Revenue": 176,
        "Gross Profit": 56,
        "Operating Income": 15,
        "EBIT": 18,
        "Net Income": 10
    },
    "2023-06-30": {
        "Tax Effect Of Unusual Items": -2078000.0,
        "Tax Rate For Calcs": 0.4,
        "Normalized EBITDA": 28942000.0,
        "Total Unusual Items": -5195000.0,
        "Total Unusual Items Excluding Goodwill": -5195000.0,
        "Net Income From Continuing Operation Net Minority Interest": -8571000.0,
        "Reconciled Depreciation": 13073000.0,
        "Reconciled Cost Of Revenue": 140224000.0,
        "EBITDA": 23747000.0,
        "EBIT": 10674000.0,
        "Net Interest Income": -14957000.0,
        "Interest Expense": 14957000.0,
        "Normalized Income": -5454000.0,
        "Net Income From Continuing And Discontinued Operation": -8571000.0,
        "Total Expenses": 194070000.0,
        "Total Operating Income As Reported": 9544000.0,
        "Diluted Average Shares": 20392000.0,
        "Basic Average Shares": 20392000.0,
        "Diluted EPS": -0.42,
        "Basic EPS": -0.42,
        "Diluted NI Availto Com Stockholders": -8571000.0,
        "Net Income Common Stockholders": -8571000.0,
        "Net Income": -8571000.0,
        "Net Income Including Noncontrolling Interests": -8571000.0,
        "Net Income Discontinuous Operations": NaN,
        "Net Income Continuous Operations": -8571000.0,
        "Tax Provision": 4288000.0,
        "Pretax Income": -4283000.0,
        "Other Income Expense": -4065000.0,
        "Other Non Operating Income Expenses": 1130000.0,
        "Special Income Charges": -5195000.0,
        "Other Special Charges": 5242000.0,
        "Impairment Of Capital Assets": NaN,
        "Restructuring And Mergern Acquisition": -47000.0,
        "Net Non Operating Interest Income Expense": -14957000.0,
        "Interest Expense Non Operating": 14957000.0,
        "Operating Income": 14739000.0,
        "Operating Expense": 53846000.0,
        "Selling General And Administration": 53846000.0,
        "Gross Profit": 68585000.0,
        "Cost Of Revenue": 140224000.0,
        "Total Revenue": 208809000.0,
        "Operating Revenue": 208809000.0
    }
}