{
    "2023-06-30": {
        "Tax Effect Of Unusual Items": NaN,
        "Tax Rate For Calcs": NaN,
        "Net Income From Continuing Operation Net Minority Interest": NaN,
        "Reconciled Depreciation": 399000.0,
        "Net Interest Income": NaN,
        "Interest Expense": NaN,
        "Interest Income": NaN,
        "Normalized Income": NaN,
        "Net Income From Continuing And Discontinued Operation": NaN,
        "Diluted Average Shares": NaN,
        "Basic Average Shares": NaN,
        "Diluted EPS": NaN,
        "Basic EPS": NaN,
        "Diluted NI Availto Com Stockholders": NaN,
        "Net Income Common Stockholders": NaN,
        "Otherunder Preferred Stock Dividend": NaN,
        "Net Income": NaN,
        "Net Income Including Noncontrolling Interests": NaN,
        "Net Income Continuous Operations": NaN,
        "Tax Provision": NaN,
        "Pretax Income": NaN,
        "Gain On Sale Of Security": NaN,
        "Depreciation Amortization Depletion Income Statement": 399000.0,
        "Depreciation And Amortization In Income Statement": 399000.0,
        "Amortization": 399000.0,
        "Amortization Of Intangibles Income Statement": 399000.0,
        "Selling General And Administration": NaN,
        "Selling And Marketing Expense": NaN,
        "General And Administrative Expense": NaN,
        "Insurance And Claims": NaN,
        "Salaries And Wages": NaN,
        "Total Revenue": NaN,
        "Operating Revenue": NaN,
        "Occupancy And Equipment": NaN,
        "Professional Expense And Contract Services Expense": NaN,
        "Other Non Interest Expense": NaN
    },
    "2023-03-31": {
        "Tax Effect Of Unusual Items": 0.0,
        "Tax Rate For Calcs": 0.164,
        "Net Income From Continuing Operation Net Minority Interest": 12888000.0,
        "Reconciled Depreciation": 398000.0,
        "Net Interest Income": 32601000.0,
        "Interest Expense": 10324000.0,
        "Interest Income": 42925000.0,
        "Normalized Income": 12888000.0,
        "Net Income From Continuing And Discontinued Operation": 12888000.0,
        "Diluted Average Shares": 15732092.0,
        "Basic Average Shares": 15732092.0,
        "Diluted EPS": 0.82,
        "Basic EPS": 0.82,
        "Diluted NI Availto Com Stockholders": 12436000.0,
        "Net Income Common Stockholders": 12436000.0,
        "Otherunder Preferred Stock Dividend": 452000.0,
        "Net Income": 12888000.0,
        "Net Income Including Noncontrolling Interests": 12888000.0,
        "Net Income Continuous Operations": 12888000.0,
        "Tax Provision": 2528000.0,
        "Pretax Income": 15416000.0,
        "Gain On Sale Of Security": -68000.0,
        "Depreciation Amortization Depletion Income Statement": 398000.0,
        "Depreciation And Amortization In Income Statement": 398000.0,
        "Amortization": 398000.0,
        "Amortization Of Intangibles Income Statement": 398000.0,
        "Selling General And Administration": 15858000.0,
        "Selling And Marketing Expense": 505000.0,
        "General And Administrative Expense": 15353000.0,
        "Insurance And Claims": 248000.0,
        "Salaries And Wages": 15105000.0,
        "Total Revenue": 43089000.0,
        "Operating Revenue": 43089000.0,
        "Occupancy And Equipment": 4120000.0,
        "Professional Expense And Contract Services Expense": 1555000.0,
        "Other Non Interest Expense": 4921000.0
    },
    "2022-12-31": {
        "Tax Effect Of Unusual Items": 0.0,
        "Tax Rate For Calcs": 0.166575,
        "Net Income From Continuing Operation Net Minority Interest": 12148000.0,
        "Reconciled Depreciation": 406000.0,
        "Net Interest Income": 32565000.0,
        "Interest Expense": 5425000.0,
        "Interest Income": 37990000.0,
        "Normalized Income": 12148000.0,
        "Net Income From Continuing And Discontinued Operation": 12148000.0,
        "Diluted Average Shares": 15717439.0,
        "Basic Average Shares": 15717439.0,
        "Diluted EPS": 0.77,
        "Basic EPS": 0.77,
        "Diluted NI Availto Com Stockholders": 11773000.0,
        "Net Income Common Stockholders": 11773000.0,
        "Otherunder Preferred Stock Dividend": 375000.0,
        "Net Income": 12148000.0,
        "Net Income Including Noncontrolling Interests": 12148000.0,
        "Net Income Continuous Operations": 12148000.0,
        "Tax Provision": 2428000.0,
        "Pretax Income": 14576000.0,
        "Gain On Sale Of Security": 162000.0,
        "Depreciation Amortization Depletion Income Statement": 406000.0,
        "Depreciation And Amortization In Income Statement": 406000.0,
        "Amortization": 406000.0,
        "Amortization Of Intangibles Income Statement": 406000.0,
        "Selling General And Administration": 10741000.0,
        "Selling And Marketing Expense": 444000.0,
        "General And Administrative Expense": 10297000.0,
        "Insurance And Claims": 229000.0,
        "Salaries And Wages": 14407000.0,
        "Total Revenue": 42040000.0,
        "Operating Revenue": 42040000.0
    },
    "2022-09-30": {
        "Tax Effect Of Unusual Items": NaN,
        "Tax Rate For Calcs": NaN,
        "Net Income From Continuing Operation Net Minority Interest": NaN,
        "Reconciled Depreciation": NaN,
        "Net Interest Income": NaN,
        "Interest Expense": NaN,
        "Interest Income": NaN,
        "Normalized Income": NaN,
        "Net Income From Continuing And Discontinued Operation": NaN,
        "Diluted Average Shares": NaN,
        "Basic Average Shares": NaN,
        "Diluted EPS": NaN,
        "Basic EPS": NaN,
        "Diluted NI Availto Com Stockholders": NaN,
        "Net Income Common Stockholders": NaN,
        "Otherunder Preferred Stock Dividend": NaN,
        "Net Income": NaN,
        "Net Income Including Noncontrolling Interests": NaN,
        "Net Income Continuous Operations": NaN,
        "Tax Provision": NaN,
        "Pretax Income": NaN,
        "Gain On Sale Of Security": NaN,
        "Depreciation Amortization Depletion Income Statement": NaN,
        "Depreciation And Amortization In Income Statement": NaN,
        "Amortization": NaN,
        "Amortization Of Intangibles Income Statement": NaN,
        "Selling General And Administration": NaN,
        "Selling And Marketing Expense": NaN,
        "General And Administrative Expense": NaN,
        "Other Gand A": 1788000.0,
        "Insurance And Claims": NaN,
        "Salaries And Wages": NaN,
        "Total Revenue": NaN,
        "Operating Revenue": NaN
    },
    "2022-06-30": {
        "Tax Effect Of Unusual Items": 0.0,
        "Tax Rate For Calcs": 0.156,
        "Net Income From Continuing Operation Net Minority Interest": 7701000.0,
        "Reconciled Depreciation": 217000.0,
        "Net Interest Income": 24268000.0,
        "Interest Expense": 1796000.0,
        "Interest Income": 26064000.0,
        "Normalized Income": 7701000.0,
        "Net Income From Continuing And Discontinued Operation": 7701000.0,
        "Diluted Average Shares": 14540868.0,
        "Basic Average Shares": 14540868.0,
        "Diluted EPS": 0.53,
        "Basic EPS": 0.53,
        "Diluted NI Availto Com Stockholders": 7662000.0,
        "Net Income Common Stockholders": 7662000.0,
        "Otherunder Preferred Stock Dividend": 39000.0,
        "Net Income": 7701000.0,
        "Net Income Including Noncontrolling Interests": 7701000.0,
        "Net Income Continuous Operations": 7701000.0,
        "Tax Provision": 1423000.0,
        "Pretax Income": 9124000.0,
        "Gain On Sale Of Security": 45000.0,
        "Depreciation Amortization Depletion Income Statement": 217000.0,
        "Depreciation And Amortization In Income Statement": 217000.0,
        "Amortization": 217000.0,
        "Amortization Of Intangibles Income Statement": 217000.0,
        "Selling General And Administration": 13550000.0,
        "Selling And Marketing Expense": 380000.0,
        "General And Administrative Expense": 13170000.0,
        "Other Gand A": 1223000.0,
        "Insurance And Claims": 195000.0,
        "Salaries And Wages": 11947000.0,
        "Total Revenue": 29361000.0,
        "Operating Revenue": 29361000.0
    },
    "2022-03-31": {
        "Diluted EPS": 0.57,
        "Total Revenue": 32,
        "Gross Profit": 31,
        "Operating Income": 10,
        "EBIT": NaN,
        "Net Income": 8
    },
    "2021-12-31": {
        "Diluted EPS": 0.72,
        "Total Revenue": 32,
        "Gross Profit": 30,
        "Operating Income": 13,
        "EBIT": NaN,
        "Net Income": 11
    },
    "2021-09-30": {
        "Diluted EPS": 0.64,
        "Total Revenue": 32,
        "Gross Profit": 31,
        "Operating Income": 12,
        "EBIT": NaN,
        "Net Income": 10
    },
    "2021-06-30": {
        "Diluted EPS": 0.59,
        "Total Revenue": 35,
        "Gross Profit": 33,
        "Operating Income": 11,
        "EBIT": NaN,
        "Net Income": 9
    },
    "2021-03-31": {
        "Diluted EPS": 0.68,
        "Total Revenue": 35,
        "Gross Profit": 33,
        "Operating Income": 13,
        "EBIT": NaN,
        "Net Income": 11
    },
    "2020-12-31": {
        "Diluted EPS": 0.64,
        "Total Revenue": 33,
        "Gross Profit": 31,
        "Operating Income": 12,
        "EBIT": NaN,
        "Net Income": 10
    },
    "2020-09-30": {
        "Diluted EPS": 0.48,
        "Total Revenue": 31,
        "Gross Profit": 29,
        "Operating Income": 9,
        "EBIT": NaN,
        "Net Income": 8
    },
    "2020-06-30": {
        "Diluted EPS": 0.41,
        "Total Revenue": 31,
        "Gross Profit": 29,
        "Operating Income": 7,
        "EBIT": NaN,
        "Net Income": 6
    },
    "2020-03-31": {
        "Diluted EPS": 0.47,
        "Total Revenue": 32,
        "Gross Profit": 29,
        "Operating Income": 9,
        "EBIT": NaN,
        "Net Income": 8
    },
    "2019-12-31": {
        "Diluted EPS": 0.47,
        "Total Revenue": 30,
        "Gross Profit": 27,
        "Operating Income": 9,
        "EBIT": NaN,
        "Net Income": 8
    },
    "2019-09-30": {
        "Diluted EPS": 0.46,
        "Total Revenue": 29,
        "Gross Profit": 26,
        "Operating Income": 9,
        "EBIT": NaN,
        "Net Income": 8
    },
    "2019-06-30": {
        "Diluted EPS": 0.51,
        "Total Revenue": 30,
        "Gross Profit": 27,
        "Operating Income": 10,
        "EBIT": NaN,
        "Net Income": 8
    },
    "2019-03-31": {
        "Diluted EPS": 0.57,
        "Total Revenue": 31,
        "Gross Profit": 28,
        "Operating Income": 12,
        "EBIT": NaN,
        "Net Income": 10
    },
    "2018-12-31": {
        "Diluted EPS": 0.54,
        "Total Revenue": 29,
        "Gross Profit": 26,
        "Operating Income": 9,
        "EBIT": NaN,
        "Net Income": 7
    },
    "2018-09-30": {
        "Diluted EPS": -0.31,
        "Total Revenue": 21,
        "Gross Profit": 19,
        "Operating Income": -3,
        "EBIT": NaN,
        "Net Income": -4
    },
    "2018-06-30": {
        "Diluted EPS": 0.24,
        "Total Revenue": 21,
        "Gross Profit": 19,
        "Operating Income": 3,
        "EBIT": NaN,
        "Net Income": 3
    },
    "2018-03-31": {
        "Diluted EPS": 0.55,
        "Total Revenue": 22,
        "Gross Profit": 20,
        "Operating Income": 8,
        "EBIT": NaN,
        "Net Income": 7
    },
    "2017-12-31": {
        "Diluted EPS": 0.3,
        "Total Revenue": 19,
        "Gross Profit": 18,
        "Operating Income": 6,
        "EBIT": NaN,
        "Net Income": 4
    },
    "2017-09-30": {
        "Diluted EPS": 0.29,
        "Total Revenue": 18,
        "Gross Profit": 17,
        "Operating Income": 5,
        "EBIT": NaN,
        "Net Income": 3
    },
    "2017-06-30": {
        "Diluted EPS": 0.29,
        "Total Revenue": 18,
        "Gross Profit": 17,
        "Operating Income": 5,
        "EBIT": NaN,
        "Net Income": 3
    },
    "2017-03-31": {
        "Diluted EPS": 0.4,
        "Total Revenue": 19,
        "Gross Profit": 18,
        "Operating Income": 7,
        "EBIT": NaN,
        "Net Income": 4
    },
    "2016-12-31": {
        "Diluted EPS": 0.33,
        "Total Revenue": 17,
        "Gross Profit": 16,
        "Operating Income": 5,
        "EBIT": NaN,
        "Net Income": 3
    },
    "2016-09-30": {
        "Diluted EPS": 0.34,
        "Total Revenue": 17,
        "Gross Profit": 16,
        "Operating Income": 5,
        "EBIT": NaN,
        "Net Income": 3
    },
    "2016-06-30": {
        "Diluted EPS": 0.47,
        "Total Revenue": 18,
        "Gross Profit": 17,
        "Operating Income": 7,
        "EBIT": NaN,
        "Net Income": 5
    },
    "2016-03-31": {
        "Diluted EPS": 0.43,
        "Total Revenue": 18,
        "Gross Profit": 17,
        "Operating Income": 7,
        "EBIT": NaN,
        "Net Income": 4
    },
    "2015-12-31": {
        "Diluted EPS": 0.29,
        "Total Revenue": 16,
        "Gross Profit": 15,
        "Operating Income": 5,
        "EBIT": NaN,
        "Net Income": 3
    },
    "2015-09-30": {
        "Diluted EPS": 0.3,
        "Total Revenue": 16,
        "Gross Profit": 15,
        "Operating Income": 4,
        "EBIT": NaN,
        "Net Income": 3
    },
    "2015-06-30": {
        "Diluted EPS": 0.29,
        "Total Revenue": 16,
        "Gross Profit": 16,
        "Operating Income": 4,
        "EBIT": NaN,
        "Net Income": 3
    },
    "2015-03-31": {
        "Diluted EPS": 0.29,
        "Total Revenue": 16,
        "Gross Profit": 15,
        "Operating Income": 4,
        "EBIT": NaN,
        "Net Income": 3
    },
    "2014-12-31": {
        "Diluted EPS": 0.21,
        "Total Revenue": 14,
        "Gross Profit": 14,
        "Operating Income": 4,
        "EBIT": NaN,
        "Net Income": 2
    },
    "2014-09-30": {
        "Diluted EPS": 0.21,
        "Total Revenue": 15,
        "Gross Profit": 14,
        "Operating Income": 3,
        "EBIT": NaN,
        "Net Income": 2
    },
    "2014-06-30": {
        "Diluted EPS": 0.21,
        "Total Revenue": 15,
        "Gross Profit": 14,
        "Operating Income": 3,
        "EBIT": NaN,
        "Net Income": 2
    },
    "2014-03-31": {
        "Diluted EPS": 0.22,
        "Total Revenue": 16,
        "Gross Profit": 15,
        "Operating Income": 4,
        "EBIT": NaN,
        "Net Income": 2
    },
    "2013-12-31": {
        "Diluted EPS": 0.08,
        "Total Revenue": 14,
        "Gross Profit": 13,
        "Operating Income": 1,
        "EBIT": NaN,
        "Net Income": 1
    },
    "2013-09-30": {
        "Diluted EPS": 0.17,
        "Total Revenue": 14,
        "Gross Profit": 13,
        "Operating Income": 2,
        "EBIT": NaN,
        "Net Income": 1
    },
    "2013-06-30": {
        "Diluted EPS": 0.18,
        "Total Revenue": 14,
        "Gross Profit": 13,
        "Operating Income": 2,
        "EBIT": NaN,
        "Net Income": 1
    },
    "2013-03-31": {
        "Diluted EPS": 0.21,
        "Total Revenue": 15,
        "Gross Profit": 13,
        "Operating Income": 2,
        "EBIT": NaN,
        "Net Income": 2
    },
    "2012-12-31": {
        "Diluted EPS": 0.22,
        "Total Revenue": 14,
        "Gross Profit": 13,
        "Operating Income": 4,
        "EBIT": NaN,
        "Net Income": 2
    },
    "2012-09-30": {
        "Diluted EPS": 0.14,
        "Total Revenue": 14,
        "Gross Profit": 13,
        "Operating Income": 2,
        "EBIT": NaN,
        "Net Income": 1
    },
    "2012-06-30": {
        "Diluted EPS": 0.08,
        "Total Revenue": 15,
        "Gross Profit": 13,
        "Operating Income": 1,
        "EBIT": NaN,
        "Net Income": 1
    },
    "2012-03-31": {
        "Diluted EPS": 0.13,
        "Total Revenue": 15,
        "Gross Profit": 13,
        "Operating Income": 2,
        "EBIT": NaN,
        "Net Income": 1
    },
    "2011-12-31": {
        "Diluted EPS": 0.15,
        "Total Revenue": 15,
        "Gross Profit": 13,
        "Operating Income": 3,
        "EBIT": NaN,
        "Net Income": 1
    },
    "2011-09-30": {
        "Diluted EPS": 0.12,
        "Total Revenue": 15,
        "Gross Profit": 13,
        "Operating Income": 2,
        "EBIT": NaN,
        "Net Income": 1
    },
    "2011-06-30": {
        "Diluted EPS": 0.03,
        "Total Revenue": 15,
        "Gross Profit": 13,
        "Operating Income": 0,
        "EBIT": NaN,
        "Net Income": 0
    },
    "2011-03-31": {
        "Diluted EPS": 0.06,
        "Total Revenue": 15,
        "Gross Profit": 13,
        "Operating Income": 1,
        "EBIT": NaN,
        "Net Income": 0
    },
    "2010-12-31": {
        "Diluted EPS": 0.0,
        "Total Revenue": 15,
        "Gross Profit": 13,
        "Operating Income": 0,
        "EBIT": NaN,
        "Net Income": 0
    },
    "2010-09-30": {
        "Diluted EPS": -0.22,
        "Total Revenue": 16,
        "Gross Profit": 13,
        "Operating Income": -2,
        "EBIT": NaN,
        "Net Income": -2
    },
    "2010-06-30": {
        "Diluted EPS": -0.07,
        "Total Revenue": 16,
        "Gross Profit": 13,
        "Operating Income": -1,
        "EBIT": NaN,
        "Net Income": -1
    },
    "2010-03-31": {
        "Diluted EPS": -0.03,
        "Total Revenue": 15,
        "Gross Profit": 12,
        "Operating Income": 0,
        "EBIT": NaN,
        "Net Income": 0
    },
    "2009-12-31": {
        "Diluted EPS": -0.04,
        "Total Revenue": 17,
        "Gross Profit": 13,
        "Operating Income": 0,
        "EBIT": NaN,
        "Net Income": 0
    },
    "2009-09-30": {
        "Diluted EPS": 0.03,
        "Total Revenue": 16,
        "Gross Profit": 12,
        "Operating Income": 0,
        "EBIT": NaN,
        "Net Income": 0
    },
    "2009-06-30": {
        "Diluted EPS": 0.01,
        "Total Revenue": 16,
        "Gross Profit": 12,
        "Operating Income": 0,
        "EBIT": NaN,
        "Net Income": 0
    },
    "2009-03-31": {
        "Diluted EPS": 0.09,
        "Total Revenue": 17,
        "Gross Profit": 12,
        "Operating Income": 1,
        "EBIT": NaN,
        "Net Income": 1
    },
    "2023-09-30": {
        "Tax Effect Of Unusual Items": NaN,
        "Tax Rate For Calcs": NaN,
        "Net Income From Continuing Operation Net Minority Interest": NaN,
        "Reconciled Depreciation": 398000.0,
        "Net Interest Income": NaN,
        "Interest Expense": NaN,
        "Interest Income": NaN,
        "Normalized Income": NaN,
        "Net Income From Continuing And Discontinued Operation": NaN,
        "Diluted Average Shares": NaN,
        "Basic Average Shares": NaN,
        "Diluted EPS": NaN,
        "Basic EPS": NaN,
        "Diluted NI Availto Com Stockholders": NaN,
        "Net Income Common Stockholders": NaN,
        "Otherunder Preferred Stock Dividend": NaN,
        "Net Income": NaN,
        "Net Income Including Noncontrolling Interests": NaN,
        "Net Income Continuous Operations": NaN,
        "Tax Provision": NaN,
        "Pretax Income": NaN,
        "Gain On Sale Of Security": NaN,
        "Depreciation Amortization Depletion Income Statement": 398000.0,
        "Depreciation And Amortization In Income Statement": 398000.0,
        "Amortization": 398000.0,
        "Amortization Of Intangibles Income Statement": 398000.0,
        "Selling General And Administration": NaN,
        "Selling And Marketing Expense": NaN,
        "General And Administrative Expense": NaN,
        "Insurance And Claims": NaN,
        "Salaries And Wages": NaN,
        "Total Revenue": NaN,
        "Operating Revenue": NaN,
        "Occupancy And Equipment": NaN,
        "Professional Expense And Contract Services Expense": NaN,
        "Other Non Interest Expense": NaN
    },
    "2023-12-31": {
        "Tax Effect Of Unusual Items": NaN,
        "Tax Rate For Calcs": NaN,
        "Net Income From Continuing Operation Net Minority Interest": NaN,
        "Reconciled Depreciation": 384000.0,
        "Net Interest Income": NaN,
        "Interest Expense": NaN,
        "Interest Income": NaN,
        "Normalized Income": NaN,
        "Net Income From Continuing And Discontinued Operation": NaN,
        "Diluted Average Shares": NaN,
        "Basic Average Shares": NaN,
        "Diluted EPS": NaN,
        "Basic EPS": NaN,
        "Diluted NI Availto Com Stockholders": NaN,
        "Net Income Common Stockholders": NaN,
        "Otherunder Preferred Stock Dividend": 363000.0,
        "Net Income": NaN,
        "Net Income Including Noncontrolling Interests": NaN,
        "Net Income Continuous Operations": NaN,
        "Tax Provision": NaN,
        "Pretax Income": NaN,
        "Gain On Sale Of Security": NaN,
        "Depreciation Amortization Depletion Income Statement": 384000.0,
        "Depreciation And Amortization In Income Statement": 384000.0,
        "Amortization": 384000.0,
        "Amortization Of Intangibles Income Statement": 384000.0,
        "Selling General And Administration": NaN,
        "Selling And Marketing Expense": NaN,
        "General And Administrative Expense": NaN,
        "Insurance And Claims": NaN,
        "Salaries And Wages": NaN,
        "Total Revenue": NaN,
        "Operating Revenue": NaN,
        "Occupancy And Equipment": NaN,
        "Professional Expense And Contract Services Expense": NaN,
        "Other Non Interest Expense": NaN
    },
    "2024-03-31": {
        "Tax Effect Of Unusual Items": 0.0,
        "Tax Rate For Calcs": 0.116053,
        "Net Income From Continuing Operation Net Minority Interest": 6360000.0,
        "Reconciled Depreciation": 391000.0,
        "Net Interest Income": 28372000.0,
        "Interest Expense": 21756000.0,
        "Interest Income": 50128000.0,
        "Normalized Income": 6360000.0,
        "Net Income From Continuing And Discontinued Operation": 6360000.0,
        "Diluted Average Shares": 15134619.0,
        "Basic Average Shares": 15134619.0,
        "Diluted EPS": 0.41,
        "Basic EPS": 0.41,
        "Diluted NI Availto Com Stockholders": 6133000.0,
        "Net Income Common Stockholders": 6133000.0,
        "Otherunder Preferred Stock Dividend": 227000.0,
        "Net Income": 6360000.0,
        "Net Income Including Noncontrolling Interests": 6360000.0,
        "Net Income Continuous Operations": 6360000.0,
        "Tax Provision": 835000.0,
        "Pretax Income": 7195000.0,
        "Gain On Sale Of Security": -141000.0,
        "Depreciation Amortization Depletion Income Statement": 391000.0,
        "Depreciation And Amortization In Income Statement": 391000.0,
        "Amortization": 391000.0,
        "Amortization Of Intangibles Income Statement": 391000.0,
        "Selling General And Administration": 16420000.0,
        "Selling And Marketing Expense": 479000.0,
        "General And Administrative Expense": 15941000.0,
        "Insurance And Claims": 484000.0,
        "Salaries And Wages": 15457000.0,
        "Total Revenue": 36003000.0,
        "Operating Revenue": 36003000.0,
        "Occupancy And Equipment": 3903000.0,
        "Professional Expense And Contract Services Expense": 1149000.0,
        "Other Non Interest Expense": 4953000.0
    },
    "2024-06-30": {
        "Tax Effect Of Unusual Items": 0.0,
        "Tax Rate For Calcs": 0.126,
        "Net Income From Continuing Operation Net Minority Interest": 7064000.0,
        "Reconciled Depreciation": 366000.0,
        "Net Interest Income": 27751000.0,
        "Interest Expense": 22842000.0,
        "Interest Income": 50593000.0,
        "Normalized Income": 7064000.0,
        "Net Income From Continuing And Discontinued Operation": 7064000.0,
        "Diluted Average Shares": 15729049.0,
        "Basic Average Shares": 15729049.0,
        "Diluted EPS": 0.45,
        "Basic EPS": 0.45,
        "Diluted NI Availto Com Stockholders": 6798000.0,
        "Net Income Common Stockholders": 6798000.0,
        "Otherunder Preferred Stock Dividend": 266000.0,
        "Net Income": 7064000.0,
        "Net Income Including Noncontrolling Interests": 7064000.0,
        "Net Income Continuous Operations": 7064000.0,
        "Tax Provision": 1020000.0,
        "Pretax Income": 8084000.0,
        "Gain On Sale Of Security": 74000.0,
        "Depreciation Amortization Depletion Income Statement": 366000.0,
        "Depreciation And Amortization In Income Statement": 366000.0,
        "Amortization": 366000.0,
        "Amortization Of Intangibles Income Statement": 366000.0,
        "Selling General And Administration": 16733000.0,
        "Selling And Marketing Expense": 445000.0,
        "General And Administrative Expense": 16288000.0,
        "Insurance And Claims": 548000.0,
        "Salaries And Wages": 15740000.0,
        "Total Revenue": 37662000.0,
        "Operating Revenue": 37662000.0,
        "Occupancy And Equipment": 3732000.0,
        "Professional Expense And Contract Services Expense": 1249000.0,
        "Other Non Interest Expense": 5843000.0
    },
    "2024-09-30": {
        "Tax Effect Of Unusual Items": 0.0,
        "Tax Rate For Calcs": 0.156,
        "Net Income From Continuing Operation Net Minority Interest": 8366000.0,
        "Reconciled Depreciation": NaN,
        "Net Interest Income": 29233000.0,
        "Interest Expense": 23508000.0,
        "Interest Income": 52741000.0,
        "Normalized Income": 8366000.0,
        "Net Income From Continuing And Discontinued Operation": 8366000.0,
        "Diluted Average Shares": 15404435.0,
        "Basic Average Shares": 15404435.0,
        "Diluted EPS": 0.53,
        "Basic EPS": 0.53,
        "Diluted NI Availto Com Stockholders": 8189000.0,
        "Net Income Common Stockholders": 8189000.0,
        "Otherunder Preferred Stock Dividend": 177000.0,
        "Net Income": 8366000.0,
        "Net Income Including Noncontrolling Interests": 8366000.0,
        "Net Income Continuous Operations": 8366000.0,
        "Tax Provision": 1551000.0,
        "Pretax Income": 9917000.0,
        "Gain On Sale Of Security": 223000.0,
        "Depreciation Amortization Depletion Income Statement": NaN,
        "Depreciation And Amortization In Income Statement": NaN,
        "Amortization": NaN,
        "Amortization Of Intangibles Income Statement": NaN,
        "Selling General And Administration": 17076000.0,
        "Selling And Marketing Expense": 716000.0,
        "General And Administrative Expense": 16360000.0,
        "Insurance And Claims": 634000.0,
        "Salaries And Wages": 15726000.0,
        "Total Revenue": 38303000.0,
        "Operating Revenue": 38303000.0,
        "Occupancy And Equipment": 3638000.0,
        "Professional Expense And Contract Services Expense": 1134000.0,
        "Other Non Interest Expense": 5517000.0
    },
    "2024-12-31": {
        "Tax Effect Of Unusual Items": 0.0,
        "Tax Rate For Calcs": 0.130515,
        "Net Income From Continuing Operation Net Minority Interest": 9893000.0,
        "Reconciled Depreciation": NaN,
        "Net Interest Income": 31354000.0,
        "Interest Expense": 21879000.0,
        "Interest Income": 53233000.0,
        "Normalized Income": 9893000.0,
        "Net Income From Continuing And Discontinued Operation": 9893000.0,
        "Diluted Average Shares": 15397336.0,
        "Basic Average Shares": 15397336.0,
        "Diluted EPS": 0.63,
        "Basic EPS": 0.63,
        "Diluted NI Availto Com Stockholders": 10348000.0,
        "Net Income Common Stockholders": 10348000.0,
        "Otherunder Preferred Stock Dividend": NaN,
        "Net Income": 9893000.0,
        "Net Income Including Noncontrolling Interests": 9893000.0,
        "Net Income Continuous Operations": 9893000.0,
        "Tax Provision": 1485000.0,
        "Pretax Income": 11378000.0,
        "Gain On Sale Of Security": 129000.0,
        "Depreciation Amortization Depletion Income Statement": NaN,
        "Depreciation And Amortization In Income Statement": NaN,
        "Amortization": NaN,
        "Amortization Of Intangibles Income Statement": NaN,
        "Selling General And Administration": 16076000.0,
        "Selling And Marketing Expense": 448000.0,
        "General And Administrative Expense": 15628000.0,
        "Insurance And Claims": 729000.0,
        "Salaries And Wages": 14899000.0,
        "Total Revenue": 39698000.0,
        "Operating Revenue": 39698000.0,
        "Occupancy And Equipment": 3378000.0,
        "Professional Expense And Contract Services Expense": 2247000.0,
        "Other Non Interest Expense": 4439000.0
    },
    "2025-03-31": {
        "Tax Effect Of Unusual Items": 0.0,
        "Tax Rate For Calcs": 0.148409,
        "Net Income From Continuing Operation Net Minority Interest": 10168000.0,
        "Reconciled Depreciation": 332000.0,
        "Net Interest Income": 32773000.0,
        "Interest Expense": 20960000.0,
        "Interest Income": 53733000.0,
        "Normalized Income": 10168000.0,
        "Net Income From Continuing And Discontinued Operation": 10168000.0,
        "Diluted Average Shares": 15422102.0,
        "Basic Average Shares": 15422102.0,
        "Diluted EPS": 0.66,
        "Basic EPS": 0.66,
        "Diluted NI Availto Com Stockholders": 10124000.0,
        "Net Income Common Stockholders": 10124000.0,
        "Otherunder Preferred Stock Dividend": 44000.0,
        "Net Income": 10168000.0,
        "Net Income Including Noncontrolling Interests": 10168000.0,
        "Net Income Continuous Operations": 10168000.0,
        "Tax Provision": 1772000.0,
        "Pretax Income": 11940000.0,
        "Gain On Sale Of Security": -29000.0,
        "Depreciation Amortization Depletion Income Statement": 332000.0,
        "Depreciation And Amortization In Income Statement": 332000.0,
        "Amortization": 332000.0,
        "Amortization Of Intangibles Income Statement": 332000.0,
        "Selling General And Administration": 15212000.0,
        "Selling And Marketing Expense": 296000.0,
        "General And Administrative Expense": 14916000.0,
        "Insurance And Claims": 873000.0,
        "Salaries And Wages": 14043000.0,
        "Total Revenue": 40053000.0,
        "Operating Revenue": 40053000.0,
        "Occupancy And Equipment": 3737000.0,
        "Professional Expense And Contract Services Expense": 2090000.0,
        "Other Non Interest Expense": 5175000.0
    }
}