{
    "2023-03-31": {
        "Tax Effect Of Unusual Items": NaN,
        "Tax Rate For Calcs": NaN,
        "Normalized EBITDA": NaN,
        "Total Unusual Items": NaN,
        "Total Unusual Items Excluding Goodwill": NaN,
        "Net Income From Continuing Operation Net Minority Interest": NaN,
        "Reconciled Depreciation": NaN,
        "Reconciled Cost Of Revenue": NaN,
        "EBITDA": NaN,
        "EBIT": NaN,
        "Net Interest Income": NaN,
        "Interest Expense": NaN,
        "Normalized Income": NaN,
        "Net Income From Continuing And Discontinued Operation": NaN,
        "Total Expenses": NaN,
        "Diluted Average Shares": NaN,
        "Basic Average Shares": NaN,
        "Diluted EPS": NaN,
        "Basic EPS": NaN,
        "Diluted NI Availto Com Stockholders": NaN,
        "Net Income Common Stockholders": NaN,
        "Net Income": NaN,
        "Net Income Including Noncontrolling Interests": NaN,
        "Net Income Continuous Operations": NaN,
        "Tax Provision": NaN,
        "Pretax Income": NaN,
        "Other Income Expense": NaN,
        "Other Non Operating Income Expenses": NaN,
        "Special Income Charges": NaN,
        "Gain On Sale Of Ppe": NaN,
        "Write Off": -253000.0,
        "Restructuring And Mergern Acquisition": NaN,
        "Gain On Sale Of Security": NaN,
        "Net Non Operating Interest Income Expense": NaN,
        "Total Other Finance Cost": NaN,
        "Interest Expense Non Operating": NaN,
        "Operating Income": NaN,
        "Operating Expense": NaN,
        "Other Operating Expenses": NaN,
        "Other Taxes": NaN,
        "Selling General And Administration": NaN,
        "General And Administrative Expense": NaN,
        "Other Gand A": NaN,
        "Gross Profit": NaN,
        "Cost Of Revenue": NaN,
        "Total Revenue": NaN,
        "Operating Revenue": NaN
    },
    "2022-12-31": {
        "Tax Effect Of Unusual Items": NaN,
        "Tax Rate For Calcs": NaN,
        "Normalized EBITDA": NaN,
        "Total Unusual Items": NaN,
        "Total Unusual Items Excluding Goodwill": NaN,
        "Net Income From Continuing Operation Net Minority Interest": NaN,
        "Reconciled Depreciation": NaN,
        "Reconciled Cost Of Revenue": NaN,
        "EBITDA": NaN,
        "EBIT": NaN,
        "Net Interest Income": NaN,
        "Interest Expense": NaN,
        "Normalized Income": NaN,
        "Net Income From Continuing And Discontinued Operation": NaN,
        "Total Expenses": NaN,
        "Diluted Average Shares": NaN,
        "Basic Average Shares": NaN,
        "Diluted EPS": NaN,
        "Basic EPS": NaN,
        "Diluted NI Availto Com Stockholders": NaN,
        "Net Income Common Stockholders": NaN,
        "Net Income": NaN,
        "Net Income Including Noncontrolling Interests": NaN,
        "Net Income Continuous Operations": NaN,
        "Tax Provision": NaN,
        "Pretax Income": NaN,
        "Other Income Expense": NaN,
        "Other Non Operating Income Expenses": NaN,
        "Special Income Charges": NaN,
        "Gain On Sale Of Ppe": NaN,
        "Write Off": -943000.0,
        "Restructuring And Mergern Acquisition": NaN,
        "Gain On Sale Of Security": NaN,
        "Net Non Operating Interest Income Expense": NaN,
        "Total Other Finance Cost": NaN,
        "Interest Expense Non Operating": NaN,
        "Operating Income": NaN,
        "Operating Expense": NaN,
        "Other Operating Expenses": NaN,
        "Other Taxes": NaN,
        "Selling General And Administration": NaN,
        "General And Administrative Expense": NaN,
        "Other Gand A": NaN,
        "Gross Profit": NaN,
        "Cost Of Revenue": NaN,
        "Total Revenue": NaN,
        "Operating Revenue": NaN
    },
    "2022-09-30": {
        "Tax Effect Of Unusual Items": NaN,
        "Tax Rate For Calcs": NaN,
        "Normalized EBITDA": NaN,
        "Total Unusual Items": NaN,
        "Total Unusual Items Excluding Goodwill": NaN,
        "Net Income From Continuing Operation Net Minority Interest": NaN,
        "Reconciled Depreciation": NaN,
        "Reconciled Cost Of Revenue": NaN,
        "EBITDA": NaN,
        "EBIT": NaN,
        "Net Interest Income": NaN,
        "Interest Expense": NaN,
        "Normalized Income": NaN,
        "Net Income From Continuing And Discontinued Operation": NaN,
        "Total Expenses": NaN,
        "Diluted Average Shares": NaN,
        "Basic Average Shares": NaN,
        "Diluted EPS": NaN,
        "Basic EPS": NaN,
        "Diluted NI Availto Com Stockholders": NaN,
        "Net Income Common Stockholders": NaN,
        "Net Income": NaN,
        "Net Income Including Noncontrolling Interests": NaN,
        "Net Income Continuous Operations": NaN,
        "Tax Provision": NaN,
        "Pretax Income": NaN,
        "Other Income Expense": NaN,
        "Other Non Operating Income Expenses": NaN,
        "Special Income Charges": NaN,
        "Gain On Sale Of Ppe": NaN,
        "Write Off": -11000.0,
        "Restructuring And Mergern Acquisition": NaN,
        "Gain On Sale Of Security": NaN,
        "Net Non Operating Interest Income Expense": NaN,
        "Total Other Finance Cost": NaN,
        "Interest Expense Non Operating": NaN,
        "Operating Income": NaN,
        "Operating Expense": NaN,
        "Other Operating Expenses": NaN,
        "Selling General And Administration": NaN,
        "General And Administrative Expense": NaN,
        "Other Gand A": NaN,
        "Gross Profit": NaN,
        "Cost Of Revenue": NaN,
        "Total Revenue": NaN,
        "Operating Revenue": NaN
    },
    "2022-06-30": {
        "Tax Effect Of Unusual Items": -18177347.606976,
        "Tax Rate For Calcs": 0.245401,
        "Normalized EBITDA": 905638000.0,
        "Total Unusual Items": -74072000.0,
        "Total Unusual Items Excluding Goodwill": -74072000.0,
        "Net Income From Continuing Operation Net Minority Interest": 468821000.0,
        "Reconciled Depreciation": 204519000.0,
        "Reconciled Cost Of Revenue": 419254000.0,
        "EBITDA": 831566000.0,
        "EBIT": 627047000.0,
        "Net Interest Income": -8116000.0,
        "Interest Expense": 5762000.0,
        "Normalized Income": 524715652.393024,
        "Net Income From Continuing And Discontinued Operation": 468821000.0,
        "Total Expenses": 452204000.0,
        "Diluted Average Shares": 85554000.0,
        "Basic Average Shares": 84993000.0,
        "Diluted EPS": 5.48,
        "Basic EPS": 5.52,
        "Diluted NI Availto Com Stockholders": 468821000.0,
        "Net Income Common Stockholders": 468821000.0,
        "Net Income": 468821000.0,
        "Net Income Including Noncontrolling Interests": 468821000.0,
        "Net Income Continuous Operations": 468821000.0,
        "Tax Provision": 152464000.0,
        "Pretax Income": 621285000.0,
        "Other Income Expense": -69759000.0,
        "Other Non Operating Income Expenses": 4313000.0,
        "Special Income Charges": -1422000.0,
        "Gain On Sale Of Ppe": 0.0,
        "Write Off": 4000.0,
        "Restructuring And Mergern Acquisition": 1418000.0,
        "Gain On Sale Of Security": -72650000.0,
        "Net Non Operating Interest Income Expense": -8116000.0,
        "Total Other Finance Cost": 2354000.0,
        "Interest Expense Non Operating": 5762000.0,
        "Operating Income": 699160000.0,
        "Operating Expense": 32950000.0,
        "Other Operating Expenses": 3284000.0,
        "Selling General And Administration": 29666000.0,
        "General And Administrative Expense": 29666000.0,
        "Other Gand A": 29666000.0,
        "Gross Profit": 732110000.0,
        "Cost Of Revenue": 419254000.0,
        "Total Revenue": 1151364000.0,
        "Operating Revenue": 1151364000.0
    },
    "2023-06-30": {
        "Tax Effect Of Unusual Items": NaN,
        "Tax Rate For Calcs": NaN,
        "Normalized EBITDA": NaN,
        "Total Unusual Items": NaN,
        "Total Unusual Items Excluding Goodwill": NaN,
        "Net Income From Continuing Operation Net Minority Interest": NaN,
        "Reconciled Depreciation": NaN,
        "Reconciled Cost Of Revenue": NaN,
        "EBITDA": NaN,
        "EBIT": NaN,
        "Net Interest Income": NaN,
        "Interest Expense": NaN,
        "Normalized Income": NaN,
        "Net Income From Continuing And Discontinued Operation": NaN,
        "Total Expenses": NaN,
        "Diluted Average Shares": NaN,
        "Basic Average Shares": NaN,
        "Diluted EPS": NaN,
        "Basic EPS": NaN,
        "Diluted NI Availto Com Stockholders": NaN,
        "Net Income Common Stockholders": NaN,
        "Net Income": NaN,
        "Net Income Including Noncontrolling Interests": NaN,
        "Net Income Continuous Operations": NaN,
        "Tax Provision": NaN,
        "Pretax Income": NaN,
        "Other Income Expense": NaN,
        "Other Non Operating Income Expenses": NaN,
        "Special Income Charges": NaN,
        "Gain On Sale Of Ppe": NaN,
        "Write Off": 836000.0,
        "Restructuring And Mergern Acquisition": NaN,
        "Gain On Sale Of Security": NaN,
        "Net Non Operating Interest Income Expense": NaN,
        "Total Other Finance Cost": NaN,
        "Interest Expense Non Operating": NaN,
        "Operating Income": NaN,
        "Operating Expense": NaN,
        "Other Operating Expenses": NaN,
        "Other Taxes": NaN,
        "Selling General And Administration": NaN,
        "General And Administrative Expense": NaN,
        "Other Gand A": NaN,
        "Gross Profit": NaN,
        "Cost Of Revenue": NaN,
        "Total Revenue": NaN,
        "Operating Revenue": NaN
    },
    "2022-03-31": {
        "Diluted EPS": 1.07,
        "Total Revenue": 818,
        "Gross Profit": 818,
        "Operating Income": 402,
        "EBIT": 588,
        "Net Income": 92
    },
    "2021-12-31": {
        "Diluted EPS": 4.27,
        "Total Revenue": 510,
        "Gross Profit": 510,
        "Operating Income": 163,
        "EBIT": 302,
        "Net Income": 164
    },
    "2021-09-30": {
        "Diluted EPS": 1.31,
        "Total Revenue": 190,
        "Gross Profit": 190,
        "Operating Income": 94,
        "EBIT": 130,
        "Net Income": 41
    },
    "2021-06-30": {
        "Diluted EPS": -0.83,
        "Total Revenue": 156,
        "Gross Profit": 156,
        "Operating Income": 41,
        "EBIT": 77,
        "Net Income": -25
    },
    "2021-03-31": {
        "Diluted EPS": -0.01,
        "Total Revenue": 74,
        "Gross Profit": 74,
        "Operating Income": 23,
        "EBIT": 42,
        "Net Income": 0
    },
    "2020-12-31": {
        "Diluted EPS": 2.86,
        "Total Revenue": 63,
        "Gross Profit": 63,
        "Operating Income": 1,
        "EBIT": 25,
        "Net Income": 61
    },
    "2020-09-30": {
        "Diluted EPS": 0.16,
        "Total Revenue": 59,
        "Gross Profit": 59,
        "Operating Income": 19,
        "EBIT": 43,
        "Net Income": 3
    },
    "2020-06-30": {
        "Diluted EPS": -1.87,
        "Total Revenue": 36,
        "Gross Profit": 36,
        "Operating Income": -11,
        "EBIT": 12,
        "Net Income": -39
    },
    "2020-03-31": {
        "Diluted EPS": 3.8,
        "Total Revenue": 60,
        "Gross Profit": 60,
        "Operating Income": -20,
        "EBIT": 2,
        "Net Income": 79
    },
    "2019-12-31": {
        "Diluted EPS": -0.15,
        "Total Revenue": 80,
        "Gross Profit": 80,
        "Operating Income": 18,
        "EBIT": 40,
        "Net Income": -3
    },
    "2019-09-30": {
        "Diluted EPS": 1.74,
        "Total Revenue": 75,
        "Gross Profit": 75,
        "Operating Income": 23,
        "EBIT": 43,
        "Net Income": 36
    },
    "2019-06-30": {
        "Diluted EPS": 1.99,
        "Total Revenue": 86,
        "Gross Profit": 86,
        "Operating Income": 35,
        "EBIT": 54,
        "Net Income": 41
    },
    "2019-03-31": {
        "Diluted EPS": -0.34,
        "Total Revenue": 73,
        "Gross Profit": 73,
        "Operating Income": 30,
        "EBIT": 45,
        "Net Income": -7
    },
    "2018-12-31": {
        "Diluted EPS": 5.14,
        "Total Revenue": 66,
        "Gross Profit": 66,
        "Operating Income": 29,
        "EBIT": 43,
        "Net Income": 106
    },
    "2018-09-30": {
        "Diluted EPS": 2.1,
        "Total Revenue": 74,
        "Gross Profit": 74,
        "Operating Income": 33,
        "EBIT": 44,
        "Net Income": 43
    },
    "2018-06-30": {
        "Diluted EPS": 0.24,
        "Total Revenue": 72,
        "Gross Profit": 72,
        "Operating Income": 27,
        "EBIT": 37,
        "Net Income": 5
    },
    "2018-03-31": {
        "Diluted EPS": 0.68,
        "Total Revenue": 64,
        "Gross Profit": 64,
        "Operating Income": 23,
        "EBIT": 30,
        "Net Income": 14
    },
    "2017-12-31": {
        "Diluted EPS": -2.91,
        "Total Revenue": 50,
        "Gross Profit": 50,
        "Operating Income": 8,
        "EBIT": 17,
        "Net Income": -6
    },
    "2017-09-30": {
        "Diluted EPS": 0.21,
        "Total Revenue": 45,
        "Gross Profit": 45,
        "Operating Income": 7,
        "EBIT": 15,
        "Net Income": 4
    },
    "2017-06-30": {
        "Diluted EPS": 4.58,
        "Total Revenue": 44,
        "Gross Profit": 44,
        "Operating Income": -3,
        "EBIT": 9,
        "Net Income": 93
    },
    "2017-03-31": {
        "Diluted EPS": -1.91,
        "Total Revenue": 53,
        "Gross Profit": 53,
        "Operating Income": -2,
        "EBIT": 19,
        "Net Income": -94
    },
    "2016-12-31": {
        "Diluted EPS": -1.37,
        "Total Revenue": 47,
        "Gross Profit": 47,
        "Operating Income": -50,
        "EBIT": -23,
        "Net Income": -67
    },
    "2016-09-30": {
        "Diluted EPS": -0.71,
        "Total Revenue": 49,
        "Gross Profit": 49,
        "Operating Income": -23,
        "EBIT": 5,
        "Net Income": -35
    },
    "2016-06-30": {
        "Diluted EPS": -1.0,
        "Total Revenue": 55,
        "Gross Profit": 55,
        "Operating Income": -19,
        "EBIT": 14,
        "Net Income": -49
    },
    "2016-03-31": {
        "Diluted EPS": -0.96,
        "Total Revenue": 44,
        "Gross Profit": 44,
        "Operating Income": -37,
        "EBIT": -10,
        "Net Income": -47
    },
    "2015-12-31": {
        "Diluted EPS": 376.57,
        "Total Revenue": 57,
        "Gross Profit": 57,
        "Operating Income": -624,
        "EBIT": -566,
        "Net Income": -574
    },
    "2015-09-30": {
        "Diluted EPS": -252.81,
        "Total Revenue": 72,
        "Gross Profit": 72,
        "Operating Income": -202,
        "EBIT": -143,
        "Net Income": -112
    },
    "2015-06-30": {
        "Diluted EPS": -93.26,
        "Total Revenue": 90,
        "Gross Profit": 90,
        "Operating Income": -46,
        "EBIT": 25,
        "Net Income": -41
    },
    "2015-03-31": {
        "Diluted EPS": -46.07,
        "Total Revenue": 73,
        "Gross Profit": 73,
        "Operating Income": -35,
        "EBIT": 25,
        "Net Income": -18
    },
    "2014-12-31": {
        "Diluted EPS": -119.1,
        "Total Revenue": 123,
        "Gross Profit": 123,
        "Operating Income": -161,
        "EBIT": -90,
        "Net Income": -43
    },
    "2014-09-30": {
        "Diluted EPS": 132.58,
        "Total Revenue": 156,
        "Gross Profit": 156,
        "Operating Income": 41,
        "EBIT": 105,
        "Net Income": 49
    },
    "2014-06-30": {
        "Diluted EPS": 3.37,
        "Total Revenue": 152,
        "Gross Profit": 152,
        "Operating Income": 39,
        "EBIT": 93,
        "Net Income": 1
    },
    "2014-03-31": {
        "Diluted EPS": 38.2,
        "Total Revenue": 127,
        "Gross Profit": 127,
        "Operating Income": 34,
        "EBIT": 75,
        "Net Income": 14
    },
    "2013-12-31": {
        "Diluted EPS": 70.79,
        "Total Revenue": 133,
        "Gross Profit": 133,
        "Operating Income": 47,
        "EBIT": 98,
        "Net Income": 26
    },
    "2013-09-30": {
        "Diluted EPS": 49.44,
        "Total Revenue": 126,
        "Gross Profit": 126,
        "Operating Income": 52,
        "EBIT": 90,
        "Net Income": 17
    },
    "2013-06-30": {
        "Diluted EPS": 40.45,
        "Total Revenue": 85,
        "Gross Profit": 85,
        "Operating Income": 23,
        "EBIT": 53,
        "Net Income": 15
    },
    "2013-03-31": {
        "Diluted EPS": 31.46,
        "Total Revenue": 78,
        "Gross Profit": 78,
        "Operating Income": 25,
        "EBIT": 49,
        "Net Income": 11
    },
    "2012-12-31": {
        "Diluted EPS": 35.96,
        "Total Revenue": 74,
        "Gross Profit": 74,
        "Operating Income": 26,
        "EBIT": 51,
        "Net Income": 12
    },
    "2012-09-30": {
        "Diluted EPS": 10.11,
        "Total Revenue": 58,
        "Gross Profit": 58,
        "Operating Income": 13,
        "EBIT": 32,
        "Net Income": 3
    },
    "2012-06-30": {
        "Diluted EPS": 60.67,
        "Total Revenue": 51,
        "Gross Profit": 51,
        "Operating Income": 20,
        "EBIT": 34,
        "Net Income": 22
    },
    "2012-03-31": {
        "Diluted EPS": 24.72,
        "Total Revenue": 48,
        "Gross Profit": 48,
        "Operating Income": 19,
        "EBIT": 31,
        "Net Income": 9
    },
    "2011-12-31": {
        "Diluted EPS": -1.12,
        "Total Revenue": 37,
        "Gross Profit": 37,
        "Operating Income": 12,
        "EBIT": 23,
        "Net Income": 0
    },
    "2011-09-30": {
        "Diluted EPS": 19.1,
        "Total Revenue": 26,
        "Gross Profit": 26,
        "Operating Income": 9,
        "EBIT": 16,
        "Net Income": 5
    },
    "2011-06-30": {
        "Diluted EPS": 29.21,
        "Total Revenue": 24,
        "Gross Profit": 24,
        "Operating Income": 10,
        "EBIT": 17,
        "Net Income": 8
    },
    "2011-03-31": {
        "Diluted EPS": 1.12,
        "Total Revenue": 22,
        "Gross Profit": 22,
        "Operating Income": 7,
        "EBIT": 14,
        "Net Income": 0
    },
    "2010-12-31": {
        "Diluted EPS": 0.0,
        "Total Revenue": NaN,
        "Gross Profit": NaN,
        "Operating Income": NaN,
        "EBIT": NaN,
        "Net Income": NaN
    },
    "2009-12-31": {
        "Diluted EPS": 0.0,
        "Total Revenue": NaN,
        "Gross Profit": NaN,
        "Operating Income": NaN,
        "EBIT": NaN,
        "Net Income": NaN
    },
    "2023-09-30": {
        "Tax Effect Of Unusual Items": NaN,
        "Tax Rate For Calcs": NaN,
        "Normalized EBITDA": NaN,
        "Total Unusual Items": NaN,
        "Total Unusual Items Excluding Goodwill": NaN,
        "Net Income From Continuing Operation Net Minority Interest": NaN,
        "Reconciled Depreciation": NaN,
        "Reconciled Cost Of Revenue": NaN,
        "EBITDA": NaN,
        "EBIT": NaN,
        "Net Interest Income": NaN,
        "Interest Expense": NaN,
        "Normalized Income": NaN,
        "Net Income From Continuing And Discontinued Operation": NaN,
        "Total Expenses": NaN,
        "Diluted Average Shares": NaN,
        "Basic Average Shares": NaN,
        "Diluted EPS": NaN,
        "Basic EPS": NaN,
        "Diluted NI Availto Com Stockholders": NaN,
        "Net Income Common Stockholders": NaN,
        "Net Income": NaN,
        "Net Income Including Noncontrolling Interests": NaN,
        "Net Income Continuous Operations": NaN,
        "Tax Provision": NaN,
        "Pretax Income": NaN,
        "Other Income Expense": NaN,
        "Other Non Operating Income Expenses": NaN,
        "Special Income Charges": NaN,
        "Gain On Sale Of Ppe": NaN,
        "Write Off": -24000.0,
        "Restructuring And Mergern Acquisition": NaN,
        "Gain On Sale Of Security": NaN,
        "Net Non Operating Interest Income Expense": NaN,
        "Total Other Finance Cost": NaN,
        "Interest Expense Non Operating": NaN,
        "Operating Income": NaN,
        "Operating Expense": NaN,
        "Other Operating Expenses": NaN,
        "Other Taxes": NaN,
        "Selling General And Administration": NaN,
        "General And Administrative Expense": NaN,
        "Other Gand A": NaN,
        "Gross Profit": NaN,
        "Cost Of Revenue": NaN,
        "Total Revenue": NaN,
        "Operating Revenue": NaN
    },
    "2023-12-31": {
        "Tax Effect Of Unusual Items": NaN,
        "Tax Rate For Calcs": NaN,
        "Normalized EBITDA": NaN,
        "Total Unusual Items": NaN,
        "Total Unusual Items Excluding Goodwill": NaN,
        "Net Income From Continuing Operation Net Minority Interest": NaN,
        "Reconciled Depreciation": NaN,
        "Reconciled Cost Of Revenue": NaN,
        "EBITDA": NaN,
        "EBIT": NaN,
        "Net Interest Income": NaN,
        "Interest Expense": NaN,
        "Normalized Income": NaN,
        "Net Income From Continuing And Discontinued Operation": NaN,
        "Total Expenses": NaN,
        "Diluted Average Shares": NaN,
        "Basic Average Shares": NaN,
        "Diluted EPS": NaN,
        "Basic EPS": NaN,
        "Diluted NI Availto Com Stockholders": NaN,
        "Net Income Common Stockholders": NaN,
        "Net Income": NaN,
        "Net Income Including Noncontrolling Interests": NaN,
        "Net Income Continuous Operations": NaN,
        "Tax Provision": NaN,
        "Pretax Income": NaN,
        "Other Income Expense": NaN,
        "Other Non Operating Income Expenses": NaN,
        "Special Income Charges": NaN,
        "Gain On Sale Of Ppe": 0.0,
        "Restructuring And Mergern Acquisition": NaN,
        "Gain On Sale Of Security": NaN,
        "Net Non Operating Interest Income Expense": NaN,
        "Total Other Finance Cost": NaN,
        "Interest Expense Non Operating": NaN,
        "Operating Income": NaN,
        "Operating Expense": NaN,
        "Other Operating Expenses": NaN,
        "Other Taxes": 88293000.0,
        "Selling General And Administration": NaN,
        "General And Administrative Expense": NaN,
        "Other Gand A": NaN,
        "Gross Profit": NaN,
        "Cost Of Revenue": NaN,
        "Total Revenue": NaN,
        "Operating Revenue": NaN
    },
    "2024-03-31": {
        "Tax Effect Of Unusual Items": NaN,
        "Tax Rate For Calcs": NaN,
        "Normalized EBITDA": NaN,
        "Total Unusual Items": NaN,
        "Total Unusual Items Excluding Goodwill": NaN,
        "Net Income From Continuing Operation Net Minority Interest": NaN,
        "Reconciled Depreciation": NaN,
        "Reconciled Cost Of Revenue": NaN,
        "EBITDA": NaN,
        "EBIT": NaN,
        "Net Interest Income": NaN,
        "Interest Expense": NaN,
        "Normalized Income": NaN,
        "Net Income From Continuing And Discontinued Operation": NaN,
        "Total Expenses": NaN,
        "Diluted Average Shares": NaN,
        "Basic Average Shares": NaN,
        "Diluted EPS": NaN,
        "Basic EPS": NaN,
        "Diluted NI Availto Com Stockholders": NaN,
        "Net Income Common Stockholders": NaN,
        "Net Income": NaN,
        "Net Income Including Noncontrolling Interests": NaN,
        "Net Income Continuous Operations": NaN,
        "Tax Provision": NaN,
        "Pretax Income": NaN,
        "Other Income Expense": NaN,
        "Other Non Operating Income Expenses": NaN,
        "Special Income Charges": NaN,
        "Gain On Sale Of Ppe": -1430000.0,
        "Restructuring And Mergern Acquisition": NaN,
        "Gain On Sale Of Security": NaN,
        "Net Non Operating Interest Income Expense": NaN,
        "Total Other Finance Cost": NaN,
        "Interest Expense Non Operating": NaN,
        "Operating Income": NaN,
        "Operating Expense": NaN,
        "Other Operating Expenses": NaN,
        "Other Taxes": 101906000.0,
        "Selling General And Administration": NaN,
        "General And Administrative Expense": NaN,
        "Other Gand A": NaN,
        "Gross Profit": NaN,
        "Cost Of Revenue": NaN,
        "Total Revenue": NaN,
        "Operating Revenue": NaN
    },
    "2024-06-30": {
        "Tax Effect Of Unusual Items": NaN,
        "Tax Rate For Calcs": NaN,
        "Normalized EBITDA": NaN,
        "Total Unusual Items": NaN,
        "Total Unusual Items Excluding Goodwill": NaN,
        "Net Income From Continuing Operation Net Minority Interest": NaN,
        "Reconciled Depreciation": NaN,
        "Reconciled Cost Of Revenue": NaN,
        "EBITDA": NaN,
        "EBIT": NaN,
        "Net Interest Income": NaN,
        "Interest Expense": NaN,
        "Normalized Income": NaN,
        "Net Income From Continuing And Discontinued Operation": NaN,
        "Total Expenses": NaN,
        "Diluted Average Shares": NaN,
        "Basic Average Shares": NaN,
        "Diluted EPS": NaN,
        "Basic EPS": NaN,
        "Diluted NI Availto Com Stockholders": NaN,
        "Net Income Common Stockholders": NaN,
        "Net Income": NaN,
        "Net Income Including Noncontrolling Interests": NaN,
        "Net Income Continuous Operations": NaN,
        "Tax Provision": NaN,
        "Pretax Income": NaN,
        "Other Income Expense": NaN,
        "Other Non Operating Income Expenses": NaN,
        "Special Income Charges": NaN,
        "Gain On Sale Of Ppe": 0.0,
        "Restructuring And Mergern Acquisition": NaN,
        "Gain On Sale Of Security": NaN,
        "Net Non Operating Interest Income Expense": NaN,
        "Total Other Finance Cost": NaN,
        "Interest Expense Non Operating": NaN,
        "Operating Income": NaN,
        "Operating Expense": NaN,
        "Other Operating Expenses": NaN,
        "Other Taxes": 101913000.0,
        "Selling General And Administration": NaN,
        "General And Administrative Expense": NaN,
        "Other Gand A": NaN,
        "Gross Profit": NaN,
        "Cost Of Revenue": NaN,
        "Total Revenue": NaN,
        "Operating Revenue": NaN
    },
    "2024-09-30": {
        "Tax Effect Of Unusual Items": 15270480.0,
        "Tax Rate For Calcs": 0.24,
        "Normalized EBITDA": 952358000.0,
        "Total Unusual Items": 63627000.0,
        "Total Unusual Items Excluding Goodwill": 63627000.0,
        "Net Income From Continuing Operation Net Minority Interest": 295803000.0,
        "Reconciled Depreciation": 523859000.0,
        "Reconciled Cost Of Revenue": 778329000.0,
        "EBITDA": 1015985000.0,
        "EBIT": 492126000.0,
        "Net Interest Income": -117760000.0,
        "Interest Expense": 103014000.0,
        "Normalized Income": 247446480.0,
        "Net Income From Continuing And Discontinued Operation": 295803000.0,
        "Total Expenses": 837363000.0,
        "Diluted Average Shares": 98224000.0,
        "Basic Average Shares": 97905000.0,
        "Diluted EPS": 3.01,
        "Basic EPS": 3.02,
        "Diluted NI Availto Com Stockholders": 295803000.0,
        "Net Income Common Stockholders": 295803000.0,
        "Net Income": 295803000.0,
        "Net Income Including Noncontrolling Interests": 295803000.0,
        "Net Income Continuous Operations": 295803000.0,
        "Tax Provision": 93309000.0,
        "Pretax Income": 389112000.0,
        "Other Income Expense": 72860000.0,
        "Other Non Operating Income Expenses": 9233000.0,
        "Special Income Charges": -87402000.0,
        "Gain On Sale Of Ppe": 0.0,
        "Restructuring And Mergern Acquisition": 87402000.0,
        "Gain On Sale Of Security": 151029000.0,
        "Net Non Operating Interest Income Expense": -117760000.0,
        "Total Other Finance Cost": 14746000.0,
        "Interest Expense Non Operating": 103014000.0,
        "Operating Income": 434012000.0,
        "Operating Expense": 59034000.0,
        "Other Operating Expenses": 2305000.0,
        "Other Taxes": 87262000.0,
        "Selling General And Administration": 56729000.0,
        "General And Administrative Expense": 56729000.0,
        "Other Gand A": 56729000.0,
        "Gross Profit": 493046000.0,
        "Cost Of Revenue": 778329000.0,
        "Total Revenue": 1271375000.0,
        "Operating Revenue": 1271375000.0
    },
    "2024-12-31": {
        "Tax Effect Of Unusual Items": 67663421.418595,
        "Tax Rate For Calcs": 0.243546,
        "Normalized EBITDA": 563588000.0,
        "Total Unusual Items": 277826000.0,
        "Total Unusual Items Excluding Goodwill": 277826000.0,
        "Net Income From Continuing Operation Net Minority Interest": 151110000.0,
        "Reconciled Depreciation": 544568000.0,
        "Reconciled Cost Of Revenue": 826780000.0,
        "EBITDA": 841414000.0,
        "EBIT": 296846000.0,
        "Net Interest Income": -113860000.0,
        "Interest Expense": 97085000.0,
        "Normalized Income": -59052578.581405,
        "Net Income From Continuing And Discontinued Operation": 151110000.0,
        "Total Expenses": 1263049000.0,
        "Diluted Average Shares": 96394000.0,
        "Basic Average Shares": 96254000.0,
        "Diluted EPS": 1.57,
        "Basic EPS": 1.57,
        "Diluted NI Availto Com Stockholders": 151110000.0,
        "Net Income Common Stockholders": 151110000.0,
        "Net Income": 151110000.0,
        "Net Income Including Noncontrolling Interests": 151110000.0,
        "Net Income Continuous Operations": 151110000.0,
        "Tax Provision": 48651000.0,
        "Pretax Income": 199761000.0,
        "Other Income Expense": 284925000.0,
        "Other Non Operating Income Expenses": 7099000.0,
        "Special Income Charges": 289263000.0,
        "Gain On Sale Of Ppe": -1136000.0,
        "Restructuring And Mergern Acquisition": -290399000.0,
        "Gain On Sale Of Security": -11437000.0,
        "Net Non Operating Interest Income Expense": -113860000.0,
        "Total Other Finance Cost": 16775000.0,
        "Interest Expense Non Operating": 97085000.0,
        "Operating Income": 28696000.0,
        "Operating Expense": 436269000.0,
        "Other Operating Expenses": 5658000.0,
        "Other Taxes": 86307000.0,
        "Selling General And Administration": 53223000.0,
        "General And Administrative Expense": 53223000.0,
        "Other Gand A": 53223000.0,
        "Gross Profit": 464965000.0,
        "Cost Of Revenue": 826780000.0,
        "Total Revenue": 1291745000.0,
        "Operating Revenue": 1291745000.0
    },
    "2025-03-31": {
        "Tax Effect Of Unusual Items": -10578000.0,
        "Tax Rate For Calcs": 0.246,
        "Normalized EBITDA": 838000000.0,
        "Total Unusual Items": -43000000.0,
        "Total Unusual Items Excluding Goodwill": -43000000.0,
        "Net Income From Continuing Operation Net Minority Interest": 186000000.0,
        "Reconciled Depreciation": 445000000.0,
        "Reconciled Cost Of Revenue": 720000000.0,
        "EBITDA": 795000000.0,
        "EBIT": 350000000.0,
        "Net Interest Income": -107000000.0,
        "Interest Expense": 103000000.0,
        "Normalized Income": 218422000.0,
        "Net Income From Continuing And Discontinued Operation": 186000000.0,
        "Total Expenses": 782000000.0,
        "Diluted Average Shares": 93620495.0,
        "Basic Average Shares": 93474523.0,
        "Diluted EPS": 1.99,
        "Basic EPS": 1.99,
        "Diluted NI Availto Com Stockholders": 186000000.0,
        "Net Income Common Stockholders": 186000000.0,
        "Net Income": 186000000.0,
        "Net Income Including Noncontrolling Interests": 186000000.0,
        "Net Income Continuous Operations": 186000000.0,
        "Tax Provision": 61000000.0,
        "Pretax Income": 247000000.0,
        "Other Income Expense": -56000000.0,
        "Other Non Operating Income Expenses": -13000000.0,
        "Special Income Charges": -95000000.0,
        "Gain On Sale Of Ppe": NaN,
        "Restructuring And Mergern Acquisition": 95000000.0,
        "Gain On Sale Of Security": 52000000.0,
        "Net Non Operating Interest Income Expense": -107000000.0,
        "Total Other Finance Cost": 4000000.0,
        "Interest Expense Non Operating": 103000000.0,
        "Operating Income": 410000000.0,
        "Operating Expense": 62000000.0,
        "Other Operating Expenses": 5000000.0,
        "Other Taxes": NaN,
        "Selling General And Administration": 57000000.0,
        "General And Administrative Expense": 57000000.0,
        "Other Gand A": 57000000.0,
        "Gross Profit": 472000000.0,
        "Cost Of Revenue": 720000000.0,
        "Total Revenue": 1192000000.0,
        "Operating Revenue": 1192000000.0
    },
    "2025-06-30": {
        "Tax Effect Of Unusual Items": 6815000.0,
        "Tax Rate For Calcs": 0.235,
        "Normalized EBITDA": 743000000.0,
        "Total Unusual Items": 29000000.0,
        "Total Unusual Items Excluding Goodwill": 29000000.0,
        "Net Income From Continuing Operation Net Minority Interest": 124000000.0,
        "Reconciled Depreciation": 501000000.0,
        "Reconciled Cost Of Revenue": 754000000.0,
        "EBITDA": 772000000.0,
        "EBIT": 271000000.0,
        "Net Interest Income": -114000000.0,
        "Interest Expense": 109000000.0,
        "Normalized Income": 101815000.0,
        "Net Income From Continuing And Discontinued Operation": 124000000.0,
        "Total Expenses": 809000000.0,
        "Diluted Average Shares": 92670914.0,
        "Basic Average Shares": 92588030.0,
        "Diluted EPS": 1.34,
        "Basic EPS": 1.34,
        "Diluted NI Availto Com Stockholders": 124000000.0,
        "Net Income Common Stockholders": 124000000.0,
        "Net Income": 124000000.0,
        "Net Income Including Noncontrolling Interests": 124000000.0,
        "Net Income Continuous Operations": 124000000.0,
        "Tax Provision": 38000000.0,
        "Pretax Income": 162000000.0,
        "Other Income Expense": 31000000.0,
        "Other Non Operating Income Expenses": 2000000.0,
        "Special Income Charges": -75000000.0,
        "Gain On Sale Of Ppe": NaN,
        "Restructuring And Mergern Acquisition": 75000000.0,
        "Gain On Sale Of Security": 104000000.0,
        "Net Non Operating Interest Income Expense": -114000000.0,
        "Total Other Finance Cost": 5000000.0,
        "Interest Expense Non Operating": 109000000.0,
        "Operating Income": 245000000.0,
        "Operating Expense": 55000000.0,
        "Other Operating Expenses": 2000000.0,
        "Other Taxes": NaN,
        "Selling General And Administration": 53000000.0,
        "General And Administrative Expense": 53000000.0,
        "Other Gand A": 53000000.0,
        "Gross Profit": 300000000.0,
        "Cost Of Revenue": 754000000.0,
        "Total Revenue": 1054000000.0,
        "Operating Revenue": 1054000000.0
    },
    "2025-09-30": {
        "Tax Effect Of Unusual Items": -974358.974359,
        "Tax Rate For Calcs": 0.24359,
        "Normalized EBITDA": 849000000.0,
        "Total Unusual Items": -4000000.0,
        "Total Unusual Items Excluding Goodwill": -4000000.0,
        "Net Income From Continuing Operation Net Minority Interest": 177000000.0,
        "Reconciled Depreciation": 497000000.0,
        "Reconciled Cost Of Revenue": 756000000.0,
        "EBITDA": 845000000.0,
        "EBIT": 348000000.0,
        "Net Interest Income": -120000000.0,
        "Interest Expense": 114000000.0,
        "Normalized Income": 180025641.025641,
        "Net Income From Continuing And Discontinued Operation": 177000000.0,
        "Total Expenses": 804000000.0,
        "Diluted Average Shares": 88962984.0,
        "Basic Average Shares": 88864529.0,
        "Diluted EPS": 1.99,
        "Basic EPS": 1.99,
        "Diluted NI Availto Com Stockholders": 177000000.0,
        "Net Income Common Stockholders": 177000000.0,
        "Net Income": 177000000.0,
        "Net Income Including Noncontrolling Interests": 177000000.0,
        "Net Income Continuous Operations": 177000000.0,
        "Tax Provision": 57000000.0,
        "Pretax Income": 234000000.0,
        "Other Income Expense": -2000000.0,
        "Other Non Operating Income Expenses": 2000000.0,
        "Special Income Charges": -83000000.0,
        "Gain On Sale Of Ppe": NaN,
        "Restructuring And Mergern Acquisition": 83000000.0,
        "Gain On Sale Of Security": 79000000.0,
        "Net Non Operating Interest Income Expense": -120000000.0,
        "Total Other Finance Cost": 6000000.0,
        "Interest Expense Non Operating": 114000000.0,
        "Operating Income": 356000000.0,
        "Operating Expense": 48000000.0,
        "Other Operating Expenses": -4000000.0,
        "Other Taxes": NaN,
        "Selling General And Administration": 52000000.0,
        "General And Administrative Expense": 52000000.0,
        "Other Gand A": 52000000.0,
        "Gross Profit": 404000000.0,
        "Cost Of Revenue": 756000000.0,
        "Total Revenue": 1160000000.0,
        "Operating Revenue": 1160000000.0
    }
}