{
    "2023-03-31": {
        "Tax Effect Of Unusual Items": NaN,
        "Tax Rate For Calcs": NaN,
        "Normalized EBITDA": NaN,
        "Total Unusual Items": NaN,
        "Total Unusual Items Excluding Goodwill": NaN,
        "Net Income From Continuing Operation Net Minority Interest": NaN,
        "Reconciled Depreciation": NaN,
        "Reconciled Cost Of Revenue": NaN,
        "EBITDA": NaN,
        "EBIT": NaN,
        "Net Interest Income": NaN,
        "Interest Expense": 2746000.0,
        "Interest Income": NaN,
        "Normalized Income": NaN,
        "Net Income From Continuing And Discontinued Operation": NaN,
        "Total Expenses": NaN,
        "Total Operating Income As Reported": NaN,
        "Diluted Average Shares": NaN,
        "Basic Average Shares": NaN,
        "Diluted EPS": NaN,
        "Basic EPS": NaN,
        "Diluted NI Availto Com Stockholders": NaN,
        "Net Income Common Stockholders": NaN,
        "Net Income": NaN,
        "Net Income Including Noncontrolling Interests": NaN,
        "Net Income Discontinuous Operations": NaN,
        "Net Income Continuous Operations": NaN,
        "Tax Provision": NaN,
        "Pretax Income": NaN,
        "Other Income Expense": NaN,
        "Other Non Operating Income Expenses": NaN,
        "Special Income Charges": NaN,
        "Write Off": NaN,
        "Restructuring And Mergern Acquisition": NaN,
        "Net Non Operating Interest Income Expense": NaN,
        "Interest Expense Non Operating": 2746000.0,
        "Interest Income Non Operating": NaN,
        "Operating Income": NaN,
        "Operating Expense": NaN,
        "Selling General And Administration": NaN,
        "General And Administrative Expense": NaN,
        "Other Gand A": NaN,
        "Gross Profit": NaN,
        "Cost Of Revenue": NaN,
        "Total Revenue": NaN,
        "Operating Revenue": NaN
    },
    "2022-12-31": {
        "Tax Effect Of Unusual Items": NaN,
        "Tax Rate For Calcs": NaN,
        "Normalized EBITDA": NaN,
        "Total Unusual Items": NaN,
        "Total Unusual Items Excluding Goodwill": NaN,
        "Net Income From Continuing Operation Net Minority Interest": NaN,
        "Reconciled Depreciation": NaN,
        "Reconciled Cost Of Revenue": NaN,
        "EBITDA": NaN,
        "EBIT": NaN,
        "Net Interest Income": NaN,
        "Interest Expense": 2835000.0,
        "Interest Income": NaN,
        "Normalized Income": NaN,
        "Net Income From Continuing And Discontinued Operation": NaN,
        "Total Expenses": NaN,
        "Total Operating Income As Reported": NaN,
        "Diluted Average Shares": 37039000.0,
        "Basic Average Shares": 37039000.0,
        "Diluted EPS": -2.2,
        "Basic EPS": -2.2,
        "Diluted NI Availto Com Stockholders": NaN,
        "Net Income Common Stockholders": NaN,
        "Net Income": NaN,
        "Net Income Including Noncontrolling Interests": NaN,
        "Net Income Discontinuous Operations": NaN,
        "Net Income Continuous Operations": NaN,
        "Tax Provision": NaN,
        "Pretax Income": NaN,
        "Other Income Expense": NaN,
        "Other Non Operating Income Expenses": NaN,
        "Special Income Charges": NaN,
        "Write Off": NaN,
        "Restructuring And Mergern Acquisition": NaN,
        "Net Non Operating Interest Income Expense": NaN,
        "Interest Expense Non Operating": 2835000.0,
        "Interest Income Non Operating": NaN,
        "Operating Income": NaN,
        "Operating Expense": NaN,
        "Selling General And Administration": NaN,
        "General And Administrative Expense": NaN,
        "Other Gand A": NaN,
        "Gross Profit": NaN,
        "Cost Of Revenue": NaN,
        "Total Revenue": NaN,
        "Operating Revenue": NaN
    },
    "2022-09-30": {
        "Tax Effect Of Unusual Items": NaN,
        "Tax Rate For Calcs": NaN,
        "Normalized EBITDA": NaN,
        "Total Unusual Items": NaN,
        "Total Unusual Items Excluding Goodwill": NaN,
        "Net Income From Continuing Operation Net Minority Interest": NaN,
        "Reconciled Depreciation": NaN,
        "Reconciled Cost Of Revenue": NaN,
        "EBITDA": NaN,
        "EBIT": NaN,
        "Net Interest Income": NaN,
        "Interest Expense": 2216000.0,
        "Interest Income": NaN,
        "Normalized Income": NaN,
        "Net Income From Continuing And Discontinued Operation": NaN,
        "Total Expenses": NaN,
        "Total Operating Income As Reported": NaN,
        "Diluted Average Shares": NaN,
        "Basic Average Shares": NaN,
        "Diluted EPS": NaN,
        "Basic EPS": NaN,
        "Diluted NI Availto Com Stockholders": NaN,
        "Net Income Common Stockholders": NaN,
        "Net Income": NaN,
        "Net Income Including Noncontrolling Interests": NaN,
        "Net Income Discontinuous Operations": NaN,
        "Net Income Continuous Operations": NaN,
        "Tax Provision": NaN,
        "Pretax Income": NaN,
        "Other Income Expense": NaN,
        "Other Non Operating Income Expenses": NaN,
        "Special Income Charges": NaN,
        "Write Off": NaN,
        "Restructuring And Mergern Acquisition": NaN,
        "Net Non Operating Interest Income Expense": NaN,
        "Interest Expense Non Operating": 2216000.0,
        "Interest Income Non Operating": NaN,
        "Operating Income": NaN,
        "Operating Expense": NaN,
        "Selling General And Administration": NaN,
        "General And Administrative Expense": NaN,
        "Other Gand A": NaN,
        "Gross Profit": NaN,
        "Cost Of Revenue": NaN,
        "Total Revenue": NaN,
        "Operating Revenue": NaN
    },
    "2022-06-30": {
        "Tax Effect Of Unusual Items": -90741.0,
        "Tax Rate For Calcs": 0.203,
        "Normalized EBITDA": 12709000.0,
        "Total Unusual Items": -447000.0,
        "Total Unusual Items Excluding Goodwill": -447000.0,
        "Net Income From Continuing Operation Net Minority Interest": 3764000.0,
        "Reconciled Depreciation": 5814000.0,
        "Reconciled Cost Of Revenue": 71251000.0,
        "EBITDA": 12262000.0,
        "EBIT": 6448000.0,
        "Net Interest Income": -1728000.0,
        "Interest Expense": 1728000.0,
        "Normalized Income": 4120259.0,
        "Net Income From Continuing And Discontinued Operation": 3764000.0,
        "Total Expenses": 106695000.0,
        "Total Operating Income As Reported": 7791000.0,
        "Diluted Average Shares": 39697000.0,
        "Basic Average Shares": 37235000.0,
        "Diluted EPS": 0.09,
        "Basic EPS": 0.1,
        "Diluted NI Availto Com Stockholders": 3764000.0,
        "Net Income Common Stockholders": 3764000.0,
        "Net Income": 3764000.0,
        "Net Income Including Noncontrolling Interests": 3764000.0,
        "Net Income Continuous Operations": 3764000.0,
        "Tax Provision": 956000.0,
        "Pretax Income": 4720000.0,
        "Other Income Expense": -1790000.0,
        "Other Non Operating Income Expenses": -1343000.0,
        "Special Income Charges": -447000.0,
        "Write Off": NaN,
        "Impairment Of Capital Assets": NaN,
        "Restructuring And Mergern Acquisition": 447000.0,
        "Net Non Operating Interest Income Expense": -1728000.0,
        "Interest Expense Non Operating": 1728000.0,
        "Operating Income": 8238000.0,
        "Operating Expense": 35444000.0,
        "Selling General And Administration": 35444000.0,
        "Gross Profit": 43682000.0,
        "Cost Of Revenue": 71251000.0,
        "Total Revenue": 114933000.0,
        "Operating Revenue": 114933000.0
    },
    "2022-03-31": {
        "Diluted EPS": 0.13,
        "Total Revenue": 113,
        "Gross Profit": 44,
        "Operating Income": 8,
        "EBIT": 14,
        "Net Income": 5
    },
    "2021-12-31": {
        "Diluted EPS": 0.37,
        "Total Revenue": 118,
        "Gross Profit": 43,
        "Operating Income": 9,
        "EBIT": 15,
        "Net Income": 14
    },
    "2021-09-30": {
        "Diluted EPS": 0.13,
        "Total Revenue": 109,
        "Gross Profit": 39,
        "Operating Income": 0,
        "EBIT": 5,
        "Net Income": 5
    },
    "2021-06-30": {
        "Diluted EPS": 0.06,
        "Total Revenue": 73,
        "Gross Profit": 28,
        "Operating Income": 7,
        "EBIT": 9,
        "Net Income": 2
    },
    "2021-03-31": {
        "Diluted EPS": 0.17,
        "Total Revenue": 75,
        "Gross Profit": 27,
        "Operating Income": 6,
        "EBIT": 8,
        "Net Income": 6
    },
    "2020-12-31": {
        "Diluted EPS": 0.23,
        "Total Revenue": 76,
        "Gross Profit": 27,
        "Operating Income": 6,
        "EBIT": 9,
        "Net Income": 7
    },
    "2020-09-30": {
        "Diluted EPS": 0.04,
        "Total Revenue": 64,
        "Gross Profit": 22,
        "Operating Income": 2,
        "EBIT": 4,
        "Net Income": 1
    },
    "2020-06-30": {
        "Diluted EPS": -0.09,
        "Total Revenue": 30,
        "Gross Profit": 11,
        "Operating Income": -4,
        "EBIT": -2,
        "Net Income": -3
    },
    "2020-03-31": {
        "Diluted EPS": 0.0,
        "Total Revenue": 54,
        "Gross Profit": 19,
        "Operating Income": 1,
        "EBIT": 3,
        "Net Income": 0
    },
    "2019-12-31": {
        "Diluted EPS": 0.4,
        "Total Revenue": 61,
        "Gross Profit": 22,
        "Operating Income": 4,
        "EBIT": 6,
        "Net Income": 12
    },
    "2019-09-30": {
        "Diluted EPS": 0.11,
        "Total Revenue": 60,
        "Gross Profit": 21,
        "Operating Income": 4,
        "EBIT": 6,
        "Net Income": 3
    },
    "2019-06-30": {
        "Diluted EPS": -0.02,
        "Total Revenue": 47,
        "Gross Profit": 16,
        "Operating Income": -1,
        "EBIT": 1,
        "Net Income": -1
    },
    "2019-03-31": {
        "Diluted EPS": 0.12,
        "Total Revenue": 61,
        "Gross Profit": 22,
        "Operating Income": 4,
        "EBIT": 6,
        "Net Income": 4
    },
    "2018-12-31": {
        "Diluted EPS": 0.12,
        "Total Revenue": 57,
        "Gross Profit": 20,
        "Operating Income": 4,
        "EBIT": 6,
        "Net Income": 4
    },
    "2018-09-30": {
        "Diluted EPS": 0.14,
        "Total Revenue": 56,
        "Gross Profit": 20,
        "Operating Income": 4,
        "EBIT": 6,
        "Net Income": 4
    },
    "2018-06-30": {
        "Diluted EPS": -0.03,
        "Total Revenue": 46,
        "Gross Profit": 16,
        "Operating Income": 0,
        "EBIT": 2,
        "Net Income": -1
    },
    "2018-03-31": {
        "Diluted EPS": 0.01,
        "Total Revenue": 53,
        "Gross Profit": 18,
        "Operating Income": 0,
        "EBIT": 3,
        "Net Income": 0
    },
    "2017-12-31": {
        "Diluted EPS": 0.2,
        "Total Revenue": 53,
        "Gross Profit": 17,
        "Operating Income": 0,
        "EBIT": 3,
        "Net Income": 6
    },
    "2017-09-30": {
        "Diluted EPS": -0.05,
        "Total Revenue": 46,
        "Gross Profit": 15,
        "Operating Income": -1,
        "EBIT": 0,
        "Net Income": -2
    },
    "2017-06-30": {
        "Diluted EPS": -0.12,
        "Total Revenue": 31,
        "Gross Profit": 9,
        "Operating Income": -4,
        "EBIT": -3,
        "Net Income": -4
    },
    "2017-03-31": {
        "Diluted EPS": -0.05,
        "Total Revenue": 42,
        "Gross Profit": 12,
        "Operating Income": 0,
        "EBIT": 1,
        "Net Income": -1
    },
    "2016-12-31": {
        "Diluted EPS": -0.06,
        "Total Revenue": 41,
        "Gross Profit": 12,
        "Operating Income": -1,
        "EBIT": 1,
        "Net Income": -1
    },
    "2016-09-30": {
        "Diluted EPS": -0.01,
        "Total Revenue": 39,
        "Gross Profit": 12,
        "Operating Income": 1,
        "EBIT": 3,
        "Net Income": 0
    },
    "2016-06-30": {
        "Diluted EPS": -0.1,
        "Total Revenue": 29,
        "Gross Profit": 8,
        "Operating Income": -2,
        "EBIT": -1,
        "Net Income": -3
    },
    "2016-03-31": {
        "Diluted EPS": -0.13,
        "Total Revenue": 38,
        "Gross Profit": 11,
        "Operating Income": -4,
        "EBIT": -3,
        "Net Income": -4
    },
    "2015-12-31": {
        "Diluted EPS": -0.64,
        "Total Revenue": 44,
        "Gross Profit": 15,
        "Operating Income": -31,
        "EBIT": -2,
        "Net Income": -21
    },
    "2015-09-30": {
        "Diluted EPS": -1.51,
        "Total Revenue": 39,
        "Gross Profit": 14,
        "Operating Income": -1,
        "EBIT": 2,
        "Net Income": -50
    },
    "2015-06-30": {
        "Diluted EPS": -0.17,
        "Total Revenue": 30,
        "Gross Profit": 11,
        "Operating Income": -5,
        "EBIT": -4,
        "Net Income": -5
    },
    "2015-03-31": {
        "Diluted EPS": -0.05,
        "Total Revenue": 42,
        "Gross Profit": 15,
        "Operating Income": -1,
        "EBIT": 1,
        "Net Income": -2
    },
    "2014-12-31": {
        "Diluted EPS": -0.01,
        "Total Revenue": 35,
        "Gross Profit": 11,
        "Operating Income": 1,
        "EBIT": 3,
        "Net Income": 0
    },
    "2014-09-30": {
        "Diluted EPS": 0.63,
        "Total Revenue": 44,
        "Gross Profit": 17,
        "Operating Income": -1,
        "EBIT": 2,
        "Net Income": 20
    },
    "2014-06-30": {
        "Diluted EPS": -0.15,
        "Total Revenue": 34,
        "Gross Profit": 12,
        "Operating Income": -6,
        "EBIT": -4,
        "Net Income": -5
    },
    "2014-03-31": {
        "Diluted EPS": -0.04,
        "Total Revenue": 44,
        "Gross Profit": 17,
        "Operating Income": -4,
        "EBIT": -2,
        "Net Income": -1
    },
    "2013-12-31": {
        "Diluted EPS": 0.02,
        "Total Revenue": 60,
        "Gross Profit": 23,
        "Operating Income": 1,
        "EBIT": 3,
        "Net Income": 1
    },
    "2013-09-30": {
        "Diluted EPS": -0.04,
        "Total Revenue": 44,
        "Gross Profit": 15,
        "Operating Income": -4,
        "EBIT": -2,
        "Net Income": -1
    },
    "2013-06-30": {
        "Diluted EPS": -0.07,
        "Total Revenue": 29,
        "Gross Profit": 11,
        "Operating Income": -6,
        "EBIT": -3,
        "Net Income": -2
    },
    "2013-03-31": {
        "Diluted EPS": -0.1,
        "Total Revenue": 51,
        "Gross Profit": 19,
        "Operating Income": -2,
        "EBIT": 0,
        "Net Income": -3
    },
    "2012-12-31": {
        "Diluted EPS": 0.02,
        "Total Revenue": 49,
        "Gross Profit": 18,
        "Operating Income": -2,
        "EBIT": -1,
        "Net Income": 1
    },
    "2012-09-30": {
        "Diluted EPS": 0.02,
        "Total Revenue": 49,
        "Gross Profit": 18,
        "Operating Income": 2,
        "EBIT": 4,
        "Net Income": 1
    },
    "2012-06-30": {
        "Diluted EPS": -0.06,
        "Total Revenue": 32,
        "Gross Profit": 12,
        "Operating Income": -2,
        "EBIT": -1,
        "Net Income": -2
    },
    "2012-03-31": {
        "Diluted EPS": 0.1,
        "Total Revenue": 46,
        "Gross Profit": 19,
        "Operating Income": 5,
        "EBIT": 6,
        "Net Income": 3
    },
    "2011-12-31": {
        "Diluted EPS": 0.16,
        "Total Revenue": 36,
        "Gross Profit": 14,
        "Operating Income": 1,
        "EBIT": 3,
        "Net Income": 4
    },
    "2011-09-30": {
        "Diluted EPS": 0.05,
        "Total Revenue": 42,
        "Gross Profit": 16,
        "Operating Income": 3,
        "EBIT": 4,
        "Net Income": 1
    },
    "2011-06-30": {
        "Diluted EPS": -0.04,
        "Total Revenue": 28,
        "Gross Profit": 11,
        "Operating Income": -1,
        "EBIT": 0,
        "Net Income": -1
    },
    "2011-03-31": {
        "Diluted EPS": 0.05,
        "Total Revenue": 39,
        "Gross Profit": 15,
        "Operating Income": 2,
        "EBIT": 3,
        "Net Income": 1
    },
    "2010-12-31": {
        "Diluted EPS": -0.18,
        "Total Revenue": 34,
        "Gross Profit": 12,
        "Operating Income": -1,
        "EBIT": 0,
        "Net Income": 0
    },
    "2010-09-30": {
        "Diluted EPS": -0.15,
        "Total Revenue": 34,
        "Gross Profit": 10,
        "Operating Income": -2,
        "EBIT": -1,
        "Net Income": -3
    },
    "2010-06-30": {
        "Diluted EPS": 3.02,
        "Total Revenue": 8,
        "Gross Profit": 2,
        "Operating Income": -11,
        "EBIT": -11,
        "Net Income": 57
    },
    "2010-03-31": {
        "Diluted EPS": -0.14,
        "Total Revenue": NaN,
        "Gross Profit": NaN,
        "Operating Income": -2,
        "EBIT": -2,
        "Net Income": -2
    },
    "2009-12-31": {
        "Diluted EPS": -0.15,
        "Total Revenue": NaN,
        "Gross Profit": NaN,
        "Operating Income": -3,
        "EBIT": -3,
        "Net Income": -2
    },
    "2009-09-30": {
        "Diluted EPS": -0.05,
        "Total Revenue": NaN,
        "Gross Profit": NaN,
        "Operating Income": -1,
        "EBIT": -1,
        "Net Income": -1
    },
    "2009-06-30": {
        "Diluted EPS": -0.05,
        "Total Revenue": NaN,
        "Gross Profit": NaN,
        "Operating Income": -1,
        "EBIT": -1,
        "Net Income": -1
    },
    "2009-03-31": {
        "Diluted EPS": -0.04,
        "Total Revenue": NaN,
        "Gross Profit": NaN,
        "Operating Income": -1,
        "EBIT": -1,
        "Net Income": -1
    },
    "2023-06-30": {
        "Tax Effect Of Unusual Items": NaN,
        "Tax Rate For Calcs": NaN,
        "Normalized EBITDA": NaN,
        "Total Unusual Items": NaN,
        "Total Unusual Items Excluding Goodwill": NaN,
        "Net Income From Continuing Operation Net Minority Interest": NaN,
        "Reconciled Depreciation": NaN,
        "Reconciled Cost Of Revenue": NaN,
        "EBITDA": NaN,
        "EBIT": NaN,
        "Net Interest Income": NaN,
        "Interest Expense": 2857000.0,
        "Interest Income": NaN,
        "Normalized Income": NaN,
        "Net Income From Continuing And Discontinued Operation": NaN,
        "Total Expenses": NaN,
        "Total Operating Income As Reported": NaN,
        "Diluted Average Shares": NaN,
        "Basic Average Shares": NaN,
        "Diluted EPS": NaN,
        "Basic EPS": NaN,
        "Diluted NI Availto Com Stockholders": NaN,
        "Net Income Common Stockholders": NaN,
        "Net Income": NaN,
        "Net Income Including Noncontrolling Interests": NaN,
        "Net Income Discontinuous Operations": NaN,
        "Net Income Continuous Operations": NaN,
        "Tax Provision": NaN,
        "Pretax Income": NaN,
        "Other Income Expense": NaN,
        "Other Non Operating Income Expenses": NaN,
        "Special Income Charges": NaN,
        "Write Off": 200000.0,
        "Restructuring And Mergern Acquisition": NaN,
        "Net Non Operating Interest Income Expense": NaN,
        "Interest Expense Non Operating": 2857000.0,
        "Interest Income Non Operating": NaN,
        "Operating Income": NaN,
        "Operating Expense": NaN,
        "Selling General And Administration": NaN,
        "General And Administrative Expense": NaN,
        "Other Gand A": NaN,
        "Gross Profit": NaN,
        "Cost Of Revenue": NaN,
        "Total Revenue": NaN,
        "Operating Revenue": NaN
    },
    "2023-09-30": {
        "Tax Effect Of Unusual Items": NaN,
        "Tax Rate For Calcs": NaN,
        "Normalized EBITDA": NaN,
        "Total Unusual Items": NaN,
        "Total Unusual Items Excluding Goodwill": NaN,
        "Net Income From Continuing Operation Net Minority Interest": NaN,
        "Reconciled Depreciation": NaN,
        "Reconciled Cost Of Revenue": NaN,
        "EBITDA": NaN,
        "EBIT": NaN,
        "Net Interest Income": NaN,
        "Interest Expense": 2842000.0,
        "Interest Income": NaN,
        "Normalized Income": NaN,
        "Net Income From Continuing And Discontinued Operation": NaN,
        "Total Expenses": NaN,
        "Total Operating Income As Reported": NaN,
        "Diluted Average Shares": NaN,
        "Basic Average Shares": NaN,
        "Diluted EPS": NaN,
        "Basic EPS": NaN,
        "Diluted NI Availto Com Stockholders": NaN,
        "Net Income Common Stockholders": NaN,
        "Net Income": NaN,
        "Net Income Including Noncontrolling Interests": NaN,
        "Net Income Discontinuous Operations": NaN,
        "Net Income Continuous Operations": NaN,
        "Tax Provision": NaN,
        "Pretax Income": NaN,
        "Other Income Expense": NaN,
        "Other Non Operating Income Expenses": NaN,
        "Special Income Charges": NaN,
        "Restructuring And Mergern Acquisition": NaN,
        "Net Non Operating Interest Income Expense": NaN,
        "Interest Expense Non Operating": 2842000.0,
        "Interest Income Non Operating": NaN,
        "Operating Income": NaN,
        "Operating Expense": NaN,
        "Selling General And Administration": NaN,
        "General And Administrative Expense": NaN,
        "Other Gand A": NaN,
        "Gross Profit": NaN,
        "Cost Of Revenue": NaN,
        "Total Revenue": NaN,
        "Operating Revenue": NaN
    },
    "2023-12-31": {
        "Tax Effect Of Unusual Items": -211628.566605,
        "Tax Rate For Calcs": 0.210366,
        "Normalized EBITDA": -18870000.0,
        "Total Unusual Items": -1006000.0,
        "Total Unusual Items Excluding Goodwill": -1006000.0,
        "Net Income From Continuing Operation Net Minority Interest": -14031000.0,
        "Reconciled Depreciation": 5115000.0,
        "Reconciled Cost Of Revenue": 9645000.0,
        "EBITDA": -19876000.0,
        "EBIT": -24991000.0,
        "Net Interest Income": 8512000.0,
        "Interest Expense": NaN,
        "Interest Income": NaN,
        "Normalized Income": -13236628.566605,
        "Net Income From Continuing And Discontinued Operation": -8389000.0,
        "Total Expenses": 31203000.0,
        "Total Operating Income As Reported": -27376000.0,
        "Diluted Average Shares": 38312000.0,
        "Basic Average Shares": 38312000.0,
        "Diluted EPS": -0.22,
        "Basic EPS": -0.22,
        "Diluted NI Availto Com Stockholders": -8389000.0,
        "Net Income Common Stockholders": -8389000.0,
        "Net Income": -8389000.0,
        "Net Income Including Noncontrolling Interests": -8389000.0,
        "Net Income Discontinuous Operations": NaN,
        "Net Income Continuous Operations": -14031000.0,
        "Tax Provision": -3738000.0,
        "Pretax Income": -17769000.0,
        "Other Income Expense": 89000.0,
        "Other Non Operating Income Expenses": 1095000.0,
        "Special Income Charges": -1006000.0,
        "Restructuring And Mergern Acquisition": 1006000.0,
        "Net Non Operating Interest Income Expense": 8512000.0,
        "Interest Expense Non Operating": NaN,
        "Interest Income Non Operating": NaN,
        "Operating Income": -26370000.0,
        "Operating Expense": 21558000.0,
        "Selling General And Administration": 21558000.0,
        "General And Administrative Expense": NaN,
        "Other Gand A": NaN,
        "Gross Profit": -4812000.0,
        "Cost Of Revenue": 9645000.0,
        "Total Revenue": 4833000.0,
        "Operating Revenue": 4833000.0
    },
    "2024-03-31": {
        "Tax Effect Of Unusual Items": NaN,
        "Tax Rate For Calcs": NaN,
        "Normalized EBITDA": NaN,
        "Total Unusual Items": NaN,
        "Total Unusual Items Excluding Goodwill": NaN,
        "Net Income From Continuing Operation Net Minority Interest": NaN,
        "Reconciled Depreciation": NaN,
        "Reconciled Cost Of Revenue": NaN,
        "EBITDA": NaN,
        "EBIT": NaN,
        "Net Interest Income": NaN,
        "Interest Income": NaN,
        "Normalized Income": NaN,
        "Net Income From Continuing And Discontinued Operation": NaN,
        "Total Expenses": NaN,
        "Total Operating Income As Reported": NaN,
        "Diluted Average Shares": NaN,
        "Basic Average Shares": NaN,
        "Diluted EPS": NaN,
        "Basic EPS": NaN,
        "Diluted NI Availto Com Stockholders": NaN,
        "Net Income Common Stockholders": NaN,
        "Net Income": NaN,
        "Net Income Including Noncontrolling Interests": NaN,
        "Net Income Discontinuous Operations": 28346000.0,
        "Net Income Continuous Operations": NaN,
        "Tax Provision": NaN,
        "Pretax Income": NaN,
        "Other Income Expense": NaN,
        "Other Non Operating Income Expenses": NaN,
        "Special Income Charges": NaN,
        "Impairment Of Capital Assets": NaN,
        "Restructuring And Mergern Acquisition": NaN,
        "Net Non Operating Interest Income Expense": NaN,
        "Interest Income Non Operating": NaN,
        "Operating Income": NaN,
        "Operating Expense": NaN,
        "Selling General And Administration": NaN,
        "General And Administrative Expense": NaN,
        "Other Gand A": NaN,
        "Gross Profit": NaN,
        "Cost Of Revenue": NaN,
        "Total Revenue": NaN,
        "Operating Revenue": NaN
    },
    "2024-06-30": {
        "Tax Effect Of Unusual Items": NaN,
        "Tax Rate For Calcs": NaN,
        "Normalized EBITDA": NaN,
        "Total Unusual Items": NaN,
        "Total Unusual Items Excluding Goodwill": NaN,
        "Net Income From Continuing Operation Net Minority Interest": NaN,
        "Reconciled Depreciation": NaN,
        "Reconciled Cost Of Revenue": NaN,
        "EBITDA": NaN,
        "EBIT": NaN,
        "Net Interest Income": NaN,
        "Interest Income": NaN,
        "Normalized Income": NaN,
        "Net Income From Continuing And Discontinued Operation": NaN,
        "Total Expenses": NaN,
        "Total Operating Income As Reported": NaN,
        "Diluted Average Shares": NaN,
        "Basic Average Shares": NaN,
        "Diluted EPS": NaN,
        "Basic EPS": NaN,
        "Diluted NI Availto Com Stockholders": NaN,
        "Net Income Common Stockholders": NaN,
        "Net Income": NaN,
        "Net Income Including Noncontrolling Interests": NaN,
        "Net Income Discontinuous Operations": 0.0,
        "Net Income Continuous Operations": NaN,
        "Tax Provision": NaN,
        "Pretax Income": NaN,
        "Other Income Expense": NaN,
        "Other Non Operating Income Expenses": NaN,
        "Special Income Charges": NaN,
        "Impairment Of Capital Assets": 0.0,
        "Restructuring And Mergern Acquisition": NaN,
        "Net Non Operating Interest Income Expense": NaN,
        "Interest Income Non Operating": NaN,
        "Operating Income": NaN,
        "Operating Expense": NaN,
        "Selling General And Administration": NaN,
        "General And Administrative Expense": NaN,
        "Other Gand A": NaN,
        "Gross Profit": NaN,
        "Cost Of Revenue": NaN,
        "Total Revenue": NaN,
        "Operating Revenue": NaN
    },
    "2024-09-30": {
        "Tax Effect Of Unusual Items": -101094.0,
        "Tax Rate For Calcs": 0.174,
        "Normalized EBITDA": -800000.0,
        "Total Unusual Items": -581000.0,
        "Total Unusual Items Excluding Goodwill": -581000.0,
        "Net Income From Continuing Operation Net Minority Interest": -3157000.0,
        "Reconciled Depreciation": 3396000.0,
        "Reconciled Cost Of Revenue": 43618000.0,
        "EBITDA": -1381000.0,
        "EBIT": -4777000.0,
        "Net Interest Income": 373000.0,
        "Interest Income": 373000.0,
        "Normalized Income": -2677094.0,
        "Net Income From Continuing And Discontinued Operation": -3157000.0,
        "Total Expenses": 71892000.0,
        "Total Operating Income As Reported": -5358000.0,
        "Diluted Average Shares": 38352000.0,
        "Basic Average Shares": 38352000.0,
        "Diluted EPS": -0.08,
        "Basic EPS": -0.08,
        "Diluted NI Availto Com Stockholders": -3157000.0,
        "Net Income Common Stockholders": -3157000.0,
        "Net Income": -3157000.0,
        "Net Income Including Noncontrolling Interests": -3157000.0,
        "Net Income Discontinuous Operations": 0.0,
        "Net Income Continuous Operations": -3157000.0,
        "Tax Provision": -664000.0,
        "Pretax Income": -3821000.0,
        "Other Income Expense": 583000.0,
        "Other Non Operating Income Expenses": 1164000.0,
        "Special Income Charges": -581000.0,
        "Impairment Of Capital Assets": NaN,
        "Restructuring And Mergern Acquisition": 581000.0,
        "Net Non Operating Interest Income Expense": 373000.0,
        "Interest Income Non Operating": 373000.0,
        "Operating Income": -4777000.0,
        "Operating Expense": 28274000.0,
        "Selling General And Administration": 28274000.0,
        "General And Administrative Expense": 28274000.0,
        "Other Gand A": 28274000.0,
        "Gross Profit": 23497000.0,
        "Cost Of Revenue": 43618000.0,
        "Total Revenue": 67115000.0,
        "Operating Revenue": 67115000.0
    },
    "2024-12-31": {
        "Tax Effect Of Unusual Items": -9692760.0,
        "Tax Rate For Calcs": 0.21,
        "Normalized EBITDA": 45653000.0,
        "Total Unusual Items": -46156000.0,
        "Total Unusual Items Excluding Goodwill": -46156000.0,
        "Net Income From Continuing Operation Net Minority Interest": -73325000.0,
        "Reconciled Depreciation": 3451000.0,
        "Reconciled Cost Of Revenue": 47540000.0,
        "EBITDA": -503000.0,
        "EBIT": -3954000.0,
        "Net Interest Income": 269000.0,
        "Interest Income": 269000.0,
        "Normalized Income": -36861760.0,
        "Net Income From Continuing And Discontinued Operation": -65521000.0,
        "Total Expenses": 75359000.0,
        "Total Operating Income As Reported": -50110000.0,
        "Diluted Average Shares": 38262000.0,
        "Basic Average Shares": 38262000.0,
        "Diluted EPS": -1.71,
        "Basic EPS": -1.71,
        "Diluted NI Availto Com Stockholders": -65521000.0,
        "Net Income Common Stockholders": -65521000.0,
        "Net Income": -65521000.0,
        "Net Income Including Noncontrolling Interests": -65521000.0,
        "Net Income Discontinuous Operations": 7804000.0,
        "Net Income Continuous Operations": -73325000.0,
        "Tax Provision": 21142000.0,
        "Pretax Income": -52183000.0,
        "Other Income Expense": -48498000.0,
        "Other Non Operating Income Expenses": -2342000.0,
        "Special Income Charges": -46156000.0,
        "Impairment Of Capital Assets": NaN,
        "Restructuring And Mergern Acquisition": 1347000.0,
        "Net Non Operating Interest Income Expense": 269000.0,
        "Interest Income Non Operating": 269000.0,
        "Operating Income": -3954000.0,
        "Operating Expense": 27819000.0,
        "Selling General And Administration": 27819000.0,
        "General And Administrative Expense": 27819000.0,
        "Other Gand A": 27819000.0,
        "Gross Profit": 23865000.0,
        "Cost Of Revenue": 47540000.0,
        "Total Revenue": 71405000.0,
        "Operating Revenue": 71405000.0
    },
    "2025-03-31": {
        "Tax Effect Of Unusual Items": -41895.0,
        "Tax Rate For Calcs": 0.133,
        "Normalized EBITDA": -3025000.0,
        "Total Unusual Items": -315000.0,
        "Total Unusual Items Excluding Goodwill": -315000.0,
        "Net Income From Continuing Operation Net Minority Interest": -5244000.0,
        "Reconciled Depreciation": 3107000.0,
        "Reconciled Cost Of Revenue": 39639000.0,
        "EBITDA": -3340000.0,
        "EBIT": -6447000.0,
        "Net Interest Income": 257000.0,
        "Interest Income": 257000.0,
        "Normalized Income": -4970895.0,
        "Net Income From Continuing And Discontinued Operation": -5244000.0,
        "Total Expenses": 66880000.0,
        "Total Operating Income As Reported": -6762000.0,
        "Diluted Average Shares": 38366000.0,
        "Basic Average Shares": 38366000.0,
        "Diluted EPS": -0.14,
        "Basic EPS": -0.14,
        "Diluted NI Availto Com Stockholders": -5244000.0,
        "Net Income Common Stockholders": -5244000.0,
        "Net Income": -5244000.0,
        "Net Income Including Noncontrolling Interests": -5244000.0,
        "Net Income Discontinuous Operations": 0.0,
        "Net Income Continuous Operations": -5244000.0,
        "Tax Provision": -802000.0,
        "Pretax Income": -6046000.0,
        "Other Income Expense": 144000.0,
        "Other Non Operating Income Expenses": 459000.0,
        "Special Income Charges": -315000.0,
        "Impairment Of Capital Assets": NaN,
        "Restructuring And Mergern Acquisition": 315000.0,
        "Net Non Operating Interest Income Expense": 257000.0,
        "Interest Income Non Operating": 257000.0,
        "Operating Income": -6447000.0,
        "Operating Expense": 27241000.0,
        "Selling General And Administration": 27241000.0,
        "General And Administrative Expense": 27241000.0,
        "Other Gand A": 27241000.0,
        "Gross Profit": 20794000.0,
        "Cost Of Revenue": 39639000.0,
        "Total Revenue": 60433000.0,
        "Operating Revenue": 60433000.0
    },
    "2025-06-30": {
        "Tax Effect Of Unusual Items": -164495.844576,
        "Tax Rate For Calcs": 0.089692,
        "Normalized EBITDA": -4143000.0,
        "Total Unusual Items": -1834000.0,
        "Total Unusual Items Excluding Goodwill": -1834000.0,
        "Net Income From Continuing Operation Net Minority Interest": -8434000.0,
        "Reconciled Depreciation": 3090000.0,
        "Reconciled Cost Of Revenue": 35567000.0,
        "EBITDA": -5977000.0,
        "EBIT": -9067000.0,
        "Net Interest Income": 153000.0,
        "Interest Income": 153000.0,
        "Normalized Income": -6764495.844576,
        "Net Income From Continuing And Discontinued Operation": -8434000.0,
        "Total Expenses": 64314000.0,
        "Total Operating Income As Reported": -10901000.0,
        "Diluted Average Shares": 38402000.0,
        "Basic Average Shares": 38402000.0,
        "Diluted EPS": -0.22,
        "Basic EPS": -0.22,
        "Diluted NI Availto Com Stockholders": -8434000.0,
        "Net Income Common Stockholders": -8434000.0,
        "Net Income": -8434000.0,
        "Net Income Including Noncontrolling Interests": -8434000.0,
        "Net Income Discontinuous Operations": NaN,
        "Net Income Continuous Operations": -8434000.0,
        "Tax Provision": -831000.0,
        "Pretax Income": -9265000.0,
        "Other Income Expense": -351000.0,
        "Other Non Operating Income Expenses": 1483000.0,
        "Special Income Charges": -1834000.0,
        "Impairment Of Capital Assets": 1565000.0,
        "Restructuring And Mergern Acquisition": 269000.0,
        "Net Non Operating Interest Income Expense": 153000.0,
        "Interest Income Non Operating": 153000.0,
        "Operating Income": -9067000.0,
        "Operating Expense": 28747000.0,
        "Selling General And Administration": 28747000.0,
        "General And Administrative Expense": 28747000.0,
        "Other Gand A": 28747000.0,
        "Gross Profit": 19680000.0,
        "Cost Of Revenue": 35567000.0,
        "Total Revenue": 55247000.0,
        "Operating Revenue": 55247000.0
    },
    "2025-09-30": {
        "Tax Effect Of Unusual Items": -49560.0,
        "Tax Rate For Calcs": 0.21,
        "Normalized EBITDA": 489000.0,
        "Total Unusual Items": -236000.0,
        "Total Unusual Items Excluding Goodwill": -236000.0,
        "Net Income From Continuing Operation Net Minority Interest": -1617000.0,
        "Reconciled Depreciation": 3043000.0,
        "Reconciled Cost Of Revenue": 44981000.0,
        "EBITDA": 253000.0,
        "EBIT": -2790000.0,
        "Net Interest Income": 108000.0,
        "Interest Income": 108000.0,
        "Normalized Income": -1430560.0,
        "Net Income From Continuing And Discontinued Operation": -1617000.0,
        "Total Expenses": 72137000.0,
        "Total Operating Income As Reported": -3026000.0,
        "Diluted Average Shares": 38402000.0,
        "Basic Average Shares": 38402000.0,
        "Diluted EPS": -0.04,
        "Basic EPS": -0.04,
        "Diluted NI Availto Com Stockholders": -1617000.0,
        "Net Income Common Stockholders": -1617000.0,
        "Net Income": -1617000.0,
        "Net Income Including Noncontrolling Interests": -1617000.0,
        "Net Income Discontinuous Operations": NaN,
        "Net Income Continuous Operations": -1617000.0,
        "Tax Provision": -2244000.0,
        "Pretax Income": -3861000.0,
        "Other Income Expense": -1179000.0,
        "Other Non Operating Income Expenses": -943000.0,
        "Special Income Charges": -236000.0,
        "Impairment Of Capital Assets": NaN,
        "Restructuring And Mergern Acquisition": 236000.0,
        "Net Non Operating Interest Income Expense": 108000.0,
        "Interest Income Non Operating": 108000.0,
        "Operating Income": -2790000.0,
        "Operating Expense": 27156000.0,
        "Selling General And Administration": 27156000.0,
        "General And Administrative Expense": 27156000.0,
        "Other Gand A": 27156000.0,
        "Gross Profit": 24366000.0,
        "Cost Of Revenue": 44981000.0,
        "Total Revenue": 69347000.0,
        "Operating Revenue": 69347000.0
    }
}