{
    "2023-03-31": {
        "Tax Effect Of Unusual Items": NaN,
        "Tax Rate For Calcs": NaN,
        "Normalized EBITDA": NaN,
        "Total Unusual Items": NaN,
        "Total Unusual Items Excluding Goodwill": NaN,
        "Net Income From Continuing Operation Net Minority Interest": NaN,
        "Reconciled Depreciation": NaN,
        "Reconciled Cost Of Revenue": NaN,
        "EBITDA": NaN,
        "EBIT": NaN,
        "Net Interest Income": NaN,
        "Interest Expense": NaN,
        "Normalized Income": NaN,
        "Net Income From Continuing And Discontinued Operation": NaN,
        "Total Expenses": NaN,
        "Total Operating Income As Reported": NaN,
        "Diluted Average Shares": NaN,
        "Basic Average Shares": NaN,
        "Diluted EPS": NaN,
        "Basic EPS": NaN,
        "Diluted NI Availto Com Stockholders": NaN,
        "Net Income Common Stockholders": NaN,
        "Net Income": NaN,
        "Minority Interests": NaN,
        "Net Income Including Noncontrolling Interests": NaN,
        "Net Income Continuous Operations": NaN,
        "Tax Provision": NaN,
        "Pretax Income": NaN,
        "Other Income Expense": NaN,
        "Other Non Operating Income Expenses": NaN,
        "Special Income Charges": NaN,
        "Gain On Sale Of Ppe": NaN,
        "Other Special Charges": NaN,
        "Write Off": NaN,
        "Restructuring And Mergern Acquisition": NaN,
        "Earnings From Equity Interest": NaN,
        "Gain On Sale Of Security": NaN,
        "Net Non Operating Interest Income Expense": NaN,
        "Interest Expense Non Operating": NaN,
        "Operating Income": NaN,
        "Operating Expense": NaN,
        "Other Operating Expenses": 641000.0,
        "Selling General And Administration": NaN,
        "General And Administrative Expense": NaN,
        "Other Gand A": NaN,
        "Salaries And Wages": NaN,
        "Gross Profit": NaN,
        "Cost Of Revenue": NaN,
        "Total Revenue": NaN,
        "Operating Revenue": NaN
    },
    "2022-12-31": {
        "Tax Effect Of Unusual Items": NaN,
        "Tax Rate For Calcs": NaN,
        "Normalized EBITDA": NaN,
        "Total Unusual Items": NaN,
        "Total Unusual Items Excluding Goodwill": NaN,
        "Net Income From Continuing Operation Net Minority Interest": NaN,
        "Reconciled Depreciation": NaN,
        "Reconciled Cost Of Revenue": NaN,
        "EBITDA": NaN,
        "EBIT": NaN,
        "Net Interest Income": NaN,
        "Interest Expense": NaN,
        "Normalized Income": NaN,
        "Net Income From Continuing And Discontinued Operation": NaN,
        "Total Expenses": NaN,
        "Total Operating Income As Reported": NaN,
        "Diluted Average Shares": NaN,
        "Basic Average Shares": NaN,
        "Diluted EPS": NaN,
        "Basic EPS": NaN,
        "Diluted NI Availto Com Stockholders": NaN,
        "Net Income Common Stockholders": NaN,
        "Net Income": NaN,
        "Minority Interests": NaN,
        "Net Income Including Noncontrolling Interests": NaN,
        "Net Income Continuous Operations": NaN,
        "Tax Provision": NaN,
        "Pretax Income": NaN,
        "Other Income Expense": NaN,
        "Other Non Operating Income Expenses": NaN,
        "Special Income Charges": NaN,
        "Gain On Sale Of Ppe": NaN,
        "Gain On Sale Of Business": 0.0,
        "Other Special Charges": NaN,
        "Write Off": NaN,
        "Restructuring And Mergern Acquisition": NaN,
        "Earnings From Equity Interest": NaN,
        "Gain On Sale Of Security": NaN,
        "Net Non Operating Interest Income Expense": NaN,
        "Interest Expense Non Operating": NaN,
        "Operating Income": NaN,
        "Operating Expense": NaN,
        "Other Operating Expenses": NaN,
        "Selling General And Administration": NaN,
        "General And Administrative Expense": NaN,
        "Other Gand A": NaN,
        "Salaries And Wages": NaN,
        "Gross Profit": NaN,
        "Cost Of Revenue": NaN,
        "Total Revenue": NaN,
        "Operating Revenue": NaN
    },
    "2022-09-30": {
        "Tax Effect Of Unusual Items": 468665.0,
        "Tax Rate For Calcs": 0.335,
        "Normalized EBITDA": 17417000.0,
        "Total Unusual Items": 1399000.0,
        "Total Unusual Items Excluding Goodwill": 1399000.0,
        "Net Income From Continuing Operation Net Minority Interest": 7524000.0,
        "Reconciled Depreciation": 4171000.0,
        "Reconciled Cost Of Revenue": 103101000.0,
        "EBITDA": 18816000.0,
        "EBIT": 14645000.0,
        "Net Interest Income": -3138000.0,
        "Interest Expense": 3138000.0,
        "Normalized Income": 6593665.0,
        "Net Income From Continuing And Discontinued Operation": 7524000.0,
        "Total Expenses": 113102000.0,
        "Total Operating Income As Reported": 14645000.0,
        "Diluted Average Shares": 47012000.0,
        "Basic Average Shares": 46338000.0,
        "Diluted EPS": 0.16,
        "Basic EPS": 0.16,
        "Diluted NI Availto Com Stockholders": 7524000.0,
        "Net Income Common Stockholders": 7524000.0,
        "Net Income": 7524000.0,
        "Minority Interests": -127000.0,
        "Net Income Including Noncontrolling Interests": 7651000.0,
        "Net Income Continuous Operations": 7651000.0,
        "Tax Provision": 3856000.0,
        "Pretax Income": 11507000.0,
        "Other Income Expense": 1781000.0,
        "Other Non Operating Income Expenses": 323000.0,
        "Special Income Charges": 96000.0,
        "Gain On Sale Of Ppe": 96000.0,
        "Gain On Sale Of Business": 0.0,
        "Other Special Charges": NaN,
        "Write Off": NaN,
        "Restructuring And Mergern Acquisition": 0.0,
        "Earnings From Equity Interest": 59000.0,
        "Gain On Sale Of Security": 1303000.0,
        "Net Non Operating Interest Income Expense": -3138000.0,
        "Interest Expense Non Operating": 3138000.0,
        "Operating Income": 12864000.0,
        "Operating Expense": 10001000.0,
        "Other Operating Expenses": NaN,
        "Selling General And Administration": 10001000.0,
        "General And Administrative Expense": 10001000.0,
        "Other Gand A": 10001000.0,
        "Salaries And Wages": NaN,
        "Gross Profit": 22865000.0,
        "Cost Of Revenue": 103101000.0,
        "Total Revenue": 125966000.0,
        "Operating Revenue": 125966000.0
    },
    "2022-06-30": {
        "Tax Effect Of Unusual Items": 0.0,
        "Tax Rate For Calcs": 0.2,
        "Normalized EBITDA": 16012000.0,
        "Total Unusual Items": -1011000.0,
        "Total Unusual Items Excluding Goodwill": -1011000.0,
        "Net Income From Continuing Operation Net Minority Interest": 7066000.0,
        "Reconciled Depreciation": 4360000.0,
        "Reconciled Cost Of Revenue": 102317000.0,
        "EBITDA": 16012000.0,
        "EBIT": 11652000.0,
        "Net Interest Income": -2707000.0,
        "Interest Expense": 2707000.0,
        "Normalized Income": 7066000.0,
        "Net Income From Continuing And Discontinued Operation": 7066000.0,
        "Total Expenses": 109164000.0,
        "Total Operating Income As Reported": 11652000.0,
        "Diluted Average Shares": 47143000.0,
        "Basic Average Shares": 46319000.0,
        "Diluted EPS": 0.15,
        "Basic EPS": 0.15,
        "Diluted NI Availto Com Stockholders": 7066000.0,
        "Net Income Common Stockholders": 7066000.0,
        "Net Income": 7066000.0,
        "Minority Interests": -90000.0,
        "Net Income Including Noncontrolling Interests": 7156000.0,
        "Net Income Continuous Operations": 7156000.0,
        "Tax Provision": 1789000.0,
        "Pretax Income": 8945000.0,
        "Other Income Expense": -82000.0,
        "Other Non Operating Income Expenses": -82000.0,
        "Special Income Charges": 111000.0,
        "Gain On Sale Of Ppe": 111000.0,
        "Gain On Sale Of Business": 0.0,
        "Other Special Charges": NaN,
        "Write Off": NaN,
        "Restructuring And Mergern Acquisition": 0.0,
        "Earnings From Equity Interest": 21000.0,
        "Gain On Sale Of Security": -1122000.0,
        "Net Non Operating Interest Income Expense": -2707000.0,
        "Interest Expense Non Operating": 2707000.0,
        "Operating Income": 11734000.0,
        "Operating Expense": 6847000.0,
        "Other Operating Expenses": NaN,
        "Selling General And Administration": 6847000.0,
        "General And Administrative Expense": 6847000.0,
        "Other Gand A": 6847000.0,
        "Salaries And Wages": NaN,
        "Gross Profit": 18581000.0,
        "Cost Of Revenue": 102317000.0,
        "Total Revenue": 120898000.0,
        "Operating Revenue": 120898000.0
    },
    "2023-06-30": {
        "Tax Effect Of Unusual Items": NaN,
        "Tax Rate For Calcs": NaN,
        "Normalized EBITDA": NaN,
        "Total Unusual Items": NaN,
        "Total Unusual Items Excluding Goodwill": NaN,
        "Net Income From Continuing Operation Net Minority Interest": NaN,
        "Reconciled Depreciation": NaN,
        "Reconciled Cost Of Revenue": NaN,
        "EBITDA": NaN,
        "EBIT": NaN,
        "Net Interest Income": NaN,
        "Interest Expense": NaN,
        "Normalized Income": NaN,
        "Net Income From Continuing And Discontinued Operation": NaN,
        "Total Expenses": NaN,
        "Total Operating Income As Reported": NaN,
        "Diluted Average Shares": 47497000.0,
        "Basic Average Shares": 46675000.0,
        "Diluted EPS": 0.48,
        "Basic EPS": 0.49,
        "Diluted NI Availto Com Stockholders": NaN,
        "Net Income Common Stockholders": NaN,
        "Net Income": NaN,
        "Minority Interests": NaN,
        "Net Income Including Noncontrolling Interests": NaN,
        "Net Income Continuous Operations": NaN,
        "Tax Provision": NaN,
        "Pretax Income": NaN,
        "Other Income Expense": NaN,
        "Other Non Operating Income Expenses": NaN,
        "Special Income Charges": NaN,
        "Gain On Sale Of Ppe": NaN,
        "Other Special Charges": NaN,
        "Write Off": NaN,
        "Restructuring And Mergern Acquisition": NaN,
        "Earnings From Equity Interest": NaN,
        "Gain On Sale Of Security": NaN,
        "Net Non Operating Interest Income Expense": NaN,
        "Interest Expense Non Operating": NaN,
        "Operating Income": NaN,
        "Operating Expense": NaN,
        "Selling General And Administration": NaN,
        "General And Administrative Expense": NaN,
        "Other Gand A": NaN,
        "Salaries And Wages": NaN,
        "Gross Profit": NaN,
        "Cost Of Revenue": NaN,
        "Total Revenue": NaN,
        "Operating Revenue": NaN
    },
    "2022-03-31": {
        "Diluted EPS": -0.04,
        "Total Revenue": 115,
        "Gross Profit": 18,
        "Operating Income": 0,
        "EBIT": 4,
        "Net Income": -2
    },
    "2021-12-31": {
        "Diluted EPS": 0.05,
        "Total Revenue": 125,
        "Gross Profit": 28,
        "Operating Income": 14,
        "EBIT": 19,
        "Net Income": 3
    },
    "2021-09-30": {
        "Diluted EPS": 0.02,
        "Total Revenue": 118,
        "Gross Profit": 25,
        "Operating Income": 7,
        "EBIT": 11,
        "Net Income": 1
    },
    "2021-06-30": {
        "Diluted EPS": 0.17,
        "Total Revenue": 119,
        "Gross Profit": 25,
        "Operating Income": 13,
        "EBIT": 18,
        "Net Income": 8
    },
    "2021-03-31": {
        "Diluted EPS": 0.18,
        "Total Revenue": 108,
        "Gross Profit": 24,
        "Operating Income": 12,
        "EBIT": 16,
        "Net Income": 8
    },
    "2020-12-31": {
        "Diluted EPS": 0.3,
        "Total Revenue": 114,
        "Gross Profit": 26,
        "Operating Income": 23,
        "EBIT": 28,
        "Net Income": 14
    },
    "2020-09-30": {
        "Diluted EPS": 0.07,
        "Total Revenue": 105,
        "Gross Profit": 24,
        "Operating Income": 11,
        "EBIT": 16,
        "Net Income": 3
    },
    "2020-06-30": {
        "Diluted EPS": -0.13,
        "Total Revenue": 116,
        "Gross Profit": 25,
        "Operating Income": -3,
        "EBIT": 3,
        "Net Income": -6
    },
    "2020-03-31": {
        "Diluted EPS": -2.44,
        "Total Revenue": 152,
        "Gross Profit": 37,
        "Operating Income": -109,
        "EBIT": -104,
        "Net Income": -108
    },
    "2019-12-31": {
        "Diluted EPS": 0.23,
        "Total Revenue": 157,
        "Gross Profit": 39,
        "Operating Income": 21,
        "EBIT": 27,
        "Net Income": 10
    },
    "2019-09-30": {
        "Diluted EPS": 0.53,
        "Total Revenue": 173,
        "Gross Profit": 47,
        "Operating Income": 31,
        "EBIT": 37,
        "Net Income": 24
    },
    "2019-06-30": {
        "Diluted EPS": 0.61,
        "Total Revenue": 169,
        "Gross Profit": 45,
        "Operating Income": 28,
        "EBIT": 34,
        "Net Income": 27
    },
    "2019-03-31": {
        "Diluted EPS": 0.91,
        "Total Revenue": 169,
        "Gross Profit": 42,
        "Operating Income": 16,
        "EBIT": 22,
        "Net Income": 41
    },
    "2018-12-31": {
        "Diluted EPS": 0.2,
        "Total Revenue": 173,
        "Gross Profit": 48,
        "Operating Income": 18,
        "EBIT": 24,
        "Net Income": 9
    },
    "2018-09-30": {
        "Diluted EPS": 0.5,
        "Total Revenue": 182,
        "Gross Profit": 54,
        "Operating Income": 35,
        "EBIT": 41,
        "Net Income": 22
    },
    "2018-06-30": {
        "Diluted EPS": 0.56,
        "Total Revenue": 175,
        "Gross Profit": 52,
        "Operating Income": 33,
        "EBIT": 39,
        "Net Income": 25
    },
    "2018-03-31": {
        "Diluted EPS": 0.53,
        "Total Revenue": 170,
        "Gross Profit": 51,
        "Operating Income": 32,
        "EBIT": 38,
        "Net Income": 24
    },
    "2017-12-31": {
        "Diluted EPS": 0.49,
        "Total Revenue": 170,
        "Gross Profit": 50,
        "Operating Income": 32,
        "EBIT": 38,
        "Net Income": 22
    },
    "2017-09-30": {
        "Diluted EPS": 0.48,
        "Total Revenue": 163,
        "Gross Profit": 45,
        "Operating Income": 27,
        "EBIT": 33,
        "Net Income": 21
    },
    "2017-06-30": {
        "Diluted EPS": 0.51,
        "Total Revenue": 158,
        "Gross Profit": 45,
        "Operating Income": 27,
        "EBIT": 34,
        "Net Income": 23
    },
    "2017-03-31": {
        "Diluted EPS": 0.4,
        "Total Revenue": 157,
        "Gross Profit": 44,
        "Operating Income": 24,
        "EBIT": 30,
        "Net Income": 18
    },
    "2016-12-31": {
        "Diluted EPS": 0.35,
        "Total Revenue": 145,
        "Gross Profit": 37,
        "Operating Income": 23,
        "EBIT": 29,
        "Net Income": 15
    },
    "2016-09-30": {
        "Diluted EPS": 0.38,
        "Total Revenue": 143,
        "Gross Profit": 36,
        "Operating Income": 21,
        "EBIT": 28,
        "Net Income": 17
    },
    "2016-06-30": {
        "Diluted EPS": 0.38,
        "Total Revenue": 148,
        "Gross Profit": 38,
        "Operating Income": 20,
        "EBIT": 27,
        "Net Income": 17
    },
    "2016-03-31": {
        "Diluted EPS": 0.35,
        "Total Revenue": 154,
        "Gross Profit": 41,
        "Operating Income": 23,
        "EBIT": 30,
        "Net Income": 15
    },
    "2015-12-31": {
        "Diluted EPS": 0.37,
        "Total Revenue": 183,
        "Gross Profit": 58,
        "Operating Income": 24,
        "EBIT": 31,
        "Net Income": 15
    },
    "2015-09-30": {
        "Diluted EPS": 0.78,
        "Total Revenue": 197,
        "Gross Profit": 68,
        "Operating Income": 47,
        "EBIT": 54,
        "Net Income": 33
    },
    "2015-06-30": {
        "Diluted EPS": 0.81,
        "Total Revenue": 204,
        "Gross Profit": 69,
        "Operating Income": 48,
        "EBIT": 55,
        "Net Income": 35
    },
    "2015-03-31": {
        "Diluted EPS": 0.72,
        "Total Revenue": 214,
        "Gross Profit": 69,
        "Operating Income": 43,
        "EBIT": 49,
        "Net Income": 31
    },
    "2014-12-31": {
        "Diluted EPS": 1.5,
        "Total Revenue": 279,
        "Gross Profit": 110,
        "Operating Income": 90,
        "EBIT": 97,
        "Net Income": 66
    },
    "2014-09-30": {
        "Diluted EPS": 1.5,
        "Total Revenue": 276,
        "Gross Profit": 109,
        "Operating Income": 89,
        "EBIT": 96,
        "Net Income": 66
    },
    "2014-06-30": {
        "Diluted EPS": 1.42,
        "Total Revenue": 268,
        "Gross Profit": 99,
        "Operating Income": 84,
        "EBIT": 90,
        "Net Income": 64
    },
    "2014-03-31": {
        "Diluted EPS": 1.35,
        "Total Revenue": 263,
        "Gross Profit": 101,
        "Operating Income": 83,
        "EBIT": 89,
        "Net Income": 61
    },
    "2013-12-31": {
        "Diluted EPS": 1.42,
        "Total Revenue": 276,
        "Gross Profit": 108,
        "Operating Income": 88,
        "EBIT": 94,
        "Net Income": 65
    },
    "2013-09-30": {
        "Diluted EPS": 1.35,
        "Total Revenue": 273,
        "Gross Profit": 106,
        "Operating Income": 85,
        "EBIT": 92,
        "Net Income": 62
    },
    "2013-06-30": {
        "Diluted EPS": 1.29,
        "Total Revenue": 263,
        "Gross Profit": 100,
        "Operating Income": 82,
        "EBIT": 88,
        "Net Income": 60
    },
    "2013-03-31": {
        "Diluted EPS": 1.22,
        "Total Revenue": 261,
        "Gross Profit": 97,
        "Operating Income": 79,
        "EBIT": 85,
        "Net Income": 57
    },
    "2012-12-31": {
        "Diluted EPS": 1.16,
        "Total Revenue": 254,
        "Gross Profit": 93,
        "Operating Income": 76,
        "EBIT": 81,
        "Net Income": 55
    },
    "2012-09-30": {
        "Diluted EPS": 1.14,
        "Total Revenue": 245,
        "Gross Profit": 90,
        "Operating Income": 75,
        "EBIT": 82,
        "Net Income": 54
    },
    "2012-06-30": {
        "Diluted EPS": 1.11,
        "Total Revenue": 247,
        "Gross Profit": 91,
        "Operating Income": 72,
        "EBIT": 77,
        "Net Income": 53
    },
    "2012-03-31": {
        "Diluted EPS": 1.13,
        "Total Revenue": 234,
        "Gross Profit": 85,
        "Operating Income": 74,
        "EBIT": 80,
        "Net Income": 54
    },
    "2011-12-31": {
        "Diluted EPS": 1.12,
        "Total Revenue": 244,
        "Gross Profit": 90,
        "Operating Income": 73,
        "EBIT": 79,
        "Net Income": 53
    },
    "2011-09-30": {
        "Diluted EPS": 0.93,
        "Total Revenue": 231,
        "Gross Profit": 81,
        "Operating Income": 64,
        "EBIT": 69,
        "Net Income": 45
    },
    "2011-06-30": {
        "Diluted EPS": 0.83,
        "Total Revenue": 226,
        "Gross Profit": 74,
        "Operating Income": 58,
        "EBIT": 64,
        "Net Income": 40
    },
    "2011-03-31": {
        "Diluted EPS": 0.94,
        "Total Revenue": 207,
        "Gross Profit": 70,
        "Operating Income": 56,
        "EBIT": 62,
        "Net Income": 46
    },
    "2010-12-31": {
        "Diluted EPS": 0.81,
        "Total Revenue": 208,
        "Gross Profit": 75,
        "Operating Income": 62,
        "EBIT": 67,
        "Net Income": 40
    },
    "2010-09-30": {
        "Diluted EPS": 0.79,
        "Total Revenue": 199,
        "Gross Profit": 73,
        "Operating Income": 60,
        "EBIT": 66,
        "Net Income": 39
    },
    "2010-06-30": {
        "Diluted EPS": 0.71,
        "Total Revenue": 199,
        "Gross Profit": 70,
        "Operating Income": 54,
        "EBIT": 59,
        "Net Income": 34
    },
    "2010-03-31": {
        "Diluted EPS": 0.69,
        "Total Revenue": 188,
        "Gross Profit": 63,
        "Operating Income": 51,
        "EBIT": 57,
        "Net Income": 32
    },
    "2009-12-31": {
        "Diluted EPS": 0.49,
        "Total Revenue": 182,
        "Gross Profit": 61,
        "Operating Income": 44,
        "EBIT": 50,
        "Net Income": 24
    },
    "2009-09-30": {
        "Diluted EPS": 0.67,
        "Total Revenue": 168,
        "Gross Profit": 56,
        "Operating Income": 44,
        "EBIT": 50,
        "Net Income": 31
    },
    "2009-06-30": {
        "Diluted EPS": 0.64,
        "Total Revenue": 167,
        "Gross Profit": 58,
        "Operating Income": 52,
        "EBIT": 58,
        "Net Income": 30
    },
    "2009-03-31": {
        "Diluted EPS": 0.63,
        "Total Revenue": 179,
        "Gross Profit": 63,
        "Operating Income": 47,
        "EBIT": 52,
        "Net Income": 29
    },
    "2024-03-31": {
        "Tax Effect Of Unusual Items": NaN,
        "Tax Rate For Calcs": NaN,
        "Normalized EBITDA": NaN,
        "Total Unusual Items": NaN,
        "Total Unusual Items Excluding Goodwill": NaN,
        "Net Income From Continuing Operation Net Minority Interest": NaN,
        "Reconciled Depreciation": NaN,
        "Reconciled Cost Of Revenue": NaN,
        "EBITDA": NaN,
        "EBIT": NaN,
        "Net Interest Income": NaN,
        "Interest Expense": NaN,
        "Normalized Income": NaN,
        "Net Income From Continuing And Discontinued Operation": NaN,
        "Total Expenses": NaN,
        "Total Operating Income As Reported": NaN,
        "Diluted Average Shares": NaN,
        "Basic Average Shares": NaN,
        "Diluted EPS": NaN,
        "Basic EPS": NaN,
        "Diluted NI Availto Com Stockholders": NaN,
        "Net Income Common Stockholders": NaN,
        "Net Income": NaN,
        "Minority Interests": NaN,
        "Net Income Including Noncontrolling Interests": NaN,
        "Net Income Continuous Operations": NaN,
        "Tax Provision": NaN,
        "Pretax Income": NaN,
        "Other Income Expense": NaN,
        "Other Non Operating Income Expenses": NaN,
        "Special Income Charges": NaN,
        "Gain On Sale Of Ppe": NaN,
        "Other Special Charges": NaN,
        "Write Off": NaN,
        "Restructuring And Mergern Acquisition": NaN,
        "Earnings From Equity Interest": NaN,
        "Gain On Sale Of Security": NaN,
        "Net Non Operating Interest Income Expense": NaN,
        "Interest Expense Non Operating": NaN,
        "Operating Income": NaN,
        "Operating Expense": NaN,
        "Selling General And Administration": NaN,
        "General And Administrative Expense": NaN,
        "Other Gand A": NaN,
        "Salaries And Wages": -290000.0,
        "Gross Profit": NaN,
        "Cost Of Revenue": NaN,
        "Total Revenue": NaN,
        "Operating Revenue": NaN
    },
    "2023-12-31": {
        "Tax Effect Of Unusual Items": NaN,
        "Tax Rate For Calcs": NaN,
        "Normalized EBITDA": NaN,
        "Total Unusual Items": NaN,
        "Total Unusual Items Excluding Goodwill": NaN,
        "Net Income From Continuing Operation Net Minority Interest": NaN,
        "Reconciled Depreciation": NaN,
        "Reconciled Cost Of Revenue": NaN,
        "EBITDA": NaN,
        "EBIT": NaN,
        "Net Interest Income": NaN,
        "Interest Expense": NaN,
        "Normalized Income": NaN,
        "Net Income From Continuing And Discontinued Operation": NaN,
        "Total Expenses": NaN,
        "Total Operating Income As Reported": NaN,
        "Diluted Average Shares": NaN,
        "Basic Average Shares": NaN,
        "Diluted EPS": NaN,
        "Basic EPS": NaN,
        "Diluted NI Availto Com Stockholders": NaN,
        "Net Income Common Stockholders": NaN,
        "Net Income": NaN,
        "Minority Interests": NaN,
        "Net Income Including Noncontrolling Interests": NaN,
        "Net Income Continuous Operations": NaN,
        "Tax Provision": NaN,
        "Pretax Income": NaN,
        "Other Income Expense": NaN,
        "Other Non Operating Income Expenses": NaN,
        "Special Income Charges": NaN,
        "Gain On Sale Of Ppe": NaN,
        "Other Special Charges": NaN,
        "Write Off": NaN,
        "Restructuring And Mergern Acquisition": NaN,
        "Earnings From Equity Interest": NaN,
        "Gain On Sale Of Security": NaN,
        "Net Non Operating Interest Income Expense": NaN,
        "Interest Expense Non Operating": NaN,
        "Operating Income": NaN,
        "Operating Expense": NaN,
        "Selling General And Administration": NaN,
        "General And Administrative Expense": NaN,
        "Other Gand A": NaN,
        "Salaries And Wages": -373000.0,
        "Gross Profit": NaN,
        "Cost Of Revenue": NaN,
        "Total Revenue": NaN,
        "Operating Revenue": NaN
    },
    "2023-09-30": {
        "Tax Effect Of Unusual Items": NaN,
        "Tax Rate For Calcs": NaN,
        "Normalized EBITDA": NaN,
        "Total Unusual Items": NaN,
        "Total Unusual Items Excluding Goodwill": NaN,
        "Net Income From Continuing Operation Net Minority Interest": NaN,
        "Reconciled Depreciation": NaN,
        "Reconciled Cost Of Revenue": NaN,
        "EBITDA": NaN,
        "EBIT": NaN,
        "Net Interest Income": NaN,
        "Interest Expense": NaN,
        "Normalized Income": NaN,
        "Net Income From Continuing And Discontinued Operation": NaN,
        "Total Expenses": NaN,
        "Total Operating Income As Reported": NaN,
        "Diluted Average Shares": 47604000.0,
        "Basic Average Shares": 46692000.0,
        "Diluted EPS": 0.19,
        "Basic EPS": 0.2,
        "Diluted NI Availto Com Stockholders": NaN,
        "Net Income Common Stockholders": NaN,
        "Net Income": NaN,
        "Minority Interests": NaN,
        "Net Income Including Noncontrolling Interests": NaN,
        "Net Income Continuous Operations": NaN,
        "Tax Provision": NaN,
        "Pretax Income": NaN,
        "Other Income Expense": NaN,
        "Other Non Operating Income Expenses": NaN,
        "Special Income Charges": NaN,
        "Gain On Sale Of Ppe": NaN,
        "Other Special Charges": NaN,
        "Write Off": NaN,
        "Restructuring And Mergern Acquisition": NaN,
        "Earnings From Equity Interest": NaN,
        "Gain On Sale Of Security": NaN,
        "Net Non Operating Interest Income Expense": NaN,
        "Interest Expense Non Operating": NaN,
        "Operating Income": NaN,
        "Operating Expense": NaN,
        "Selling General And Administration": NaN,
        "General And Administrative Expense": NaN,
        "Other Gand A": NaN,
        "Salaries And Wages": -336000.0,
        "Gross Profit": NaN,
        "Cost Of Revenue": NaN,
        "Total Revenue": NaN,
        "Operating Revenue": NaN
    },
    "2024-06-30": {
        "Tax Effect Of Unusual Items": NaN,
        "Tax Rate For Calcs": NaN,
        "Normalized EBITDA": NaN,
        "Total Unusual Items": NaN,
        "Total Unusual Items Excluding Goodwill": NaN,
        "Net Income From Continuing Operation Net Minority Interest": NaN,
        "Reconciled Depreciation": NaN,
        "Reconciled Cost Of Revenue": NaN,
        "EBITDA": NaN,
        "EBIT": NaN,
        "Net Interest Income": NaN,
        "Interest Expense": NaN,
        "Normalized Income": NaN,
        "Net Income From Continuing And Discontinued Operation": NaN,
        "Total Expenses": NaN,
        "Total Operating Income As Reported": NaN,
        "Diluted Average Shares": NaN,
        "Basic Average Shares": NaN,
        "Diluted EPS": NaN,
        "Basic EPS": NaN,
        "Diluted NI Availto Com Stockholders": NaN,
        "Net Income Common Stockholders": NaN,
        "Net Income": NaN,
        "Minority Interests": NaN,
        "Net Income Including Noncontrolling Interests": NaN,
        "Net Income Continuous Operations": NaN,
        "Tax Provision": NaN,
        "Pretax Income": NaN,
        "Other Income Expense": NaN,
        "Other Non Operating Income Expenses": NaN,
        "Special Income Charges": NaN,
        "Gain On Sale Of Ppe": NaN,
        "Other Special Charges": -1319000.0,
        "Write Off": NaN,
        "Restructuring And Mergern Acquisition": NaN,
        "Earnings From Equity Interest": NaN,
        "Gain On Sale Of Security": NaN,
        "Net Non Operating Interest Income Expense": NaN,
        "Interest Expense Non Operating": NaN,
        "Operating Income": NaN,
        "Operating Expense": NaN,
        "Selling General And Administration": NaN,
        "General And Administrative Expense": NaN,
        "Other Gand A": NaN,
        "Salaries And Wages": NaN,
        "Gross Profit": NaN,
        "Cost Of Revenue": NaN,
        "Total Revenue": NaN,
        "Operating Revenue": NaN
    },
    "2024-09-30": {
        "Tax Effect Of Unusual Items": 871100.0,
        "Tax Rate For Calcs": 0.281,
        "Normalized EBITDA": 20379000.0,
        "Total Unusual Items": 3100000.0,
        "Total Unusual Items Excluding Goodwill": 3100000.0,
        "Net Income From Continuing Operation Net Minority Interest": 11745000.0,
        "Reconciled Depreciation": 3676000.0,
        "Reconciled Cost Of Revenue": 110481000.0,
        "EBITDA": 23479000.0,
        "EBIT": 19803000.0,
        "Net Interest Income": -3108000.0,
        "Interest Expense": 3108000.0,
        "Normalized Income": 9516100.0,
        "Net Income From Continuing And Discontinued Operation": 11745000.0,
        "Total Expenses": 118809000.0,
        "Total Operating Income As Reported": 19803000.0,
        "Diluted Average Shares": 47820000.0,
        "Basic Average Shares": 46927391.0,
        "Diluted EPS": 0.25,
        "Basic EPS": 0.25028,
        "Diluted NI Availto Com Stockholders": 11745000.0,
        "Net Income Common Stockholders": 11745000.0,
        "Net Income": 11745000.0,
        "Minority Interests": -259000.0,
        "Net Income Including Noncontrolling Interests": 12004000.0,
        "Net Income Continuous Operations": 12004000.0,
        "Tax Provision": 4691000.0,
        "Pretax Income": 16695000.0,
        "Other Income Expense": 4215000.0,
        "Other Non Operating Income Expenses": 1007000.0,
        "Special Income Charges": 2861000.0,
        "Gain On Sale Of Ppe": -364000.0,
        "Other Special Charges": -3225000.0,
        "Write Off": 0.0,
        "Restructuring And Mergern Acquisition": 0.0,
        "Earnings From Equity Interest": 108000.0,
        "Gain On Sale Of Security": 239000.0,
        "Net Non Operating Interest Income Expense": -3108000.0,
        "Interest Expense Non Operating": 3108000.0,
        "Operating Income": 15588000.0,
        "Operating Expense": 8328000.0,
        "Selling General And Administration": 8328000.0,
        "General And Administrative Expense": 8328000.0,
        "Other Gand A": 8642000.0,
        "Salaries And Wages": -314000.0,
        "Gross Profit": 23916000.0,
        "Cost Of Revenue": 110481000.0,
        "Total Revenue": 134397000.0,
        "Operating Revenue": 134397000.0
    },
    "2024-12-31": {
        "Tax Effect Of Unusual Items": 1180257.080987,
        "Tax Rate For Calcs": 0.353053,
        "Normalized EBITDA": 14495000.0,
        "Total Unusual Items": 3343000.0,
        "Total Unusual Items Excluding Goodwill": 3343000.0,
        "Net Income From Continuing Operation Net Minority Interest": 7403000.0,
        "Reconciled Depreciation": 3664000.0,
        "Reconciled Cost Of Revenue": 109863000.0,
        "EBITDA": 17838000.0,
        "EBIT": 14174000.0,
        "Net Interest Income": -2629000.0,
        "Interest Expense": 2629000.0,
        "Normalized Income": 5240257.080987,
        "Net Income From Continuing And Discontinued Operation": 7403000.0,
        "Total Expenses": 118656000.0,
        "Total Operating Income As Reported": 14174000.0,
        "Diluted Average Shares": 47773000.0,
        "Basic Average Shares": 46826820.0,
        "Diluted EPS": 0.15,
        "Basic EPS": 0.158093,
        "Diluted NI Availto Com Stockholders": 7403000.0,
        "Net Income Common Stockholders": 7403000.0,
        "Net Income": 7403000.0,
        "Minority Interests": -66000.0,
        "Net Income Including Noncontrolling Interests": 7469000.0,
        "Net Income Continuous Operations": 7469000.0,
        "Tax Provision": 4076000.0,
        "Pretax Income": 11545000.0,
        "Other Income Expense": 3593000.0,
        "Other Non Operating Income Expenses": 221000.0,
        "Special Income Charges": 4105000.0,
        "Gain On Sale Of Ppe": 1389000.0,
        "Other Special Charges": -2877000.0,
        "Write Off": 0.0,
        "Restructuring And Mergern Acquisition": 161000.0,
        "Earnings From Equity Interest": 29000.0,
        "Gain On Sale Of Security": -762000.0,
        "Net Non Operating Interest Income Expense": -2629000.0,
        "Interest Expense Non Operating": 2629000.0,
        "Operating Income": 10581000.0,
        "Operating Expense": 8793000.0,
        "Selling General And Administration": 8793000.0,
        "General And Administrative Expense": 8793000.0,
        "Other Gand A": 9080000.0,
        "Salaries And Wages": -287000.0,
        "Gross Profit": 19374000.0,
        "Cost Of Revenue": 109863000.0,
        "Total Revenue": 129237000.0,
        "Operating Revenue": 129237000.0
    },
    "2025-03-31": {
        "Tax Effect Of Unusual Items": -721770.0,
        "Tax Rate For Calcs": 0.21,
        "Normalized EBITDA": 11571000.0,
        "Total Unusual Items": -3437000.0,
        "Total Unusual Items Excluding Goodwill": -3437000.0,
        "Net Income From Continuing Operation Net Minority Interest": -154000.0,
        "Reconciled Depreciation": 3717000.0,
        "Reconciled Cost Of Revenue": 103186000.0,
        "EBITDA": 8134000.0,
        "EBIT": 4417000.0,
        "Net Interest Income": -2602000.0,
        "Interest Expense": 2602000.0,
        "Normalized Income": 2561230.0,
        "Net Income From Continuing And Discontinued Operation": -154000.0,
        "Total Expenses": 116553000.0,
        "Total Operating Income As Reported": 4417000.0,
        "Diluted Average Shares": 46773000.0,
        "Basic Average Shares": 46702192.0,
        "Diluted EPS": -0.003297,
        "Basic EPS": -0.003297,
        "Diluted NI Availto Com Stockholders": -154000.0,
        "Net Income Common Stockholders": -154000.0,
        "Net Income": -154000.0,
        "Minority Interests": -223000.0,
        "Net Income Including Noncontrolling Interests": 69000.0,
        "Net Income Continuous Operations": 69000.0,
        "Tax Provision": 1746000.0,
        "Pretax Income": 1815000.0,
        "Other Income Expense": -2615000.0,
        "Other Non Operating Income Expenses": 785000.0,
        "Special Income Charges": -2957000.0,
        "Gain On Sale Of Ppe": 6000.0,
        "Other Special Charges": NaN,
        "Write Off": 707000.0,
        "Restructuring And Mergern Acquisition": 2256000.0,
        "Earnings From Equity Interest": 37000.0,
        "Gain On Sale Of Security": -480000.0,
        "Net Non Operating Interest Income Expense": -2602000.0,
        "Interest Expense Non Operating": 2602000.0,
        "Operating Income": 7032000.0,
        "Operating Expense": 13367000.0,
        "Selling General And Administration": 13367000.0,
        "General And Administrative Expense": 13367000.0,
        "Other Gand A": 13647000.0,
        "Salaries And Wages": -280000.0,
        "Gross Profit": 20399000.0,
        "Cost Of Revenue": 103186000.0,
        "Total Revenue": 123585000.0,
        "Operating Revenue": 123585000.0
    },
    "2025-06-30": {
        "Tax Effect Of Unusual Items": 420432.0,
        "Tax Rate For Calcs": 0.152,
        "Normalized EBITDA": 16195000.0,
        "Total Unusual Items": 2766000.0,
        "Total Unusual Items Excluding Goodwill": 2766000.0,
        "Net Income From Continuing Operation Net Minority Interest": 10636000.0,
        "Reconciled Depreciation": 3670000.0,
        "Reconciled Cost Of Revenue": 107371000.0,
        "EBITDA": 18961000.0,
        "EBIT": 15291000.0,
        "Net Interest Income": -2711000.0,
        "Interest Expense": 2711000.0,
        "Normalized Income": 8290432.0,
        "Net Income From Continuing And Discontinued Operation": 10636000.0,
        "Total Expenses": 117835000.0,
        "Total Operating Income As Reported": 15291000.0,
        "Diluted Average Shares": 47364000.0,
        "Basic Average Shares": 46536790.0,
        "Diluted EPS": 0.22855,
        "Basic EPS": 0.22855,
        "Diluted NI Availto Com Stockholders": 10636000.0,
        "Net Income Common Stockholders": 10636000.0,
        "Net Income": 10636000.0,
        "Minority Interests": -33000.0,
        "Net Income Including Noncontrolling Interests": 10669000.0,
        "Net Income Continuous Operations": 10669000.0,
        "Tax Provision": 1911000.0,
        "Pretax Income": 12580000.0,
        "Other Income Expense": 2967000.0,
        "Other Non Operating Income Expenses": 445000.0,
        "Special Income Charges": 2773000.0,
        "Gain On Sale Of Ppe": 217000.0,
        "Other Special Charges": -2556000.0,
        "Write Off": 0.0,
        "Restructuring And Mergern Acquisition": 0.0,
        "Earnings From Equity Interest": -244000.0,
        "Gain On Sale Of Security": -7000.0,
        "Net Non Operating Interest Income Expense": -2711000.0,
        "Interest Expense Non Operating": 2711000.0,
        "Operating Income": 12324000.0,
        "Operating Expense": 10464000.0,
        "Selling General And Administration": 10464000.0,
        "General And Administrative Expense": 10464000.0,
        "Other Gand A": 10464000.0,
        "Salaries And Wages": NaN,
        "Gross Profit": 22788000.0,
        "Cost Of Revenue": 107371000.0,
        "Total Revenue": 130159000.0,
        "Operating Revenue": 130159000.0
    },
    "2025-09-30": {
        "Tax Effect Of Unusual Items": 1044885.0,
        "Tax Rate For Calcs": 0.205,
        "Normalized EBITDA": 19425000.0,
        "Total Unusual Items": 5097000.0,
        "Total Unusual Items Excluding Goodwill": 5097000.0,
        "Net Income From Continuing Operation Net Minority Interest": 14239000.0,
        "Reconciled Depreciation": 3594000.0,
        "Reconciled Cost Of Revenue": 108495000.0,
        "EBITDA": 24522000.0,
        "EBIT": 20928000.0,
        "Net Interest Income": -2650000.0,
        "Interest Expense": 2650000.0,
        "Normalized Income": 10186885.0,
        "Net Income From Continuing And Discontinued Operation": 14239000.0,
        "Total Expenses": 119183000.0,
        "Total Operating Income As Reported": 20928000.0,
        "Diluted Average Shares": 47078000.0,
        "Basic Average Shares": 46086944.0,
        "Diluted EPS": 0.3,
        "Basic EPS": 0.30896,
        "Diluted NI Availto Com Stockholders": 14239000.0,
        "Net Income Common Stockholders": 14239000.0,
        "Net Income": 14239000.0,
        "Minority Interests": -285000.0,
        "Net Income Including Noncontrolling Interests": 14524000.0,
        "Net Income Continuous Operations": 14524000.0,
        "Tax Provision": 3754000.0,
        "Pretax Income": 18278000.0,
        "Other Income Expense": 5590000.0,
        "Other Non Operating Income Expenses": 687000.0,
        "Special Income Charges": 5451000.0,
        "Gain On Sale Of Ppe": 146000.0,
        "Other Special Charges": -5305000.0,
        "Write Off": 0.0,
        "Restructuring And Mergern Acquisition": 0.0,
        "Earnings From Equity Interest": -194000.0,
        "Gain On Sale Of Security": -354000.0,
        "Net Non Operating Interest Income Expense": -2650000.0,
        "Interest Expense Non Operating": 2650000.0,
        "Operating Income": 15338000.0,
        "Operating Expense": 10688000.0,
        "Selling General And Administration": 10688000.0,
        "General And Administrative Expense": 10688000.0,
        "Other Gand A": 10688000.0,
        "Salaries And Wages": NaN,
        "Gross Profit": 26026000.0,
        "Cost Of Revenue": 108495000.0,
        "Total Revenue": 134521000.0,
        "Operating Revenue": 134521000.0
    }
}