{
    "2023-03-31": {
        "Tax Effect Of Unusual Items": NaN,
        "Tax Rate For Calcs": NaN,
        "Normalized EBITDA": NaN,
        "Net Income From Continuing Operation Net Minority Interest": NaN,
        "Reconciled Depreciation": NaN,
        "Reconciled Cost Of Revenue": NaN,
        "EBITDA": NaN,
        "EBIT": NaN,
        "Net Interest Income": NaN,
        "Interest Expense": 38775000.0,
        "Normalized Income": NaN,
        "Net Income From Continuing And Discontinued Operation": NaN,
        "Total Expenses": NaN,
        "Total Operating Income As Reported": NaN,
        "Diluted Average Shares": NaN,
        "Basic Average Shares": NaN,
        "Diluted EPS": NaN,
        "Basic EPS": NaN,
        "Diluted NI Availto Com Stockholders": NaN,
        "Net Income Common Stockholders": NaN,
        "Net Income": NaN,
        "Net Income Including Noncontrolling Interests": NaN,
        "Net Income Continuous Operations": NaN,
        "Tax Provision": NaN,
        "Pretax Income": NaN,
        "Net Non Operating Interest Income Expense": NaN,
        "Total Other Finance Cost": NaN,
        "Interest Expense Non Operating": 38775000.0,
        "Operating Income": NaN,
        "Operating Expense": NaN,
        "Research And Development": NaN,
        "Selling General And Administration": NaN,
        "Selling And Marketing Expense": NaN,
        "General And Administrative Expense": NaN,
        "Other Gand A": NaN,
        "Gross Profit": NaN,
        "Cost Of Revenue": NaN,
        "Total Revenue": NaN,
        "Operating Revenue": NaN
    },
    "2022-12-31": {
        "Tax Effect Of Unusual Items": NaN,
        "Tax Rate For Calcs": NaN,
        "Normalized EBITDA": NaN,
        "Net Income From Continuing Operation Net Minority Interest": NaN,
        "Reconciled Depreciation": NaN,
        "Reconciled Cost Of Revenue": NaN,
        "EBITDA": NaN,
        "EBIT": NaN,
        "Net Interest Income": NaN,
        "Interest Expense": NaN,
        "Interest Income": -118685000.0,
        "Normalized Income": NaN,
        "Net Income From Continuing And Discontinued Operation": NaN,
        "Total Expenses": NaN,
        "Total Operating Income As Reported": NaN,
        "Diluted Average Shares": NaN,
        "Basic Average Shares": NaN,
        "Diluted EPS": NaN,
        "Basic EPS": NaN,
        "Diluted NI Availto Com Stockholders": NaN,
        "Net Income Common Stockholders": NaN,
        "Net Income": NaN,
        "Net Income Including Noncontrolling Interests": NaN,
        "Net Income Continuous Operations": NaN,
        "Tax Provision": NaN,
        "Pretax Income": NaN,
        "Net Non Operating Interest Income Expense": NaN,
        "Total Other Finance Cost": NaN,
        "Interest Expense Non Operating": NaN,
        "Interest Income Non Operating": -118685000.0,
        "Operating Income": NaN,
        "Operating Expense": NaN,
        "Research And Development": NaN,
        "Selling General And Administration": NaN,
        "Selling And Marketing Expense": NaN,
        "General And Administrative Expense": NaN,
        "Other Gand A": NaN,
        "Gross Profit": NaN,
        "Cost Of Revenue": NaN,
        "Total Revenue": NaN,
        "Operating Revenue": NaN
    },
    "2022-09-30": {
        "Tax Effect Of Unusual Items": NaN,
        "Tax Rate For Calcs": NaN,
        "Normalized EBITDA": NaN,
        "Net Income From Continuing Operation Net Minority Interest": NaN,
        "Reconciled Depreciation": NaN,
        "Reconciled Cost Of Revenue": NaN,
        "EBITDA": NaN,
        "EBIT": NaN,
        "Net Interest Income": NaN,
        "Interest Expense": NaN,
        "Interest Income": 25422000.0,
        "Normalized Income": NaN,
        "Net Income From Continuing And Discontinued Operation": NaN,
        "Total Expenses": NaN,
        "Total Operating Income As Reported": NaN,
        "Diluted Average Shares": NaN,
        "Basic Average Shares": NaN,
        "Diluted EPS": NaN,
        "Basic EPS": NaN,
        "Diluted NI Availto Com Stockholders": NaN,
        "Net Income Common Stockholders": NaN,
        "Net Income": NaN,
        "Net Income Including Noncontrolling Interests": NaN,
        "Net Income Continuous Operations": NaN,
        "Tax Provision": NaN,
        "Pretax Income": NaN,
        "Net Non Operating Interest Income Expense": NaN,
        "Total Other Finance Cost": -25422000.0,
        "Interest Expense Non Operating": NaN,
        "Interest Income Non Operating": 25422000.0,
        "Operating Income": NaN,
        "Operating Expense": NaN,
        "Research And Development": NaN,
        "Selling General And Administration": NaN,
        "Selling And Marketing Expense": NaN,
        "General And Administrative Expense": NaN,
        "Other Gand A": NaN,
        "Gross Profit": NaN,
        "Cost Of Revenue": NaN,
        "Total Revenue": NaN,
        "Operating Revenue": NaN
    },
    "2022-06-30": {
        "Tax Effect Of Unusual Items": 0.0,
        "Tax Rate For Calcs": 0.4,
        "Normalized EBITDA": -3342000.0,
        "Net Income From Continuing Operation Net Minority Interest": 33197000.0,
        "Reconciled Depreciation": 2257000.0,
        "Reconciled Cost Of Revenue": 13098000.0,
        "EBITDA": -3342000.0,
        "EBIT": -5599000.0,
        "Net Interest Income": 38466000.0,
        "Interest Expense": NaN,
        "Interest Income": -55957000.0,
        "Normalized Income": 33197000.0,
        "Net Income From Continuing And Discontinued Operation": 33197000.0,
        "Total Expenses": 68172000.0,
        "Total Operating Income As Reported": -5599000.0,
        "Diluted Average Shares": 192133157.0,
        "Basic Average Shares": 181907435.0,
        "Diluted EPS": 0.17,
        "Basic EPS": 0.18,
        "Diluted NI Availto Com Stockholders": 29692000.0,
        "Net Income Common Stockholders": 29692000.0,
        "Net Income": 33197000.0,
        "Net Income Including Noncontrolling Interests": 33197000.0,
        "Net Income Continuous Operations": 33197000.0,
        "Tax Provision": -330000.0,
        "Pretax Income": 32867000.0,
        "Net Non Operating Interest Income Expense": 38466000.0,
        "Total Other Finance Cost": NaN,
        "Interest Expense Non Operating": NaN,
        "Interest Income Non Operating": -55957000.0,
        "Operating Income": -5599000.0,
        "Operating Expense": 55074000.0,
        "Research And Development": 19675000.0,
        "Selling General And Administration": 35399000.0,
        "Selling And Marketing Expense": 24892000.0,
        "General And Administrative Expense": 10507000.0,
        "Other Gand A": 10507000.0,
        "Gross Profit": 49475000.0,
        "Cost Of Revenue": 13098000.0,
        "Total Revenue": 62573000.0,
        "Operating Revenue": 62573000.0
    },
    "2022-03-31": {
        "Diluted EPS": 0.27,
        "Total Revenue": 62,
        "Gross Profit": 51,
        "Operating Income": -2,
        "EBIT": 0,
        "Net Income": 55
    },
    "2021-12-31": {
        "Diluted EPS": 0.37,
        "Total Revenue": 68,
        "Gross Profit": 56,
        "Operating Income": 4,
        "EBIT": 6,
        "Net Income": 51
    },
    "2021-09-30": {
        "Diluted EPS": 0.05,
        "Total Revenue": 66,
        "Gross Profit": 54,
        "Operating Income": -3,
        "EBIT": -1,
        "Net Income": 8
    },
    "2021-06-30": {
        "Diluted EPS": 0.02,
        "Total Revenue": 59,
        "Gross Profit": 49,
        "Operating Income": 8,
        "EBIT": 10,
        "Net Income": 8
    },
    "2021-03-31": {
        "Diluted EPS": -0.0,
        "Total Revenue": 53,
        "Gross Profit": 45,
        "Operating Income": 4,
        "EBIT": 6,
        "Net Income": 4
    },
    "2020-12-31": {
        "Diluted EPS": 0.0,
        "Total Revenue": NaN,
        "Gross Profit": NaN,
        "Operating Income": NaN,
        "EBIT": NaN,
        "Net Income": NaN
    },
    "2020-09-30": {
        "Diluted EPS": 0.03,
        "Total Revenue": 53,
        "Gross Profit": 44,
        "Operating Income": 9,
        "EBIT": 9,
        "Net Income": 8
    },
    "2019-12-31": {
        "Diluted EPS": 0.0,
        "Total Revenue": NaN,
        "Gross Profit": NaN,
        "Operating Income": NaN,
        "EBIT": NaN,
        "Net Income": NaN
    },
    "2023-06-30": {
        "Tax Effect Of Unusual Items": NaN,
        "Tax Rate For Calcs": NaN,
        "Normalized EBITDA": NaN,
        "Net Income From Continuing Operation Net Minority Interest": NaN,
        "Reconciled Depreciation": NaN,
        "Reconciled Cost Of Revenue": NaN,
        "EBITDA": NaN,
        "EBIT": NaN,
        "Net Interest Income": NaN,
        "Interest Expense": -38695000.0,
        "Normalized Income": NaN,
        "Net Income From Continuing And Discontinued Operation": NaN,
        "Total Expenses": NaN,
        "Total Operating Income As Reported": NaN,
        "Diluted Average Shares": NaN,
        "Basic Average Shares": NaN,
        "Diluted EPS": NaN,
        "Basic EPS": NaN,
        "Diluted NI Availto Com Stockholders": NaN,
        "Net Income Common Stockholders": NaN,
        "Net Income": NaN,
        "Net Income Including Noncontrolling Interests": NaN,
        "Net Income Continuous Operations": NaN,
        "Tax Provision": NaN,
        "Pretax Income": NaN,
        "Net Non Operating Interest Income Expense": NaN,
        "Total Other Finance Cost": 36051000.0,
        "Interest Expense Non Operating": -38695000.0,
        "Operating Income": NaN,
        "Operating Expense": NaN,
        "Research And Development": NaN,
        "Selling General And Administration": NaN,
        "Selling And Marketing Expense": NaN,
        "General And Administrative Expense": NaN,
        "Other Gand A": NaN,
        "Gross Profit": NaN,
        "Cost Of Revenue": NaN,
        "Total Revenue": NaN,
        "Operating Revenue": NaN
    },
    "2023-09-30": {
        "Tax Effect Of Unusual Items": NaN,
        "Tax Rate For Calcs": NaN,
        "Normalized EBITDA": NaN,
        "Net Income From Continuing Operation Net Minority Interest": NaN,
        "Reconciled Depreciation": NaN,
        "Reconciled Cost Of Revenue": NaN,
        "EBITDA": NaN,
        "EBIT": NaN,
        "Net Interest Income": NaN,
        "Interest Expense": NaN,
        "Normalized Income": NaN,
        "Net Income From Continuing And Discontinued Operation": NaN,
        "Total Expenses": NaN,
        "Total Operating Income As Reported": NaN,
        "Diluted Average Shares": 204394330.0,
        "Basic Average Shares": 191567601.0,
        "Diluted EPS": 0.03,
        "Basic EPS": 0.03,
        "Diluted NI Availto Com Stockholders": NaN,
        "Net Income Common Stockholders": NaN,
        "Net Income": NaN,
        "Net Income Including Noncontrolling Interests": NaN,
        "Net Income Continuous Operations": NaN,
        "Tax Provision": NaN,
        "Pretax Income": NaN,
        "Net Non Operating Interest Income Expense": NaN,
        "Total Other Finance Cost": 6630000.0,
        "Interest Expense Non Operating": NaN,
        "Operating Income": NaN,
        "Operating Expense": NaN,
        "Research And Development": NaN,
        "Selling General And Administration": NaN,
        "Selling And Marketing Expense": NaN,
        "General And Administrative Expense": NaN,
        "Other Gand A": NaN,
        "Gross Profit": NaN,
        "Cost Of Revenue": NaN,
        "Total Revenue": NaN,
        "Operating Revenue": NaN
    },
    "2023-12-31": {
        "Tax Effect Of Unusual Items": NaN,
        "Tax Rate For Calcs": NaN,
        "Normalized EBITDA": NaN,
        "Net Income From Continuing Operation Net Minority Interest": NaN,
        "Reconciled Depreciation": NaN,
        "Reconciled Cost Of Revenue": NaN,
        "EBITDA": NaN,
        "EBIT": NaN,
        "Net Interest Income": NaN,
        "Interest Expense": NaN,
        "Normalized Income": NaN,
        "Net Income From Continuing And Discontinued Operation": NaN,
        "Total Expenses": NaN,
        "Total Operating Income As Reported": NaN,
        "Diluted Average Shares": 194440674.0,
        "Basic Average Shares": 194440674.0,
        "Diluted EPS": -0.08,
        "Basic EPS": -0.08,
        "Diluted NI Availto Com Stockholders": NaN,
        "Net Income Common Stockholders": NaN,
        "Net Income": NaN,
        "Net Income Including Noncontrolling Interests": NaN,
        "Net Income Continuous Operations": NaN,
        "Tax Provision": NaN,
        "Pretax Income": NaN,
        "Net Non Operating Interest Income Expense": NaN,
        "Total Other Finance Cost": 36297000.0,
        "Interest Expense Non Operating": NaN,
        "Operating Income": NaN,
        "Operating Expense": NaN,
        "Research And Development": NaN,
        "Selling General And Administration": NaN,
        "Selling And Marketing Expense": NaN,
        "General And Administrative Expense": NaN,
        "Other Gand A": NaN,
        "Gross Profit": NaN,
        "Cost Of Revenue": NaN,
        "Total Revenue": NaN,
        "Operating Revenue": NaN
    },
    "2024-03-31": {
        "Tax Effect Of Unusual Items": NaN,
        "Tax Rate For Calcs": NaN,
        "Normalized EBITDA": NaN,
        "Net Income From Continuing Operation Net Minority Interest": NaN,
        "Reconciled Depreciation": NaN,
        "Reconciled Cost Of Revenue": NaN,
        "EBITDA": NaN,
        "EBIT": NaN,
        "Net Interest Income": NaN,
        "Interest Expense": 78576000.0,
        "Normalized Income": NaN,
        "Net Income From Continuing And Discontinued Operation": NaN,
        "Total Expenses": NaN,
        "Total Operating Income As Reported": NaN,
        "Diluted Average Shares": NaN,
        "Basic Average Shares": NaN,
        "Diluted EPS": NaN,
        "Basic EPS": NaN,
        "Diluted NI Availto Com Stockholders": NaN,
        "Net Income Common Stockholders": NaN,
        "Net Income": NaN,
        "Net Income Including Noncontrolling Interests": NaN,
        "Net Income Continuous Operations": NaN,
        "Tax Provision": NaN,
        "Pretax Income": NaN,
        "Net Non Operating Interest Income Expense": NaN,
        "Total Other Finance Cost": NaN,
        "Interest Expense Non Operating": 78576000.0,
        "Operating Income": NaN,
        "Operating Expense": NaN,
        "Research And Development": NaN,
        "Selling General And Administration": NaN,
        "Selling And Marketing Expense": NaN,
        "General And Administrative Expense": NaN,
        "Other Gand A": NaN,
        "Gross Profit": NaN,
        "Cost Of Revenue": NaN,
        "Total Revenue": NaN,
        "Operating Revenue": NaN
    },
    "2024-06-30": {
        "Tax Effect Of Unusual Items": 0.0,
        "Tax Rate For Calcs": 0.23,
        "Normalized EBITDA": 15063000.0,
        "Net Income From Continuing Operation Net Minority Interest": -23811000.0,
        "Reconciled Depreciation": 2576000.0,
        "Reconciled Cost Of Revenue": 16261000.0,
        "EBITDA": 15063000.0,
        "EBIT": 12487000.0,
        "Net Interest Income": -34502000.0,
        "Interest Expense": -78555000.0,
        "Normalized Income": -23811000.0,
        "Net Income From Continuing And Discontinued Operation": -23811000.0,
        "Total Expenses": 83227000.0,
        "Total Operating Income As Reported": 12487000.0,
        "Diluted Average Shares": 198949594.0,
        "Basic Average Shares": 198949594.0,
        "Diluted EPS": -0.12,
        "Basic EPS": -0.12,
        "Diluted NI Availto Com Stockholders": -23811000.0,
        "Net Income Common Stockholders": -23811000.0,
        "Net Income": -23811000.0,
        "Net Income Including Noncontrolling Interests": -23811000.0,
        "Net Income Continuous Operations": -23811000.0,
        "Tax Provision": 1796000.0,
        "Pretax Income": -22015000.0,
        "Net Non Operating Interest Income Expense": -34502000.0,
        "Total Other Finance Cost": 34502000.0,
        "Interest Expense Non Operating": -78555000.0,
        "Operating Income": 12487000.0,
        "Operating Expense": 66966000.0,
        "Research And Development": 23693000.0,
        "Selling General And Administration": 43273000.0,
        "Selling And Marketing Expense": 32320000.0,
        "General And Administrative Expense": 10953000.0,
        "Other Gand A": 10953000.0,
        "Gross Profit": 79453000.0,
        "Cost Of Revenue": 16261000.0,
        "Total Revenue": 95714000.0,
        "Operating Revenue": 95714000.0
    },
    "2024-09-30": {
        "Tax Effect Of Unusual Items": 0.0,
        "Tax Rate For Calcs": 0.23,
        "Normalized EBITDA": 22067000.0,
        "Net Income From Continuing Operation Net Minority Interest": -207093000.0,
        "Reconciled Depreciation": 2622000.0,
        "Reconciled Cost Of Revenue": 15444000.0,
        "EBITDA": 22067000.0,
        "EBIT": 19445000.0,
        "Net Interest Income": -223982000.0,
        "Interest Expense": NaN,
        "Normalized Income": -207093000.0,
        "Net Income From Continuing And Discontinued Operation": -207093000.0,
        "Total Expenses": 87413000.0,
        "Total Operating Income As Reported": 19445000.0,
        "Diluted Average Shares": 208705089.0,
        "Basic Average Shares": 208705089.0,
        "Diluted EPS": -0.99,
        "Basic EPS": -0.99,
        "Diluted NI Availto Com Stockholders": -207093000.0,
        "Net Income Common Stockholders": -207093000.0,
        "Net Income": -207093000.0,
        "Net Income Including Noncontrolling Interests": -207093000.0,
        "Net Income Continuous Operations": -207093000.0,
        "Tax Provision": 2556000.0,
        "Pretax Income": -204537000.0,
        "Net Non Operating Interest Income Expense": -223982000.0,
        "Total Other Finance Cost": 223982000.0,
        "Interest Expense Non Operating": NaN,
        "Operating Income": 19445000.0,
        "Operating Expense": 71969000.0,
        "Research And Development": 25926000.0,
        "Selling General And Administration": 46043000.0,
        "Selling And Marketing Expense": 32486000.0,
        "General And Administrative Expense": 13557000.0,
        "Other Gand A": 13557000.0,
        "Gross Profit": 91414000.0,
        "Cost Of Revenue": 15444000.0,
        "Total Revenue": 106858000.0,
        "Operating Revenue": 106858000.0
    },
    "2024-12-31": {
        "Tax Effect Of Unusual Items": 0.0,
        "Tax Rate For Calcs": 0.031563,
        "Normalized EBITDA": -314405000.0,
        "Net Income From Continuing Operation Net Minority Interest": 19269000.0,
        "Reconciled Depreciation": 2729000.0,
        "Reconciled Cost Of Revenue": 17624000.0,
        "EBITDA": -314405000.0,
        "EBIT": -317134000.0,
        "Net Interest Income": 5519000.0,
        "Interest Expense": NaN,
        "Normalized Income": 19269000.0,
        "Net Income From Continuing And Discontinued Operation": 19269000.0,
        "Total Expenses": 93322000.0,
        "Total Operating Income As Reported": 15727000.0,
        "Diluted Average Shares": 247353640.0,
        "Basic Average Shares": 233248045.0,
        "Diluted EPS": 0.08,
        "Basic EPS": 0.08,
        "Diluted NI Availto Com Stockholders": 19269000.0,
        "Net Income Common Stockholders": 19269000.0,
        "Net Income": 19269000.0,
        "Net Income Including Noncontrolling Interests": 19269000.0,
        "Net Income Continuous Operations": 19269000.0,
        "Tax Provision": 628000.0,
        "Pretax Income": 19897000.0,
        "Net Non Operating Interest Income Expense": 5519000.0,
        "Total Other Finance Cost": 12671000.0,
        "Interest Expense Non Operating": NaN,
        "Operating Income": 15727000.0,
        "Operating Expense": 75698000.0,
        "Research And Development": 25599000.0,
        "Selling General And Administration": 50099000.0,
        "Selling And Marketing Expense": 35524000.0,
        "General And Administrative Expense": 14575000.0,
        "Other Gand A": 14575000.0,
        "Gross Profit": 91425000.0,
        "Cost Of Revenue": 17624000.0,
        "Total Revenue": 109049000.0,
        "Operating Revenue": 109049000.0
    },
    "2025-03-31": {
        "Tax Effect Of Unusual Items": 0.0,
        "Tax Rate For Calcs": 0.099752,
        "Normalized EBITDA": 14899000.0,
        "Net Income From Continuing Operation Net Minority Interest": 17400000.0,
        "Reconciled Depreciation": 2631000.0,
        "Reconciled Cost Of Revenue": 17490000.0,
        "EBITDA": 14899000.0,
        "EBIT": 12268000.0,
        "Net Interest Income": 7060000.0,
        "Interest Expense": NaN,
        "Normalized Income": 17400000.0,
        "Net Income From Continuing And Discontinued Operation": 17400000.0,
        "Total Expenses": 95281000.0,
        "Total Operating Income As Reported": 12268000.0,
        "Diluted Average Shares": 249302220.0,
        "Basic Average Shares": 237246654.0,
        "Diluted EPS": 0.07,
        "Basic EPS": 0.07,
        "Diluted NI Availto Com Stockholders": 17400000.0,
        "Net Income Common Stockholders": 17400000.0,
        "Net Income": 17400000.0,
        "Net Income Including Noncontrolling Interests": 17400000.0,
        "Net Income Continuous Operations": 17400000.0,
        "Tax Provision": 1928000.0,
        "Pretax Income": 19328000.0,
        "Net Non Operating Interest Income Expense": 7060000.0,
        "Total Other Finance Cost": -7060000.0,
        "Interest Expense Non Operating": NaN,
        "Operating Income": 12268000.0,
        "Operating Expense": 77791000.0,
        "Research And Development": 27277000.0,
        "Selling General And Administration": 50514000.0,
        "Selling And Marketing Expense": 38768000.0,
        "General And Administrative Expense": 11746000.0,
        "Other Gand A": 11746000.0,
        "Gross Profit": 90059000.0,
        "Cost Of Revenue": 17490000.0,
        "Total Revenue": 107549000.0,
        "Operating Revenue": 107549000.0
    },
    "2025-06-30": {
        "Tax Effect Of Unusual Items": 0.0,
        "Tax Rate For Calcs": 0.063249,
        "Normalized EBITDA": 30523000.0,
        "Net Income From Continuing Operation Net Minority Interest": 19476000.0,
        "Reconciled Depreciation": 2592000.0,
        "Reconciled Cost Of Revenue": 17677000.0,
        "EBITDA": 30523000.0,
        "EBIT": 27931000.0,
        "Net Interest Income": 5107000.0,
        "Interest Expense": NaN,
        "Normalized Income": 19476000.0,
        "Net Income From Continuing And Discontinued Operation": 19476000.0,
        "Total Expenses": 98859000.0,
        "Total Operating Income As Reported": 14417000.0,
        "Diluted Average Shares": 248980462.0,
        "Basic Average Shares": 240358573.0,
        "Diluted EPS": 0.08,
        "Basic EPS": 0.08,
        "Diluted NI Availto Com Stockholders": 19248000.0,
        "Net Income Common Stockholders": 19248000.0,
        "Net Income": 19476000.0,
        "Net Income Including Noncontrolling Interests": 19476000.0,
        "Net Income Continuous Operations": 19476000.0,
        "Tax Provision": 1315000.0,
        "Pretax Income": 20791000.0,
        "Net Non Operating Interest Income Expense": 5107000.0,
        "Total Other Finance Cost": 6009000.0,
        "Interest Expense Non Operating": NaN,
        "Operating Income": 14417000.0,
        "Operating Expense": 81182000.0,
        "Research And Development": 28611000.0,
        "Selling General And Administration": 52571000.0,
        "Selling And Marketing Expense": 38685000.0,
        "General And Administrative Expense": 13886000.0,
        "Other Gand A": 13886000.0,
        "Gross Profit": 95599000.0,
        "Cost Of Revenue": 17677000.0,
        "Total Revenue": 113276000.0,
        "Operating Revenue": 113276000.0
    }
}