{
    "2023-06-30": {
        "Tax Effect Of Unusual Items": NaN,
        "Tax Rate For Calcs": NaN,
        "Normalized EBITDA": NaN,
        "Total Unusual Items": NaN,
        "Total Unusual Items Excluding Goodwill": NaN,
        "Net Income From Continuing Operation Net Minority Interest": NaN,
        "Reconciled Depreciation": NaN,
        "Reconciled Cost Of Revenue": NaN,
        "EBITDA": NaN,
        "EBIT": NaN,
        "Net Interest Income": NaN,
        "Interest Expense": NaN,
        "Normalized Income": NaN,
        "Net Income From Continuing And Discontinued Operation": NaN,
        "Total Expenses": NaN,
        "Total Operating Income As Reported": NaN,
        "Diluted Average Shares": NaN,
        "Basic Average Shares": NaN,
        "Diluted EPS": NaN,
        "Basic EPS": NaN,
        "Diluted NI Availto Com Stockholders": NaN,
        "Net Income Common Stockholders": NaN,
        "Net Income": NaN,
        "Minority Interests": NaN,
        "Net Income Including Noncontrolling Interests": NaN,
        "Net Income Discontinuous Operations": NaN,
        "Net Income Continuous Operations": NaN,
        "Tax Provision": NaN,
        "Pretax Income": NaN,
        "Other Income Expense": NaN,
        "Other Non Operating Income Expenses": NaN,
        "Special Income Charges": NaN,
        "Other Special Charges": NaN,
        "Write Off": 0.0,
        "Restructuring And Mergern Acquisition": 0.0,
        "Gain On Sale Of Security": NaN,
        "Net Non Operating Interest Income Expense": NaN,
        "Interest Expense Non Operating": NaN,
        "Operating Income": NaN,
        "Operating Expense": NaN,
        "Other Operating Expenses": 12000000.0,
        "Selling General And Administration": NaN,
        "Gross Profit": NaN,
        "Cost Of Revenue": NaN,
        "Total Revenue": NaN,
        "Operating Revenue": NaN
    },
    "2023-03-31": {
        "Tax Effect Of Unusual Items": NaN,
        "Tax Rate For Calcs": NaN,
        "Normalized EBITDA": NaN,
        "Total Unusual Items": NaN,
        "Total Unusual Items Excluding Goodwill": NaN,
        "Net Income From Continuing Operation Net Minority Interest": NaN,
        "Reconciled Depreciation": NaN,
        "Reconciled Cost Of Revenue": NaN,
        "EBITDA": NaN,
        "EBIT": NaN,
        "Net Interest Income": NaN,
        "Interest Expense": NaN,
        "Normalized Income": NaN,
        "Net Income From Continuing And Discontinued Operation": NaN,
        "Total Expenses": NaN,
        "Total Operating Income As Reported": NaN,
        "Diluted Average Shares": NaN,
        "Basic Average Shares": NaN,
        "Diluted EPS": NaN,
        "Basic EPS": NaN,
        "Diluted NI Availto Com Stockholders": NaN,
        "Net Income Common Stockholders": NaN,
        "Net Income": NaN,
        "Minority Interests": NaN,
        "Net Income Including Noncontrolling Interests": NaN,
        "Net Income Discontinuous Operations": NaN,
        "Net Income Continuous Operations": NaN,
        "Tax Provision": NaN,
        "Pretax Income": NaN,
        "Other Income Expense": NaN,
        "Other Non Operating Income Expenses": NaN,
        "Special Income Charges": NaN,
        "Other Special Charges": NaN,
        "Write Off": 0.0,
        "Restructuring And Mergern Acquisition": 0.0,
        "Gain On Sale Of Security": NaN,
        "Net Non Operating Interest Income Expense": NaN,
        "Interest Expense Non Operating": NaN,
        "Operating Income": NaN,
        "Operating Expense": NaN,
        "Other Operating Expenses": NaN,
        "Selling General And Administration": NaN,
        "Gross Profit": NaN,
        "Cost Of Revenue": NaN,
        "Total Revenue": NaN,
        "Operating Revenue": NaN
    },
    "2022-12-31": {
        "Tax Effect Of Unusual Items": NaN,
        "Tax Rate For Calcs": NaN,
        "Normalized EBITDA": NaN,
        "Total Unusual Items": NaN,
        "Total Unusual Items Excluding Goodwill": NaN,
        "Net Income From Continuing Operation Net Minority Interest": NaN,
        "Reconciled Depreciation": NaN,
        "Reconciled Cost Of Revenue": NaN,
        "EBITDA": NaN,
        "EBIT": NaN,
        "Net Interest Income": NaN,
        "Interest Expense": NaN,
        "Normalized Income": NaN,
        "Net Income From Continuing And Discontinued Operation": NaN,
        "Total Expenses": NaN,
        "Total Operating Income As Reported": NaN,
        "Diluted Average Shares": NaN,
        "Basic Average Shares": NaN,
        "Diluted EPS": NaN,
        "Basic EPS": NaN,
        "Diluted NI Availto Com Stockholders": NaN,
        "Net Income Common Stockholders": NaN,
        "Net Income": NaN,
        "Minority Interests": NaN,
        "Net Income Including Noncontrolling Interests": NaN,
        "Net Income Discontinuous Operations": NaN,
        "Net Income Continuous Operations": NaN,
        "Tax Provision": NaN,
        "Pretax Income": NaN,
        "Other Income Expense": NaN,
        "Other Non Operating Income Expenses": NaN,
        "Special Income Charges": NaN,
        "Other Special Charges": -1000000.0,
        "Write Off": NaN,
        "Restructuring And Mergern Acquisition": NaN,
        "Net Non Operating Interest Income Expense": NaN,
        "Interest Expense Non Operating": NaN,
        "Operating Income": NaN,
        "Operating Expense": NaN,
        "Other Operating Expenses": NaN,
        "Selling General And Administration": NaN,
        "Gross Profit": NaN,
        "Cost Of Revenue": NaN,
        "Total Revenue": NaN,
        "Operating Revenue": NaN
    },
    "2022-09-30": {
        "Tax Effect Of Unusual Items": NaN,
        "Tax Rate For Calcs": NaN,
        "Normalized EBITDA": NaN,
        "Total Unusual Items": NaN,
        "Total Unusual Items Excluding Goodwill": NaN,
        "Net Income From Continuing Operation Net Minority Interest": NaN,
        "Reconciled Depreciation": NaN,
        "Reconciled Cost Of Revenue": NaN,
        "EBITDA": NaN,
        "EBIT": NaN,
        "Net Interest Income": NaN,
        "Interest Expense": NaN,
        "Normalized Income": NaN,
        "Net Income From Continuing And Discontinued Operation": NaN,
        "Total Expenses": NaN,
        "Total Operating Income As Reported": NaN,
        "Diluted Average Shares": NaN,
        "Basic Average Shares": NaN,
        "Diluted EPS": NaN,
        "Basic EPS": NaN,
        "Diluted NI Availto Com Stockholders": NaN,
        "Net Income Common Stockholders": NaN,
        "Net Income": NaN,
        "Minority Interests": NaN,
        "Net Income Including Noncontrolling Interests": NaN,
        "Net Income Discontinuous Operations": NaN,
        "Net Income Continuous Operations": NaN,
        "Tax Provision": NaN,
        "Pretax Income": NaN,
        "Other Income Expense": NaN,
        "Other Non Operating Income Expenses": NaN,
        "Special Income Charges": NaN,
        "Other Special Charges": -4000000.0,
        "Write Off": NaN,
        "Restructuring And Mergern Acquisition": NaN,
        "Net Non Operating Interest Income Expense": NaN,
        "Interest Expense Non Operating": NaN,
        "Operating Income": NaN,
        "Operating Expense": NaN,
        "Other Operating Expenses": NaN,
        "Selling General And Administration": NaN,
        "Gross Profit": NaN,
        "Cost Of Revenue": NaN,
        "Total Revenue": NaN,
        "Operating Revenue": NaN
    },
    "2022-06-30": {
        "Tax Effect Of Unusual Items": -13688243.064729,
        "Tax Rate For Calcs": 0.207398,
        "Normalized EBITDA": 1137000000.0,
        "Total Unusual Items": -66000000.0,
        "Total Unusual Items Excluding Goodwill": -66000000.0,
        "Net Income From Continuing Operation Net Minority Interest": 595000000.0,
        "Reconciled Depreciation": 250000000.0,
        "Reconciled Cost Of Revenue": 5356000000.0,
        "EBITDA": 1071000000.0,
        "EBIT": 821000000.0,
        "Net Interest Income": -64000000.0,
        "Interest Expense": 64000000.0,
        "Normalized Income": 647311756.935271,
        "Net Income From Continuing And Discontinued Operation": 596000000.0,
        "Total Expenses": 5497000000.0,
        "Total Operating Income As Reported": 840000000.0,
        "Diluted Average Shares": 526000000.0,
        "Basic Average Shares": 523000000.0,
        "Diluted EPS": 1.13,
        "Basic EPS": 1.14,
        "Diluted NI Availto Com Stockholders": 596000000.0,
        "Net Income Common Stockholders": 596000000.0,
        "Net Income": 596000000.0,
        "Minority Interests": -5000000.0,
        "Net Income Including Noncontrolling Interests": 601000000.0,
        "Net Income Discontinuous Operations": 1000000.0,
        "Net Income Continuous Operations": 600000000.0,
        "Tax Provision": 157000000.0,
        "Pretax Income": 757000000.0,
        "Other Income Expense": -19000000.0,
        "Other Non Operating Income Expenses": 47000000.0,
        "Special Income Charges": -66000000.0,
        "Other Special Charges": 66000000.0,
        "Restructuring And Mergern Acquisition": NaN,
        "Net Non Operating Interest Income Expense": -64000000.0,
        "Interest Expense Non Operating": 64000000.0,
        "Operating Income": 840000000.0,
        "Operating Expense": 141000000.0,
        "Other Operating Expenses": 34000000.0,
        "Selling General And Administration": 107000000.0,
        "Gross Profit": 981000000.0,
        "Cost Of Revenue": 5356000000.0,
        "Total Revenue": 6337000000.0,
        "Operating Revenue": 6337000000.0
    },
    "2022-03-31": {
        "Diluted EPS": 1.5,
        "Total Revenue": NaN,
        "Gross Profit": NaN,
        "Operating Income": NaN,
        "EBIT": NaN,
        "Net Income": 801
    },
    "2021-12-31": {
        "Diluted EPS": 1.63,
        "Total Revenue": NaN,
        "Gross Profit": NaN,
        "Operating Income": NaN,
        "EBIT": NaN,
        "Net Income": 893
    },
    "2021-09-30": {
        "Diluted EPS": 2.33,
        "Total Revenue": NaN,
        "Gross Profit": NaN,
        "Operating Income": NaN,
        "EBIT": NaN,
        "Net Income": NaN
    },
    "2021-06-30": {
        "Diluted EPS": 1.33,
        "Total Revenue": NaN,
        "Gross Profit": NaN,
        "Operating Income": NaN,
        "EBIT": NaN,
        "Net Income": 780
    },
    "2021-03-31": {
        "Diluted EPS": 0.07,
        "Total Revenue": NaN,
        "Gross Profit": 288,
        "Operating Income": 177,
        "EBIT": 475,
        "Net Income": 41
    },
    "2020-12-31": {
        "Diluted EPS": 0.19,
        "Total Revenue": NaN,
        "Gross Profit": 243,
        "Operating Income": 107,
        "EBIT": 253,
        "Net Income": 64
    },
    "2020-09-30": {
        "Diluted EPS": -0.02,
        "Total Revenue": NaN,
        "Gross Profit": 121,
        "Operating Income": 38,
        "EBIT": 125,
        "Net Income": -10
    },
    "2020-06-30": {
        "Diluted EPS": -0.31,
        "Total Revenue": NaN,
        "Gross Profit": -115,
        "Operating Income": -208,
        "EBIT": -95,
        "Net Income": -124
    },
    "2020-03-31": {
        "Diluted EPS": -0.18,
        "Total Revenue": 359,
        "Gross Profit": 3,
        "Operating Income": -79,
        "EBIT": -21,
        "Net Income": -52
    },
    "2019-12-31": {
        "Diluted EPS": 0.21,
        "Total Revenue": 534,
        "Gross Profit": 127,
        "Operating Income": 81,
        "EBIT": 103,
        "Net Income": 63
    },
    "2019-09-30": {
        "Diluted EPS": 0.33,
        "Total Revenue": 556,
        "Gross Profit": 155,
        "Operating Income": 122,
        "EBIT": 144,
        "Net Income": 91
    },
    "2019-06-30": {
        "Diluted EPS": 0.57,
        "Total Revenue": 743,
        "Gross Profit": 263,
        "Operating Income": 227,
        "EBIT": 248,
        "Net Income": 161
    },
    "2019-03-31": {
        "Diluted EPS": -0.08,
        "Total Revenue": 157,
        "Gross Profit": 31,
        "Operating Income": -1,
        "EBIT": 19,
        "Net Income": -22
    },
    "2018-12-31": {
        "Diluted EPS": 2.04,
        "Total Revenue": 696,
        "Gross Profit": 201,
        "Operating Income": 163,
        "EBIT": 183,
        "Net Income": 609
    },
    "2018-09-30": {
        "Diluted EPS": 1.41,
        "Total Revenue": 742,
        "Gross Profit": 262,
        "Operating Income": 226,
        "EBIT": 245,
        "Net Income": 438
    },
    "2018-06-30": {
        "Diluted EPS": 0.55,
        "Total Revenue": 714,
        "Gross Profit": 285,
        "Operating Income": 254,
        "EBIT": 280,
        "Net Income": 165
    },
    "2018-03-31": {
        "Diluted EPS": -0.29,
        "Total Revenue": 180,
        "Gross Profit": 62,
        "Operating Income": 30,
        "EBIT": 54,
        "Net Income": -84
    },
    "2017-12-31": {
        "Diluted EPS": 1.09,
        "Total Revenue": 336,
        "Gross Profit": 69,
        "Operating Income": 66,
        "EBIT": 88,
        "Net Income": 310
    },
    "2017-09-30": {
        "Diluted EPS": 0.18,
        "Total Revenue": 597,
        "Gross Profit": 158,
        "Operating Income": 129,
        "EBIT": 150,
        "Net Income": 53
    },
    "2017-06-30": {
        "Diluted EPS": 0.1,
        "Total Revenue": 471,
        "Gross Profit": 145,
        "Operating Income": 115,
        "EBIT": 137,
        "Net Income": 32
    },
    "2017-03-31": {
        "Diluted EPS": -0.11,
        "Total Revenue": 462,
        "Gross Profit": 96,
        "Operating Income": 80,
        "EBIT": 103,
        "Net Income": -28
    },
    "2016-12-31": {
        "Diluted EPS": 0.3,
        "Total Revenue": 200,
        "Gross Profit": 72,
        "Operating Income": 22,
        "EBIT": 48,
        "Net Income": 79
    },
    "2016-09-30": {
        "Diluted EPS": -0.12,
        "Total Revenue": 553,
        "Gross Profit": 85,
        "Operating Income": 35,
        "EBIT": 62,
        "Net Income": -26
    },
    "2016-06-30": {
        "Diluted EPS": 0.07,
        "Total Revenue": 496,
        "Gross Profit": 92,
        "Operating Income": 75,
        "EBIT": 102,
        "Net Income": 13
    },
    "2016-03-31": {
        "Diluted EPS": 0.62,
        "Total Revenue": 306,
        "Gross Profit": 31,
        "Operating Income": 0,
        "EBIT": 35,
        "Net Income": 108
    },
    "2015-12-31": {
        "Diluted EPS": -1.16,
        "Total Revenue": 476,
        "Gross Profit": 43,
        "Operating Income": 25,
        "EBIT": 59,
        "Net Income": -60
    },
    "2015-09-30": {
        "Diluted EPS": -0.1,
        "Total Revenue": 593,
        "Gross Profit": 55,
        "Operating Income": 29,
        "EBIT": 65,
        "Net Income": -15
    },
    "2015-06-30": {
        "Diluted EPS": 0.39,
        "Total Revenue": 498,
        "Gross Profit": 57,
        "Operating Income": 26,
        "EBIT": -720,
        "Net Income": 60
    },
    "2015-03-31": {
        "Diluted EPS": -4.26,
        "Total Revenue": 446,
        "Gross Profit": 81,
        "Operating Income": 72,
        "EBIT": 958,
        "Net Income": -773
    },
    "2014-12-31": {
        "Diluted EPS": -8.47,
        "Total Revenue": NaN,
        "Gross Profit": 256,
        "Operating Income": -6,
        "EBIT": NaN,
        "Net Income": NaN
    },
    "2014-09-30": {
        "Diluted EPS": -38.49,
        "Total Revenue": 980,
        "Gross Profit": 256,
        "Operating Income": -143,
        "EBIT": NaN,
        "Net Income": NaN
    },
    "2014-06-30": {
        "Diluted EPS": -0.02,
        "Total Revenue": 748,
        "Gross Profit": 184,
        "Operating Income": 139,
        "EBIT": 287,
        "Net Income": -2
    },
    "2014-03-31": {
        "Diluted EPS": -0.54,
        "Total Revenue": 616,
        "Gross Profit": 190,
        "Operating Income": 139,
        "EBIT": 280,
        "Net Income": -83
    },
    "2013-12-31": {
        "Diluted EPS": 0.23,
        "Total Revenue": -285,
        "Gross Profit": 630,
        "Operating Income": 726,
        "EBIT": NaN,
        "Net Income": 30
    },
    "2013-09-30": {
        "Diluted EPS": 0.66,
        "Total Revenue": NaN,
        "Gross Profit": 349,
        "Operating Income": 224,
        "EBIT": 377,
        "Net Income": 104
    },
    "2013-06-30": {
        "Diluted EPS": 0.82,
        "Total Revenue": NaN,
        "Gross Profit": 268,
        "Operating Income": 262,
        "EBIT": 406,
        "Net Income": 133
    },
    "2013-03-31": {
        "Diluted EPS": 0.66,
        "Total Revenue": NaN,
        "Gross Profit": 238,
        "Operating Income": 168,
        "EBIT": 309,
        "Net Income": 97
    },
    "2012-12-31": {
        "Diluted EPS": -11.35,
        "Total Revenue": NaN,
        "Gross Profit": 239,
        "Operating Income": -970,
        "EBIT": 224,
        "Net Income": NaN
    },
    "2012-09-30": {
        "Diluted EPS": 0.59,
        "Total Revenue": NaN,
        "Gross Profit": 198,
        "Operating Income": 76,
        "EBIT": 209,
        "Net Income": 85
    },
    "2012-06-30": {
        "Diluted EPS": 1.81,
        "Total Revenue": NaN,
        "Gross Profit": 443,
        "Operating Income": 362,
        "EBIT": 494,
        "Net Income": 258
    },
    "2012-03-31": {
        "Diluted EPS": 2.63,
        "Total Revenue": NaN,
        "Gross Profit": 292,
        "Operating Income": 223,
        "EBIT": 340,
        "Net Income": 376
    },
    "2011-12-31": {
        "Diluted EPS": 1.3,
        "Total Revenue": NaN,
        "Gross Profit": 437,
        "Operating Income": 320,
        "EBIT": 468,
        "Net Income": 185
    },
    "2011-09-30": {
        "Diluted EPS": 4.15,
        "Total Revenue": NaN,
        "Gross Profit": 843,
        "Operating Income": 817,
        "EBIT": 937,
        "Net Income": 601
    },
    "2011-06-30": {
        "Diluted EPS": 2.92,
        "Total Revenue": NaN,
        "Gross Profit": 732,
        "Operating Income": 618,
        "EBIT": 725,
        "Net Income": 409
    },
    "2011-03-31": {
        "Diluted EPS": 3.11,
        "Total Revenue": NaN,
        "Gross Profit": 600,
        "Operating Income": 542,
        "EBIT": 622,
        "Net Income": 423
    },
    "2010-12-31": {
        "Diluted EPS": 2.82,
        "Total Revenue": NaN,
        "Gross Profit": 417,
        "Operating Income": 363,
        "EBIT": 446,
        "Net Income": 384
    },
    "2010-09-30": {
        "Diluted EPS": 2.18,
        "Total Revenue": NaN,
        "Gross Profit": 477,
        "Operating Income": 390,
        "EBIT": 475,
        "Net Income": 297
    },
    "2010-06-30": {
        "Diluted EPS": 1.92,
        "Total Revenue": NaN,
        "Gross Profit": 415,
        "Operating Income": 366,
        "EBIT": 454,
        "Net Income": 261
    },
    "2010-03-31": {
        "Diluted EPS": 0.57,
        "Total Revenue": 728,
        "Gross Profit": 150,
        "Operating Income": 113,
        "EBIT": 180,
        "Net Income": 77
    },
    "2009-12-31": {
        "Diluted EPS": 0.89,
        "Total Revenue": 821,
        "Gross Profit": 178,
        "Operating Income": 162,
        "EBIT": 225,
        "Net Income": 108
    },
    "2009-09-30": {
        "Diluted EPS": 0.45,
        "Total Revenue": 666,
        "Gross Profit": 103,
        "Operating Income": 81,
        "EBIT": 139,
        "Net Income": 59
    },
    "2009-06-30": {
        "Diluted EPS": 0.36,
        "Total Revenue": 390,
        "Gross Profit": -12,
        "Operating Income": -17,
        "EBIT": 42,
        "Net Income": 46
    },
    "2009-03-31": {
        "Diluted EPS": -0.07,
        "Total Revenue": 465,
        "Gross Profit": 42,
        "Operating Income": 11,
        "EBIT": 67,
        "Net Income": -7
    },
    "2023-09-30": {
        "Tax Effect Of Unusual Items": NaN,
        "Tax Rate For Calcs": NaN,
        "Normalized EBITDA": NaN,
        "Total Unusual Items": NaN,
        "Total Unusual Items Excluding Goodwill": NaN,
        "Net Income From Continuing Operation Net Minority Interest": NaN,
        "Reconciled Depreciation": NaN,
        "Reconciled Cost Of Revenue": NaN,
        "EBITDA": NaN,
        "EBIT": NaN,
        "Net Interest Income": NaN,
        "Interest Expense": NaN,
        "Normalized Income": NaN,
        "Net Income From Continuing And Discontinued Operation": NaN,
        "Total Expenses": NaN,
        "Total Operating Income As Reported": NaN,
        "Diluted Average Shares": NaN,
        "Basic Average Shares": NaN,
        "Diluted EPS": NaN,
        "Basic EPS": NaN,
        "Diluted NI Availto Com Stockholders": NaN,
        "Net Income Common Stockholders": NaN,
        "Net Income": NaN,
        "Minority Interests": NaN,
        "Net Income Including Noncontrolling Interests": NaN,
        "Net Income Discontinuous Operations": NaN,
        "Net Income Continuous Operations": NaN,
        "Tax Provision": NaN,
        "Pretax Income": NaN,
        "Other Income Expense": NaN,
        "Other Non Operating Income Expenses": NaN,
        "Special Income Charges": NaN,
        "Other Special Charges": NaN,
        "Write Off": 0.0,
        "Impairment Of Capital Assets": NaN,
        "Restructuring And Mergern Acquisition": NaN,
        "Gain On Sale Of Security": NaN,
        "Net Non Operating Interest Income Expense": NaN,
        "Interest Expense Non Operating": NaN,
        "Operating Income": NaN,
        "Operating Expense": NaN,
        "Other Operating Expenses": NaN,
        "Selling General And Administration": NaN,
        "Gross Profit": NaN,
        "Cost Of Revenue": NaN,
        "Total Revenue": NaN,
        "Operating Revenue": NaN
    },
    "2023-12-31": {
        "Tax Effect Of Unusual Items": NaN,
        "Tax Rate For Calcs": NaN,
        "Normalized EBITDA": NaN,
        "Total Unusual Items": NaN,
        "Total Unusual Items Excluding Goodwill": NaN,
        "Net Income From Continuing Operation Net Minority Interest": NaN,
        "Reconciled Depreciation": NaN,
        "Reconciled Cost Of Revenue": NaN,
        "EBITDA": NaN,
        "EBIT": NaN,
        "Net Interest Income": NaN,
        "Interest Expense": NaN,
        "Normalized Income": NaN,
        "Net Income From Continuing And Discontinued Operation": NaN,
        "Total Expenses": NaN,
        "Total Operating Income As Reported": NaN,
        "Diluted Average Shares": NaN,
        "Basic Average Shares": NaN,
        "Diluted EPS": NaN,
        "Basic EPS": NaN,
        "Diluted NI Availto Com Stockholders": NaN,
        "Net Income Common Stockholders": NaN,
        "Net Income": NaN,
        "Minority Interests": NaN,
        "Net Income Including Noncontrolling Interests": NaN,
        "Net Income Discontinuous Operations": -1000000.0,
        "Net Income Continuous Operations": NaN,
        "Tax Provision": NaN,
        "Pretax Income": NaN,
        "Other Income Expense": NaN,
        "Other Non Operating Income Expenses": NaN,
        "Special Income Charges": NaN,
        "Other Special Charges": NaN,
        "Write Off": NaN,
        "Impairment Of Capital Assets": NaN,
        "Restructuring And Mergern Acquisition": NaN,
        "Gain On Sale Of Security": NaN,
        "Net Non Operating Interest Income Expense": NaN,
        "Interest Expense Non Operating": NaN,
        "Operating Income": NaN,
        "Operating Expense": NaN,
        "Other Operating Expenses": NaN,
        "Selling General And Administration": NaN,
        "Gross Profit": NaN,
        "Cost Of Revenue": NaN,
        "Total Revenue": NaN,
        "Operating Revenue": NaN
    },
    "2024-03-31": {
        "Tax Effect Of Unusual Items": NaN,
        "Tax Rate For Calcs": NaN,
        "Normalized EBITDA": NaN,
        "Total Unusual Items": NaN,
        "Total Unusual Items Excluding Goodwill": NaN,
        "Net Income From Continuing Operation Net Minority Interest": NaN,
        "Reconciled Depreciation": NaN,
        "Reconciled Cost Of Revenue": NaN,
        "EBITDA": NaN,
        "EBIT": NaN,
        "Net Interest Income": NaN,
        "Interest Expense": NaN,
        "Normalized Income": NaN,
        "Net Income From Continuing And Discontinued Operation": NaN,
        "Total Expenses": NaN,
        "Total Operating Income As Reported": NaN,
        "Diluted Average Shares": NaN,
        "Basic Average Shares": NaN,
        "Diluted EPS": NaN,
        "Basic EPS": NaN,
        "Diluted NI Availto Com Stockholders": NaN,
        "Net Income Common Stockholders": NaN,
        "Net Income": NaN,
        "Minority Interests": NaN,
        "Net Income Including Noncontrolling Interests": NaN,
        "Net Income Discontinuous Operations": 0.0,
        "Net Income Continuous Operations": NaN,
        "Tax Provision": NaN,
        "Pretax Income": NaN,
        "Other Income Expense": NaN,
        "Other Non Operating Income Expenses": NaN,
        "Special Income Charges": NaN,
        "Other Special Charges": 21000000.0,
        "Write Off": NaN,
        "Impairment Of Capital Assets": 64000000.0,
        "Restructuring And Mergern Acquisition": NaN,
        "Gain On Sale Of Security": NaN,
        "Net Non Operating Interest Income Expense": NaN,
        "Interest Expense Non Operating": NaN,
        "Operating Income": NaN,
        "Operating Expense": NaN,
        "Other Operating Expenses": NaN,
        "Selling General And Administration": NaN,
        "Gross Profit": NaN,
        "Cost Of Revenue": NaN,
        "Total Revenue": NaN,
        "Operating Revenue": NaN
    },
    "2024-06-30": {
        "Tax Effect Of Unusual Items": -9660000.0,
        "Tax Rate For Calcs": 0.21,
        "Normalized EBITDA": 337000000.0,
        "Total Unusual Items": -46000000.0,
        "Total Unusual Items Excluding Goodwill": -46000000.0,
        "Net Income From Continuing Operation Net Minority Interest": 2000000.0,
        "Reconciled Depreciation": 228000000.0,
        "Reconciled Cost Of Revenue": 4930000000.0,
        "EBITDA": 291000000.0,
        "EBIT": 63000000.0,
        "Net Interest Income": -69000000.0,
        "Interest Expense": 69000000.0,
        "Normalized Income": 38340000.0,
        "Net Income From Continuing And Discontinued Operation": 2000000.0,
        "Total Expenses": 5046000000.0,
        "Total Operating Income As Reported": 6000000.0,
        "Diluted Average Shares": 468038839.0,
        "Basic Average Shares": 468038839.0,
        "Diluted EPS": 0.004273,
        "Basic EPS": 0.004273,
        "Diluted NI Availto Com Stockholders": 2000000.0,
        "Net Income Common Stockholders": 2000000.0,
        "Net Income": 2000000.0,
        "Minority Interests": -7000000.0,
        "Net Income Including Noncontrolling Interests": 9000000.0,
        "Net Income Discontinuous Operations": 0.0,
        "Net Income Continuous Operations": 9000000.0,
        "Tax Provision": -15000000.0,
        "Pretax Income": -6000000.0,
        "Other Income Expense": 17000000.0,
        "Other Non Operating Income Expenses": 63000000.0,
        "Special Income Charges": -46000000.0,
        "Other Special Charges": 6000000.0,
        "Write Off": 15000000.0,
        "Impairment Of Capital Assets": 15000000.0,
        "Restructuring And Mergern Acquisition": 25000000.0,
        "Gain On Sale Of Security": NaN,
        "Net Non Operating Interest Income Expense": -69000000.0,
        "Interest Expense Non Operating": 69000000.0,
        "Operating Income": 46000000.0,
        "Operating Expense": 116000000.0,
        "Other Operating Expenses": 13000000.0,
        "Selling General And Administration": 103000000.0,
        "Gross Profit": 162000000.0,
        "Cost Of Revenue": 4930000000.0,
        "Total Revenue": 5092000000.0,
        "Operating Revenue": 5092000000.0
    },
    "2024-09-30": {
        "Tax Effect Of Unusual Items": -5712418.300654,
        "Tax Rate For Calcs": 0.248366,
        "Normalized EBITDA": 54000000.0,
        "Total Unusual Items": -23000000.0,
        "Total Unusual Items Excluding Goodwill": -23000000.0,
        "Net Income From Continuing Operation Net Minority Interest": -242000000.0,
        "Reconciled Depreciation": 235000000.0,
        "Reconciled Cost Of Revenue": 4673000000.0,
        "EBITDA": 31000000.0,
        "EBIT": -204000000.0,
        "Net Interest Income": -102000000.0,
        "Interest Expense": 102000000.0,
        "Normalized Income": -224712418.300654,
        "Net Income From Continuing And Discontinued Operation": -242000000.0,
        "Total Expenses": 4812000000.0,
        "Total Operating Income As Reported": -259000000.0,
        "Diluted Average Shares": 465384615.0,
        "Basic Average Shares": 465384615.0,
        "Diluted EPS": -0.52,
        "Basic EPS": -0.52,
        "Diluted NI Availto Com Stockholders": -242000000.0,
        "Net Income Common Stockholders": -242000000.0,
        "Net Income": -242000000.0,
        "Minority Interests": -12000000.0,
        "Net Income Including Noncontrolling Interests": -230000000.0,
        "Net Income Discontinuous Operations": 0.0,
        "Net Income Continuous Operations": -230000000.0,
        "Tax Provision": -76000000.0,
        "Pretax Income": -306000000.0,
        "Other Income Expense": 39000000.0,
        "Other Non Operating Income Expenses": 62000000.0,
        "Special Income Charges": -16000000.0,
        "Other Special Charges": NaN,
        "Write Off": 0.0,
        "Impairment Of Capital Assets": 0.0,
        "Restructuring And Mergern Acquisition": 16000000.0,
        "Gain On Sale Of Security": -7000000.0,
        "Net Non Operating Interest Income Expense": -102000000.0,
        "Interest Expense Non Operating": 102000000.0,
        "Operating Income": -243000000.0,
        "Operating Expense": 139000000.0,
        "Other Operating Expenses": 27000000.0,
        "Selling General And Administration": 112000000.0,
        "Gross Profit": -104000000.0,
        "Cost Of Revenue": 4673000000.0,
        "Total Revenue": 4569000000.0,
        "Operating Revenue": 4569000000.0
    },
    "2024-12-31": {
        "Tax Effect Of Unusual Items": -5010526.315789,
        "Tax Rate For Calcs": 0.238596,
        "Normalized EBITDA": -156000000.0,
        "Total Unusual Items": -21000000.0,
        "Total Unusual Items Excluding Goodwill": -21000000.0,
        "Net Income From Continuing Operation Net Minority Interest": -447000000.0,
        "Reconciled Depreciation": 258000000.0,
        "Reconciled Cost Of Revenue": 4598000000.0,
        "EBITDA": -177000000.0,
        "EBIT": -435000000.0,
        "Net Interest Income": -135000000.0,
        "Interest Expense": 135000000.0,
        "Normalized Income": -431010526.315789,
        "Net Income From Continuing And Discontinued Operation": -447000000.0,
        "Total Expenses": 4762000000.0,
        "Total Operating Income As Reported": -465000000.0,
        "Diluted Average Shares": 485869565.0,
        "Basic Average Shares": 485869565.0,
        "Diluted EPS": -0.92,
        "Basic EPS": -0.92,
        "Diluted NI Availto Com Stockholders": -447000000.0,
        "Net Income Common Stockholders": -447000000.0,
        "Net Income": -447000000.0,
        "Minority Interests": -13000000.0,
        "Net Income Including Noncontrolling Interests": -434000000.0,
        "Net Income Discontinuous Operations": 0.0,
        "Net Income Continuous Operations": -434000000.0,
        "Tax Provision": -136000000.0,
        "Pretax Income": -570000000.0,
        "Other Income Expense": 2000000.0,
        "Other Non Operating Income Expenses": 23000000.0,
        "Special Income Charges": -28000000.0,
        "Other Special Charges": 0.0,
        "Write Off": 0.0,
        "Impairment Of Capital Assets": 0.0,
        "Restructuring And Mergern Acquisition": 28000000.0,
        "Gain On Sale Of Security": NaN,
        "Net Non Operating Interest Income Expense": -135000000.0,
        "Interest Expense Non Operating": 135000000.0,
        "Operating Income": -437000000.0,
        "Operating Expense": 164000000.0,
        "Other Operating Expenses": 25000000.0,
        "Selling General And Administration": 139000000.0,
        "Gross Profit": -273000000.0,
        "Cost Of Revenue": 4598000000.0,
        "Total Revenue": 4325000000.0,
        "Operating Revenue": 3669000000.0
    },
    "2025-03-31": {
        "Tax Effect Of Unusual Items": -700000.0,
        "Tax Rate For Calcs": 0.233333,
        "Normalized EBITDA": -205000000.0,
        "Total Unusual Items": -3000000.0,
        "Total Unusual Items Excluding Goodwill": -3000000.0,
        "Net Income From Continuing Operation Net Minority Interest": -495000000.0,
        "Reconciled Depreciation": 282000000.0,
        "Reconciled Cost Of Revenue": 5020000000.0,
        "EBITDA": -208000000.0,
        "EBIT": -490000000.0,
        "Net Interest Income": -140000000.0,
        "Interest Expense": 140000000.0,
        "Normalized Income": -492700000.0,
        "Net Income From Continuing And Discontinued Operation": -495000000.0,
        "Total Expenses": 5164000000.0,
        "Total Operating Income As Reported": -538000000.0,
        "Diluted Average Shares": 495000000.0,
        "Basic Average Shares": 495000000.0,
        "Diluted EPS": -1.0,
        "Basic EPS": -1.0,
        "Diluted NI Availto Com Stockholders": -495000000.0,
        "Net Income Common Stockholders": -495000000.0,
        "Net Income": -495000000.0,
        "Minority Interests": -12000000.0,
        "Net Income Including Noncontrolling Interests": -483000000.0,
        "Net Income Discontinuous Operations": NaN,
        "Net Income Continuous Operations": -483000000.0,
        "Tax Provision": -147000000.0,
        "Pretax Income": -630000000.0,
        "Other Income Expense": 45000000.0,
        "Other Non Operating Income Expenses": 48000000.0,
        "Special Income Charges": -3000000.0,
        "Other Special Charges": NaN,
        "Write Off": 0.0,
        "Impairment Of Capital Assets": 0.0,
        "Restructuring And Mergern Acquisition": 3000000.0,
        "Gain On Sale Of Security": NaN,
        "Net Non Operating Interest Income Expense": -140000000.0,
        "Interest Expense Non Operating": 140000000.0,
        "Operating Income": -535000000.0,
        "Operating Expense": 144000000.0,
        "Other Operating Expenses": 11000000.0,
        "Selling General And Administration": 133000000.0,
        "Gross Profit": -391000000.0,
        "Cost Of Revenue": 5020000000.0,
        "Total Revenue": 4629000000.0,
        "Operating Revenue": 4629000000.0
    },
    "2025-06-30": {
        "Tax Effect Of Unusual Items": -29935275.080906,
        "Tax Rate For Calcs": 0.239482,
        "Normalized EBITDA": 49000000.0,
        "Total Unusual Items": -125000000.0,
        "Total Unusual Items Excluding Goodwill": -125000000.0,
        "Net Income From Continuing Operation Net Minority Interest": -483000000.0,
        "Reconciled Depreciation": 393000000.0,
        "Reconciled Cost Of Revenue": 5143000000.0,
        "EBITDA": -76000000.0,
        "EBIT": -469000000.0,
        "Net Interest Income": -149000000.0,
        "Interest Expense": 149000000.0,
        "Normalized Income": -387935275.080906,
        "Net Income From Continuing And Discontinued Operation": -483000000.0,
        "Total Expenses": 5307000000.0,
        "Total Operating Income As Reported": -498000000.0,
        "Diluted Average Shares": 497938144.0,
        "Basic Average Shares": 497938144.0,
        "Diluted EPS": -0.97,
        "Basic EPS": -0.97,
        "Diluted NI Availto Com Stockholders": -483000000.0,
        "Net Income Common Stockholders": -483000000.0,
        "Net Income": -483000000.0,
        "Minority Interests": -13000000.0,
        "Net Income Including Noncontrolling Interests": -470000000.0,
        "Net Income Discontinuous Operations": NaN,
        "Net Income Continuous Operations": -470000000.0,
        "Tax Provision": -148000000.0,
        "Pretax Income": -618000000.0,
        "Other Income Expense": -96000000.0,
        "Other Non Operating Income Expenses": 29000000.0,
        "Special Income Charges": -125000000.0,
        "Other Special Charges": NaN,
        "Write Off": 39000000.0,
        "Impairment Of Capital Assets": NaN,
        "Restructuring And Mergern Acquisition": 86000000.0,
        "Gain On Sale Of Security": NaN,
        "Net Non Operating Interest Income Expense": -149000000.0,
        "Interest Expense Non Operating": 149000000.0,
        "Operating Income": -373000000.0,
        "Operating Expense": 164000000.0,
        "Other Operating Expenses": 27000000.0,
        "Selling General And Administration": 137000000.0,
        "Gross Profit": -209000000.0,
        "Cost Of Revenue": 5143000000.0,
        "Total Revenue": 4934000000.0,
        "Operating Revenue": 4934000000.0
    }
}