{
    "2023-03-31": {
        "Tax Effect Of Unusual Items": 311085.0,
        "Tax Rate For Calcs": 0.223,
        "Normalized EBITDA": 13524000.0,
        "Total Unusual Items": 1395000.0,
        "Total Unusual Items Excluding Goodwill": 1395000.0,
        "Net Income From Continuing Operation Net Minority Interest": 10364000.0,
        "Reconciled Depreciation": 1469000.0,
        "Reconciled Cost Of Revenue": 48246000.0,
        "EBITDA": 14919000.0,
        "EBIT": 13450000.0,
        "Net Interest Income": -112000.0,
        "Interest Expense": 112000.0,
        "Normalized Income": 9280085.0,
        "Net Income From Continuing And Discontinued Operation": 10364000.0,
        "Total Expenses": 59754000.0,
        "Total Operating Income As Reported": 12055000.0,
        "Diluted Average Shares": 15260769.0,
        "Basic Average Shares": 15233848.0,
        "Diluted EPS": 0.67,
        "Basic EPS": 0.67,
        "Diluted NI Availto Com Stockholders": 10364000.0,
        "Net Income Common Stockholders": 10364000.0,
        "Net Income": 10364000.0,
        "Net Income Including Noncontrolling Interests": 10364000.0,
        "Net Income Continuous Operations": 10364000.0,
        "Tax Provision": 2974000.0,
        "Pretax Income": 13338000.0,
        "Other Income Expense": 1395000.0,
        "Gain On Sale Of Security": 1395000.0,
        "Net Non Operating Interest Income Expense": -112000.0,
        "Interest Expense Non Operating": 112000.0,
        "Operating Income": 12055000.0,
        "Operating Expense": 11508000.0,
        "Selling General And Administration": 11508000.0,
        "Gross Profit": 23563000.0,
        "Cost Of Revenue": 48246000.0,
        "Total Revenue": 71809000.0,
        "Operating Revenue": 71809000.0
    },
    "2022-12-31": {
        "Tax Effect Of Unusual Items": 62418.0,
        "Tax Rate For Calcs": 0.206,
        "Normalized EBITDA": 19243000.0,
        "Total Unusual Items": 303000.0,
        "Total Unusual Items Excluding Goodwill": 303000.0,
        "Net Income From Continuing Operation Net Minority Interest": 14255000.0,
        "Reconciled Depreciation": 1353000.0,
        "Reconciled Cost Of Revenue": 55293000.0,
        "EBITDA": 19546000.0,
        "EBIT": 18193000.0,
        "Net Interest Income": -243000.0,
        "Interest Expense": 243000.0,
        "Normalized Income": 14014418.0,
        "Net Income From Continuing And Discontinued Operation": 14255000.0,
        "Total Expenses": 68052000.0,
        "Total Operating Income As Reported": 17890000.0,
        "Diluted Average Shares": 14284847.0,
        "Basic Average Shares": 14165550.0,
        "Diluted EPS": 1.0,
        "Basic EPS": 1.01,
        "Diluted NI Availto Com Stockholders": 14255000.0,
        "Net Income Common Stockholders": 14255000.0,
        "Net Income": 14255000.0,
        "Net Income Including Noncontrolling Interests": 14255000.0,
        "Net Income Continuous Operations": 14255000.0,
        "Tax Provision": 3695000.0,
        "Pretax Income": 17950000.0,
        "Other Income Expense": 303000.0,
        "Gain On Sale Of Security": 303000.0,
        "Net Non Operating Interest Income Expense": -243000.0,
        "Interest Expense Non Operating": 243000.0,
        "Operating Income": 17890000.0,
        "Operating Expense": 12759000.0,
        "Selling General And Administration": 12759000.0,
        "Gross Profit": 30649000.0,
        "Cost Of Revenue": 55293000.0,
        "Total Revenue": 85942000.0,
        "Operating Revenue": 85942000.0
    },
    "2022-09-30": {
        "Tax Effect Of Unusual Items": 9988.0,
        "Tax Rate For Calcs": 0.227,
        "Normalized EBITDA": 23490000.0,
        "Total Unusual Items": 44000.0,
        "Total Unusual Items Excluding Goodwill": 44000.0,
        "Net Income From Continuing Operation Net Minority Interest": 16991000.0,
        "Reconciled Depreciation": 1239000.0,
        "Reconciled Cost Of Revenue": 57524000.0,
        "EBITDA": 23534000.0,
        "EBIT": 22295000.0,
        "Net Interest Income": -311000.0,
        "Interest Expense": 311000.0,
        "Normalized Income": 16956988.0,
        "Net Income From Continuing And Discontinued Operation": 16991000.0,
        "Total Expenses": 72778000.0,
        "Total Operating Income As Reported": 22251000.0,
        "Diluted Average Shares": 13923531.0,
        "Basic Average Shares": 13803462.0,
        "Diluted EPS": 1.22,
        "Basic EPS": 1.22,
        "Diluted NI Availto Com Stockholders": 16991000.0,
        "Net Income Common Stockholders": 16991000.0,
        "Net Income": 16991000.0,
        "Net Income Including Noncontrolling Interests": 16991000.0,
        "Net Income Continuous Operations": 16991000.0,
        "Tax Provision": 4993000.0,
        "Pretax Income": 21984000.0,
        "Other Income Expense": 44000.0,
        "Gain On Sale Of Security": 44000.0,
        "Net Non Operating Interest Income Expense": -311000.0,
        "Interest Expense Non Operating": 311000.0,
        "Operating Income": 22251000.0,
        "Operating Expense": 15254000.0,
        "Selling General And Administration": 15254000.0,
        "Gross Profit": 37505000.0,
        "Cost Of Revenue": 57524000.0,
        "Total Revenue": 95029000.0,
        "Operating Revenue": 95029000.0
    },
    "2022-06-30": {
        "Tax Effect Of Unusual Items": 10062.0,
        "Tax Rate For Calcs": 0.234,
        "Normalized EBITDA": 17355000.0,
        "Total Unusual Items": 43000.0,
        "Total Unusual Items Excluding Goodwill": 43000.0,
        "Net Income From Continuing Operation Net Minority Interest": 12745000.0,
        "Reconciled Depreciation": 812000.0,
        "Reconciled Cost Of Revenue": 41943000.0,
        "EBITDA": 17398000.0,
        "EBIT": 16586000.0,
        "Net Interest Income": 43000.0,
        "Interest Expense": NaN,
        "Interest Income": 43000.0,
        "Normalized Income": 12712062.0,
        "Net Income From Continuing And Discontinued Operation": 12745000.0,
        "Total Expenses": 54664000.0,
        "Total Operating Income As Reported": 16586000.0,
        "Diluted Average Shares": 13899698.0,
        "Basic Average Shares": 13772269.0,
        "Diluted EPS": 0.92,
        "Basic EPS": 0.93,
        "Diluted NI Availto Com Stockholders": 12745000.0,
        "Net Income Common Stockholders": 12745000.0,
        "Net Income": 12745000.0,
        "Net Income Including Noncontrolling Interests": 12745000.0,
        "Net Income Continuous Operations": 12745000.0,
        "Tax Provision": 3884000.0,
        "Pretax Income": 16629000.0,
        "Other Income Expense": 43000.0,
        "Gain On Sale Of Security": 43000.0,
        "Net Non Operating Interest Income Expense": 43000.0,
        "Interest Expense Non Operating": NaN,
        "Interest Income Non Operating": 43000.0,
        "Operating Income": 16586000.0,
        "Operating Expense": 12721000.0,
        "Selling General And Administration": 12721000.0,
        "Gross Profit": 29307000.0,
        "Cost Of Revenue": 41943000.0,
        "Total Revenue": 71250000.0,
        "Operating Revenue": 71250000.0
    },
    "2022-03-31": {
        "Diluted EPS": 0.66,
        "Total Revenue": 53,
        "Gross Profit": 23,
        "Operating Income": 12,
        "EBIT": 13,
        "Net Income": 9
    },
    "2021-12-31": {
        "Diluted EPS": 0.75,
        "Total Revenue": 51,
        "Gross Profit": 23,
        "Operating Income": 13,
        "EBIT": 14,
        "Net Income": 10
    },
    "2021-09-30": {
        "Diluted EPS": 0.53,
        "Total Revenue": 45,
        "Gross Profit": 20,
        "Operating Income": 9,
        "EBIT": 10,
        "Net Income": 7
    },
    "2021-06-30": {
        "Diluted EPS": 0.44,
        "Total Revenue": 39,
        "Gross Profit": 17,
        "Operating Income": 8,
        "EBIT": 8,
        "Net Income": 6
    },
    "2021-03-31": {
        "Diluted EPS": 0.27,
        "Total Revenue": 30,
        "Gross Profit": 13,
        "Operating Income": 4,
        "EBIT": 5,
        "Net Income": 4
    },
    "2020-12-31": {
        "Diluted EPS": 0.23,
        "Total Revenue": 27,
        "Gross Profit": 11,
        "Operating Income": 4,
        "EBIT": 4,
        "Net Income": 3
    },
    "2020-09-30": {
        "Diluted EPS": 0.22,
        "Total Revenue": 27,
        "Gross Profit": 11,
        "Operating Income": 4,
        "EBIT": 4,
        "Net Income": 3
    },
    "2020-06-30": {
        "Diluted EPS": 0.22,
        "Total Revenue": 26,
        "Gross Profit": 11,
        "Operating Income": 4,
        "EBIT": 4,
        "Net Income": 3
    },
    "2020-03-31": {
        "Diluted EPS": 0.05,
        "Total Revenue": 20,
        "Gross Profit": 8,
        "Operating Income": 1,
        "EBIT": 1,
        "Net Income": 1
    },
    "2019-12-31": {
        "Diluted EPS": 0.04,
        "Total Revenue": 19,
        "Gross Profit": 8,
        "Operating Income": 0,
        "EBIT": 1,
        "Net Income": 1
    },
    "2019-09-30": {
        "Diluted EPS": 0.14,
        "Total Revenue": 24,
        "Gross Profit": 9,
        "Operating Income": 2,
        "EBIT": 3,
        "Net Income": 2
    },
    "2019-06-30": {
        "Diluted EPS": 0.1,
        "Total Revenue": 22,
        "Gross Profit": 8,
        "Operating Income": 2,
        "EBIT": 2,
        "Net Income": 1
    },
    "2019-03-31": {
        "Diluted EPS": 0.02,
        "Total Revenue": 19,
        "Gross Profit": 7,
        "Operating Income": 0,
        "EBIT": 1,
        "Net Income": 0
    },
    "2018-12-31": {
        "Diluted EPS": 0.08,
        "Total Revenue": 20,
        "Gross Profit": 8,
        "Operating Income": 1,
        "EBIT": 2,
        "Net Income": 1
    },
    "2018-09-30": {
        "Diluted EPS": 0.14,
        "Total Revenue": 22,
        "Gross Profit": 9,
        "Operating Income": 3,
        "EBIT": 3,
        "Net Income": 2
    },
    "2018-06-30": {
        "Diluted EPS": 0.13,
        "Total Revenue": 21,
        "Gross Profit": 8,
        "Operating Income": 2,
        "EBIT": 3,
        "Net Income": 2
    },
    "2018-03-31": {
        "Diluted EPS": -0.02,
        "Total Revenue": 17,
        "Gross Profit": 7,
        "Operating Income": -1,
        "EBIT": 0,
        "Net Income": 0
    },
    "2017-12-31": {
        "Diluted EPS": 0.07,
        "Total Revenue": 17,
        "Gross Profit": 7,
        "Operating Income": 1,
        "EBIT": 1,
        "Net Income": 1
    },
    "2017-09-30": {
        "Diluted EPS": 0.09,
        "Total Revenue": 18,
        "Gross Profit": 8,
        "Operating Income": 2,
        "EBIT": 2,
        "Net Income": 1
    },
    "2017-06-30": {
        "Diluted EPS": 0.06,
        "Total Revenue": 20,
        "Gross Profit": 8,
        "Operating Income": 1,
        "EBIT": 2,
        "Net Income": 1
    },
    "2017-03-31": {
        "Diluted EPS": 0.07,
        "Total Revenue": 18,
        "Gross Profit": 7,
        "Operating Income": 1,
        "EBIT": 2,
        "Net Income": 1
    },
    "2016-12-31": {
        "Diluted EPS": 0.06,
        "Total Revenue": 18,
        "Gross Profit": 7,
        "Operating Income": 1,
        "EBIT": 2,
        "Net Income": 1
    },
    "2016-09-30": {
        "Diluted EPS": 0.2,
        "Total Revenue": 21,
        "Gross Profit": 10,
        "Operating Income": 3,
        "EBIT": 4,
        "Net Income": 3
    },
    "2016-06-30": {
        "Diluted EPS": 0.17,
        "Total Revenue": 22,
        "Gross Profit": 9,
        "Operating Income": 3,
        "EBIT": 4,
        "Net Income": 2
    },
    "2016-03-31": {
        "Diluted EPS": 0.11,
        "Total Revenue": 17,
        "Gross Profit": 7,
        "Operating Income": 2,
        "EBIT": 3,
        "Net Income": 1
    },
    "2015-12-31": {
        "Diluted EPS": 0.11,
        "Total Revenue": 16,
        "Gross Profit": 7,
        "Operating Income": 2,
        "EBIT": 2,
        "Net Income": 1
    },
    "2015-09-30": {
        "Diluted EPS": 0.1,
        "Total Revenue": 16,
        "Gross Profit": 7,
        "Operating Income": 2,
        "EBIT": 2,
        "Net Income": 1
    },
    "2015-06-30": {
        "Diluted EPS": 0.14,
        "Total Revenue": 18,
        "Gross Profit": 8,
        "Operating Income": 3,
        "EBIT": 3,
        "Net Income": 2
    },
    "2015-03-31": {
        "Diluted EPS": 0.02,
        "Total Revenue": 12,
        "Gross Profit": 5,
        "Operating Income": 0,
        "EBIT": 1,
        "Net Income": 0
    },
    "2014-12-31": {
        "Diluted EPS": 0.08,
        "Total Revenue": 14,
        "Gross Profit": 6,
        "Operating Income": 2,
        "EBIT": 2,
        "Net Income": 1
    },
    "2014-09-30": {
        "Diluted EPS": 0.08,
        "Total Revenue": 14,
        "Gross Profit": 6,
        "Operating Income": 2,
        "EBIT": 2,
        "Net Income": 1
    },
    "2014-06-30": {
        "Diluted EPS": 0.08,
        "Total Revenue": 14,
        "Gross Profit": 6,
        "Operating Income": 2,
        "EBIT": 2,
        "Net Income": 1
    },
    "2014-03-31": {
        "Diluted EPS": 0.09,
        "Total Revenue": 13,
        "Gross Profit": 6,
        "Operating Income": 2,
        "EBIT": 2,
        "Net Income": 1
    },
    "2013-12-31": {
        "Diluted EPS": 0.15,
        "Total Revenue": 16,
        "Gross Profit": 7,
        "Operating Income": 3,
        "EBIT": 3,
        "Net Income": 2
    },
    "2013-09-30": {
        "Diluted EPS": 0.19,
        "Total Revenue": 19,
        "Gross Profit": 8,
        "Operating Income": 4,
        "EBIT": 4,
        "Net Income": 2
    },
    "2013-06-30": {
        "Diluted EPS": 0.09,
        "Total Revenue": 14,
        "Gross Profit": 6,
        "Operating Income": 2,
        "EBIT": 2,
        "Net Income": 1
    },
    "2013-03-31": {
        "Diluted EPS": 0.04,
        "Total Revenue": 11,
        "Gross Profit": 4,
        "Operating Income": 1,
        "EBIT": 1,
        "Net Income": 1
    },
    "2012-12-31": {
        "Diluted EPS": 0.04,
        "Total Revenue": 10,
        "Gross Profit": 4,
        "Operating Income": 1,
        "EBIT": 1,
        "Net Income": 1
    },
    "2012-09-30": {
        "Diluted EPS": 0.37,
        "Total Revenue": 10,
        "Gross Profit": 4,
        "Operating Income": 1,
        "EBIT": 1,
        "Net Income": 5
    },
    "2012-06-30": {
        "Diluted EPS": 0.14,
        "Total Revenue": 11,
        "Gross Profit": 5,
        "Operating Income": 2,
        "EBIT": 2,
        "Net Income": 2
    },
    "2012-03-31": {
        "Diluted EPS": 0.01,
        "Total Revenue": 7,
        "Gross Profit": 3,
        "Operating Income": 0,
        "EBIT": 0,
        "Net Income": 0
    },
    "2011-12-31": {
        "Diluted EPS": 0.08,
        "Total Revenue": 9,
        "Gross Profit": 4,
        "Operating Income": 1,
        "EBIT": 1,
        "Net Income": 1
    },
    "2011-09-30": {
        "Diluted EPS": 0.3,
        "Total Revenue": 11,
        "Gross Profit": 4,
        "Operating Income": 1,
        "EBIT": 1,
        "Net Income": 4
    },
    "2011-06-30": {
        "Diluted EPS": 0.1,
        "Total Revenue": 10,
        "Gross Profit": 4,
        "Operating Income": 1,
        "EBIT": 1,
        "Net Income": 1
    },
    "2011-03-31": {
        "Diluted EPS": 0.04,
        "Total Revenue": 7,
        "Gross Profit": 3,
        "Operating Income": 1,
        "EBIT": 1,
        "Net Income": 1
    },
    "2010-12-31": {
        "Diluted EPS": 0.04,
        "Total Revenue": 7,
        "Gross Profit": 3,
        "Operating Income": 1,
        "EBIT": 1,
        "Net Income": 1
    },
    "2010-09-30": {
        "Diluted EPS": 0.06,
        "Total Revenue": 8,
        "Gross Profit": 3,
        "Operating Income": 1,
        "EBIT": 1,
        "Net Income": 1
    },
    "2010-06-30": {
        "Diluted EPS": 0.05,
        "Total Revenue": 7,
        "Gross Profit": 3,
        "Operating Income": 1,
        "EBIT": 1,
        "Net Income": 1
    },
    "2010-03-31": {
        "Diluted EPS": -0.01,
        "Total Revenue": 5,
        "Gross Profit": 2,
        "Operating Income": 0,
        "EBIT": 0,
        "Net Income": 0
    },
    "2009-12-31": {
        "Diluted EPS": -0.01,
        "Total Revenue": 5,
        "Gross Profit": 2,
        "Operating Income": 0,
        "EBIT": 0,
        "Net Income": 0
    },
    "2009-09-30": {
        "Diluted EPS": 0.23,
        "Total Revenue": 7,
        "Gross Profit": 2,
        "Operating Income": 0,
        "EBIT": 0,
        "Net Income": 3
    },
    "2009-06-30": {
        "Diluted EPS": 0.05,
        "Total Revenue": 7,
        "Gross Profit": 3,
        "Operating Income": 1,
        "EBIT": 1,
        "Net Income": 1
    },
    "2009-03-31": {
        "Diluted EPS": 0.01,
        "Total Revenue": 5,
        "Gross Profit": 2,
        "Operating Income": 0,
        "EBIT": 0,
        "Net Income": 0
    },
    "2023-06-30": {
        "Tax Effect Of Unusual Items": NaN,
        "Tax Rate For Calcs": NaN,
        "Normalized EBITDA": NaN,
        "Total Unusual Items": NaN,
        "Total Unusual Items Excluding Goodwill": NaN,
        "Net Income From Continuing Operation Net Minority Interest": NaN,
        "Reconciled Depreciation": NaN,
        "Reconciled Cost Of Revenue": NaN,
        "EBITDA": NaN,
        "EBIT": NaN,
        "Net Interest Income": NaN,
        "Interest Expense": NaN,
        "Normalized Income": NaN,
        "Net Income From Continuing And Discontinued Operation": NaN,
        "Total Expenses": NaN,
        "Total Operating Income As Reported": NaN,
        "Diluted Average Shares": 15254341.0,
        "Basic Average Shares": 15254341.0,
        "Diluted EPS": 0.33,
        "Basic EPS": 0.33,
        "Diluted NI Availto Com Stockholders": NaN,
        "Net Income Common Stockholders": NaN,
        "Net Income": NaN,
        "Net Income Including Noncontrolling Interests": NaN,
        "Net Income Continuous Operations": NaN,
        "Tax Provision": NaN,
        "Pretax Income": NaN,
        "Other Income Expense": NaN,
        "Gain On Sale Of Security": NaN,
        "Net Non Operating Interest Income Expense": NaN,
        "Interest Expense Non Operating": NaN,
        "Operating Income": NaN,
        "Operating Expense": NaN,
        "Selling General And Administration": NaN,
        "Gross Profit": NaN,
        "Cost Of Revenue": NaN,
        "Total Revenue": NaN,
        "Operating Revenue": NaN
    },
    "2023-09-30": {
        "Tax Effect Of Unusual Items": NaN,
        "Tax Rate For Calcs": NaN,
        "Normalized EBITDA": NaN,
        "Total Unusual Items": NaN,
        "Total Unusual Items Excluding Goodwill": NaN,
        "Net Income From Continuing Operation Net Minority Interest": NaN,
        "Reconciled Depreciation": NaN,
        "Reconciled Cost Of Revenue": NaN,
        "EBITDA": NaN,
        "EBIT": NaN,
        "Net Interest Income": NaN,
        "Interest Expense": NaN,
        "Normalized Income": NaN,
        "Net Income From Continuing And Discontinued Operation": NaN,
        "Total Expenses": NaN,
        "Total Operating Income As Reported": NaN,
        "Diluted Average Shares": 15258782.0,
        "Basic Average Shares": 15258782.0,
        "Diluted EPS": 0.16,
        "Basic EPS": 0.16,
        "Diluted NI Availto Com Stockholders": NaN,
        "Net Income Common Stockholders": NaN,
        "Net Income": NaN,
        "Net Income Including Noncontrolling Interests": NaN,
        "Net Income Continuous Operations": NaN,
        "Tax Provision": NaN,
        "Pretax Income": NaN,
        "Other Income Expense": NaN,
        "Gain On Sale Of Security": NaN,
        "Net Non Operating Interest Income Expense": NaN,
        "Interest Expense Non Operating": NaN,
        "Operating Income": NaN,
        "Operating Expense": NaN,
        "Selling General And Administration": NaN,
        "Gross Profit": NaN,
        "Cost Of Revenue": NaN,
        "Total Revenue": NaN,
        "Operating Revenue": NaN
    },
    "2023-12-31": {
        "Tax Effect Of Unusual Items": 316388.326097,
        "Tax Rate For Calcs": 0.152918,
        "Normalized EBITDA": -6511000.0,
        "Total Unusual Items": 2069000.0,
        "Total Unusual Items Excluding Goodwill": 2069000.0,
        "Net Income From Continuing Operation Net Minority Interest": -5268000.0,
        "Reconciled Depreciation": 1651000.0,
        "Reconciled Cost Of Revenue": 29533000.0,
        "EBITDA": -4442000.0,
        "EBIT": -6093000.0,
        "Net Interest Income": -126000.0,
        "Interest Expense": 126000.0,
        "Normalized Income": -7020611.673903,
        "Net Income From Continuing And Discontinued Operation": -5268000.0,
        "Total Expenses": 42392000.0,
        "Total Operating Income As Reported": -8162000.0,
        "Diluted Average Shares": 15212945.0,
        "Basic Average Shares": 15212945.0,
        "Diluted EPS": -0.35,
        "Basic EPS": -0.35,
        "Diluted NI Availto Com Stockholders": -5268000.0,
        "Net Income Common Stockholders": -5268000.0,
        "Net Income": -5268000.0,
        "Net Income Including Noncontrolling Interests": -5268000.0,
        "Net Income Continuous Operations": -5268000.0,
        "Tax Provision": -951000.0,
        "Pretax Income": -6219000.0,
        "Other Income Expense": 2069000.0,
        "Gain On Sale Of Security": 2069000.0,
        "Net Non Operating Interest Income Expense": -126000.0,
        "Interest Expense Non Operating": 126000.0,
        "Operating Income": -8162000.0,
        "Operating Expense": 12859000.0,
        "Selling General And Administration": 12859000.0,
        "Gross Profit": 4697000.0,
        "Cost Of Revenue": 29533000.0,
        "Total Revenue": 34230000.0,
        "Operating Revenue": 34230000.0
    },
    "2024-03-31": {
        "Tax Effect Of Unusual Items": 481794.721041,
        "Tax Rate For Calcs": 0.26057,
        "Normalized EBITDA": -7820000.0,
        "Total Unusual Items": 1849000.0,
        "Total Unusual Items Excluding Goodwill": 1849000.0,
        "Net Income From Continuing Operation Net Minority Interest": -5911000.0,
        "Reconciled Depreciation": 1921000.0,
        "Reconciled Cost Of Revenue": 34078000.0,
        "EBITDA": -5971000.0,
        "EBIT": -7892000.0,
        "Net Interest Income": -102000.0,
        "Interest Expense": 102000.0,
        "Normalized Income": -7278205.278959,
        "Net Income From Continuing And Discontinued Operation": -5911000.0,
        "Total Expenses": 46651000.0,
        "Total Operating Income As Reported": -9741000.0,
        "Diluted Average Shares": 14629489.0,
        "Basic Average Shares": 14629489.0,
        "Diluted EPS": -0.4,
        "Basic EPS": -0.4,
        "Diluted NI Availto Com Stockholders": -5911000.0,
        "Net Income Common Stockholders": -5911000.0,
        "Net Income": -5911000.0,
        "Net Income Including Noncontrolling Interests": -5911000.0,
        "Net Income Continuous Operations": -5911000.0,
        "Tax Provision": -2083000.0,
        "Pretax Income": -7994000.0,
        "Other Income Expense": 1849000.0,
        "Gain On Sale Of Security": 1849000.0,
        "Net Non Operating Interest Income Expense": -102000.0,
        "Interest Expense Non Operating": 102000.0,
        "Operating Income": -9741000.0,
        "Operating Expense": 12573000.0,
        "Selling General And Administration": 12573000.0,
        "Gross Profit": 2832000.0,
        "Cost Of Revenue": 34078000.0,
        "Total Revenue": 36910000.0,
        "Operating Revenue": 36910000.0
    },
    "2024-06-30": {
        "Tax Effect Of Unusual Items": NaN,
        "Tax Rate For Calcs": NaN,
        "Normalized EBITDA": NaN,
        "Total Unusual Items": NaN,
        "Total Unusual Items Excluding Goodwill": NaN,
        "Net Income From Continuing Operation Net Minority Interest": NaN,
        "Reconciled Depreciation": NaN,
        "Reconciled Cost Of Revenue": NaN,
        "EBITDA": NaN,
        "EBIT": NaN,
        "Net Interest Income": NaN,
        "Interest Expense": NaN,
        "Normalized Income": NaN,
        "Net Income From Continuing And Discontinued Operation": NaN,
        "Total Expenses": NaN,
        "Total Operating Income As Reported": NaN,
        "Diluted Average Shares": 14249755.0,
        "Basic Average Shares": 14249755.0,
        "Diluted EPS": -0.04,
        "Basic EPS": -0.04,
        "Diluted NI Availto Com Stockholders": NaN,
        "Net Income Common Stockholders": NaN,
        "Net Income": NaN,
        "Net Income Including Noncontrolling Interests": NaN,
        "Net Income Continuous Operations": NaN,
        "Tax Provision": NaN,
        "Pretax Income": NaN,
        "Other Income Expense": NaN,
        "Gain On Sale Of Security": NaN,
        "Net Non Operating Interest Income Expense": NaN,
        "Interest Expense Non Operating": NaN,
        "Operating Income": NaN,
        "Operating Expense": NaN,
        "Selling General And Administration": NaN,
        "Gross Profit": NaN,
        "Cost Of Revenue": NaN,
        "Total Revenue": NaN,
        "Operating Revenue": NaN
    },
    "2024-09-30": {
        "Tax Effect Of Unusual Items": 678504.927976,
        "Tax Rate For Calcs": 0.37301,
        "Normalized EBITDA": -1083000.0,
        "Total Unusual Items": 1819000.0,
        "Total Unusual Items Excluding Goodwill": 1819000.0,
        "Net Income From Continuing Operation Net Minority Interest": -827000.0,
        "Reconciled Depreciation": 1930000.0,
        "Reconciled Cost Of Revenue": 36104000.0,
        "EBITDA": 736000.0,
        "EBIT": -1194000.0,
        "Net Interest Income": -125000.0,
        "Interest Expense": 125000.0,
        "Normalized Income": -1967495.072024,
        "Net Income From Continuing And Discontinued Operation": -827000.0,
        "Total Expenses": 49785000.0,
        "Total Operating Income As Reported": -3013000.0,
        "Diluted Average Shares": 14234506.0,
        "Basic Average Shares": 14234506.0,
        "Diluted EPS": -0.06,
        "Basic EPS": -0.06,
        "Diluted NI Availto Com Stockholders": -827000.0,
        "Net Income Common Stockholders": -827000.0,
        "Net Income": -827000.0,
        "Net Income Including Noncontrolling Interests": -827000.0,
        "Net Income Continuous Operations": -827000.0,
        "Tax Provision": -492000.0,
        "Pretax Income": -1319000.0,
        "Other Income Expense": 1819000.0,
        "Gain On Sale Of Security": 1819000.0,
        "Net Non Operating Interest Income Expense": -125000.0,
        "Interest Expense Non Operating": 125000.0,
        "Operating Income": -3013000.0,
        "Operating Expense": 13681000.0,
        "Selling General And Administration": 13681000.0,
        "Gross Profit": 10668000.0,
        "Cost Of Revenue": 36104000.0,
        "Total Revenue": 46772000.0,
        "Operating Revenue": 46772000.0
    },
    "2024-12-31": {
        "Tax Effect Of Unusual Items": 319152.0,
        "Tax Rate For Calcs": 0.183,
        "Normalized EBITDA": -2138000.0,
        "Total Unusual Items": 1744000.0,
        "Total Unusual Items Excluding Goodwill": 1744000.0,
        "Net Income From Continuing Operation Net Minority Interest": -1906000.0,
        "Reconciled Depreciation": 1838000.0,
        "Reconciled Cost Of Revenue": 27294000.0,
        "EBITDA": -394000.0,
        "EBIT": -2232000.0,
        "Net Interest Income": -100000.0,
        "Interest Expense": 100000.0,
        "Normalized Income": -3330848.0,
        "Net Income From Continuing And Discontinued Operation": -1906000.0,
        "Total Expenses": 39452000.0,
        "Total Operating Income As Reported": -3976000.0,
        "Diluted Average Shares": 14213025.0,
        "Basic Average Shares": 14213025.0,
        "Diluted EPS": -0.13,
        "Basic EPS": -0.13,
        "Diluted NI Availto Com Stockholders": -1906000.0,
        "Net Income Common Stockholders": -1906000.0,
        "Net Income": -1906000.0,
        "Net Income Including Noncontrolling Interests": -1906000.0,
        "Net Income Continuous Operations": -1906000.0,
        "Tax Provision": -426000.0,
        "Pretax Income": -2332000.0,
        "Other Income Expense": 1744000.0,
        "Gain On Sale Of Security": 1744000.0,
        "Net Non Operating Interest Income Expense": -100000.0,
        "Interest Expense Non Operating": 100000.0,
        "Operating Income": -3976000.0,
        "Operating Expense": 12158000.0,
        "Selling General And Administration": 12158000.0,
        "Gross Profit": 8182000.0,
        "Cost Of Revenue": 27294000.0,
        "Total Revenue": 35476000.0,
        "Operating Revenue": 35476000.0
    },
    "2025-03-31": {
        "Tax Effect Of Unusual Items": 405195.0,
        "Tax Rate For Calcs": 0.255,
        "Normalized EBITDA": 2135000.0,
        "Total Unusual Items": 1589000.0,
        "Total Unusual Items Excluding Goodwill": 1589000.0,
        "Net Income From Continuing Operation Net Minority Interest": 1327000.0,
        "Reconciled Depreciation": 1873000.0,
        "Reconciled Cost Of Revenue": 32976000.0,
        "EBITDA": 3724000.0,
        "EBIT": 1851000.0,
        "Net Interest Income": -69000.0,
        "Interest Expense": 69000.0,
        "Normalized Income": 143195.0,
        "Net Income From Continuing And Discontinued Operation": 1327000.0,
        "Total Expenses": 46906000.0,
        "Total Operating Income As Reported": 262000.0,
        "Diluted Average Shares": 14095341.0,
        "Basic Average Shares": 14095341.0,
        "Diluted EPS": 0.09,
        "Basic EPS": 0.09,
        "Diluted NI Availto Com Stockholders": 1327000.0,
        "Net Income Common Stockholders": 1327000.0,
        "Net Income": 1327000.0,
        "Net Income Including Noncontrolling Interests": 1327000.0,
        "Net Income Continuous Operations": 1327000.0,
        "Tax Provision": 455000.0,
        "Pretax Income": 1782000.0,
        "Other Income Expense": 1589000.0,
        "Gain On Sale Of Security": 1589000.0,
        "Net Non Operating Interest Income Expense": -69000.0,
        "Interest Expense Non Operating": 69000.0,
        "Operating Income": 262000.0,
        "Operating Expense": 13930000.0,
        "Selling General And Administration": 13930000.0,
        "Gross Profit": 14192000.0,
        "Cost Of Revenue": 32976000.0,
        "Total Revenue": 47168000.0,
        "Operating Revenue": 47168000.0
    },
    "2025-06-30": {
        "Tax Effect Of Unusual Items": 333480.0,
        "Tax Rate For Calcs": 0.21,
        "Normalized EBITDA": 3551000.0,
        "Total Unusual Items": 1588000.0,
        "Total Unusual Items Excluding Goodwill": 1588000.0,
        "Net Income From Continuing Operation Net Minority Interest": 1606000.0,
        "Reconciled Depreciation": 2055000.0,
        "Reconciled Cost Of Revenue": 34669000.0,
        "EBITDA": 5139000.0,
        "EBIT": 3084000.0,
        "Net Interest Income": -106000.0,
        "Interest Expense": 106000.0,
        "Normalized Income": 351480.0,
        "Net Income From Continuing And Discontinued Operation": 1606000.0,
        "Total Expenses": 48407000.0,
        "Total Operating Income As Reported": 1496000.0,
        "Diluted Average Shares": 13833748.0,
        "Basic Average Shares": 13833748.0,
        "Diluted EPS": 0.11,
        "Basic EPS": 0.11,
        "Diluted NI Availto Com Stockholders": 1606000.0,
        "Net Income Common Stockholders": 1606000.0,
        "Net Income": 1606000.0,
        "Net Income Including Noncontrolling Interests": 1606000.0,
        "Net Income Continuous Operations": 1606000.0,
        "Tax Provision": 1372000.0,
        "Pretax Income": 2978000.0,
        "Other Income Expense": 1588000.0,
        "Gain On Sale Of Security": 1588000.0,
        "Net Non Operating Interest Income Expense": -106000.0,
        "Interest Expense Non Operating": 106000.0,
        "Operating Income": 1496000.0,
        "Operating Expense": 13738000.0,
        "Selling General And Administration": 13738000.0,
        "Gross Profit": 15234000.0,
        "Cost Of Revenue": 34669000.0,
        "Total Revenue": 49903000.0,
        "Operating Revenue": 49903000.0
    },
    "2025-09-30": {
        "Tax Effect Of Unusual Items": 249651.170247,
        "Tax Rate For Calcs": 0.153254,
        "Normalized EBITDA": 4689000.0,
        "Total Unusual Items": 1629000.0,
        "Total Unusual Items Excluding Goodwill": 1629000.0,
        "Net Income From Continuing Operation Net Minority Interest": 5282000.0,
        "Reconciled Depreciation": 355000.0,
        "Reconciled Cost Of Revenue": 4657000.0,
        "EBITDA": 6318000.0,
        "EBIT": 5963000.0,
        "Net Interest Income": 275000.0,
        "Interest Expense": -275000.0,
        "Normalized Income": 3902651.170247,
        "Net Income From Continuing And Discontinued Operation": -9078000.0,
        "Total Expenses": 13253000.0,
        "Total Operating Income As Reported": 4334000.0,
        "Diluted Average Shares": NaN,
        "Basic Average Shares": NaN,
        "Diluted EPS": NaN,
        "Basic EPS": NaN,
        "Diluted NI Availto Com Stockholders": -9078000.0,
        "Net Income Common Stockholders": -9078000.0,
        "Net Income": -9078000.0,
        "Net Income Including Noncontrolling Interests": -9078000.0,
        "Net Income Continuous Operations": 5282000.0,
        "Tax Provision": 956000.0,
        "Pretax Income": 6238000.0,
        "Other Income Expense": 1629000.0,
        "Gain On Sale Of Security": 1629000.0,
        "Net Non Operating Interest Income Expense": 275000.0,
        "Interest Expense Non Operating": -275000.0,
        "Operating Income": 4334000.0,
        "Operating Expense": 8596000.0,
        "Selling General And Administration": 8596000.0,
        "Gross Profit": 12930000.0,
        "Cost Of Revenue": 4657000.0,
        "Total Revenue": 17587000.0,
        "Operating Revenue": 17587000.0
    }
}