{
    "2023-03-31": {
        "Tax Effect Of Unusual Items": NaN,
        "Tax Rate For Calcs": NaN,
        "Normalized EBITDA": NaN,
        "Total Unusual Items": NaN,
        "Total Unusual Items Excluding Goodwill": NaN,
        "Net Income From Continuing Operation Net Minority Interest": NaN,
        "Reconciled Depreciation": NaN,
        "Reconciled Cost Of Revenue": NaN,
        "EBITDA": NaN,
        "EBIT": NaN,
        "Net Interest Income": NaN,
        "Interest Expense": NaN,
        "Interest Income": NaN,
        "Normalized Income": NaN,
        "Net Income From Continuing And Discontinued Operation": NaN,
        "Total Expenses": NaN,
        "Total Operating Income As Reported": NaN,
        "Diluted Average Shares": NaN,
        "Basic Average Shares": NaN,
        "Diluted EPS": NaN,
        "Basic EPS": NaN,
        "Diluted NI Availto Com Stockholders": NaN,
        "Net Income Common Stockholders": NaN,
        "Net Income": NaN,
        "Net Income Including Noncontrolling Interests": NaN,
        "Net Income Continuous Operations": NaN,
        "Tax Provision": NaN,
        "Pretax Income": NaN,
        "Other Income Expense": NaN,
        "Other Non Operating Income Expenses": NaN,
        "Special Income Charges": NaN,
        "Gain On Sale Of Business": NaN,
        "Other Special Charges": 2362000.0,
        "Net Non Operating Interest Income Expense": NaN,
        "Interest Expense Non Operating": NaN,
        "Interest Income Non Operating": NaN,
        "Operating Income": NaN,
        "Operating Expense": NaN,
        "Other Operating Expenses": NaN,
        "Depreciation Amortization Depletion Income Statement": NaN,
        "Depreciation And Amortization In Income Statement": NaN,
        "Amortization": NaN,
        "Amortization Of Intangibles Income Statement": NaN,
        "Depreciation Income Statement": NaN,
        "Selling General And Administration": NaN,
        "Gross Profit": NaN,
        "Cost Of Revenue": NaN,
        "Total Revenue": NaN,
        "Operating Revenue": NaN
    },
    "2022-12-31": {
        "Tax Effect Of Unusual Items": NaN,
        "Tax Rate For Calcs": NaN,
        "Normalized EBITDA": NaN,
        "Total Unusual Items": NaN,
        "Total Unusual Items Excluding Goodwill": NaN,
        "Net Income From Continuing Operation Net Minority Interest": NaN,
        "Reconciled Depreciation": NaN,
        "Reconciled Cost Of Revenue": NaN,
        "EBITDA": NaN,
        "EBIT": NaN,
        "Net Interest Income": NaN,
        "Interest Expense": NaN,
        "Interest Income": NaN,
        "Normalized Income": NaN,
        "Net Income From Continuing And Discontinued Operation": NaN,
        "Total Expenses": NaN,
        "Total Operating Income As Reported": NaN,
        "Diluted Average Shares": NaN,
        "Basic Average Shares": NaN,
        "Diluted EPS": NaN,
        "Basic EPS": NaN,
        "Diluted NI Availto Com Stockholders": NaN,
        "Net Income Common Stockholders": NaN,
        "Net Income": NaN,
        "Net Income Including Noncontrolling Interests": NaN,
        "Net Income Continuous Operations": NaN,
        "Tax Provision": NaN,
        "Pretax Income": NaN,
        "Other Income Expense": NaN,
        "Other Non Operating Income Expenses": NaN,
        "Special Income Charges": NaN,
        "Gain On Sale Of Business": 0.0,
        "Other Special Charges": NaN,
        "Net Non Operating Interest Income Expense": NaN,
        "Interest Expense Non Operating": NaN,
        "Interest Income Non Operating": NaN,
        "Operating Income": NaN,
        "Operating Expense": NaN,
        "Other Operating Expenses": NaN,
        "Depreciation Amortization Depletion Income Statement": NaN,
        "Depreciation And Amortization In Income Statement": NaN,
        "Amortization": NaN,
        "Amortization Of Intangibles Income Statement": NaN,
        "Depreciation Income Statement": NaN,
        "Selling General And Administration": NaN,
        "Gross Profit": NaN,
        "Cost Of Revenue": NaN,
        "Total Revenue": NaN,
        "Operating Revenue": NaN
    },
    "2022-09-30": {
        "Tax Effect Of Unusual Items": NaN,
        "Tax Rate For Calcs": NaN,
        "Normalized EBITDA": NaN,
        "Total Unusual Items": NaN,
        "Total Unusual Items Excluding Goodwill": NaN,
        "Net Income From Continuing Operation Net Minority Interest": NaN,
        "Reconciled Depreciation": NaN,
        "Reconciled Cost Of Revenue": NaN,
        "EBITDA": NaN,
        "EBIT": NaN,
        "Net Interest Income": NaN,
        "Interest Expense": NaN,
        "Interest Income": NaN,
        "Normalized Income": NaN,
        "Net Income From Continuing And Discontinued Operation": NaN,
        "Total Expenses": NaN,
        "Total Operating Income As Reported": NaN,
        "Diluted Average Shares": NaN,
        "Basic Average Shares": NaN,
        "Diluted EPS": NaN,
        "Basic EPS": NaN,
        "Diluted NI Availto Com Stockholders": NaN,
        "Net Income Common Stockholders": NaN,
        "Net Income": NaN,
        "Net Income Including Noncontrolling Interests": NaN,
        "Net Income Continuous Operations": NaN,
        "Tax Provision": NaN,
        "Pretax Income": NaN,
        "Other Income Expense": NaN,
        "Other Non Operating Income Expenses": NaN,
        "Special Income Charges": NaN,
        "Gain On Sale Of Business": 0.0,
        "Other Special Charges": NaN,
        "Net Non Operating Interest Income Expense": NaN,
        "Interest Expense Non Operating": NaN,
        "Interest Income Non Operating": NaN,
        "Operating Income": NaN,
        "Operating Expense": NaN,
        "Other Operating Expenses": NaN,
        "Depreciation Amortization Depletion Income Statement": NaN,
        "Depreciation And Amortization In Income Statement": NaN,
        "Amortization": NaN,
        "Amortization Of Intangibles Income Statement": NaN,
        "Depreciation Income Statement": NaN,
        "Selling General And Administration": NaN,
        "Gross Profit": NaN,
        "Cost Of Revenue": NaN,
        "Total Revenue": NaN,
        "Operating Revenue": NaN
    },
    "2022-06-30": {
        "Tax Effect Of Unusual Items": 2127360.0,
        "Tax Rate For Calcs": 0.24,
        "Normalized EBITDA": 300866000.0,
        "Total Unusual Items": 8864000.0,
        "Total Unusual Items Excluding Goodwill": 8864000.0,
        "Net Income From Continuing Operation Net Minority Interest": 148157000.0,
        "Reconciled Depreciation": 87868000.0,
        "Reconciled Cost Of Revenue": 898469000.0,
        "EBITDA": 309730000.0,
        "EBIT": 221862000.0,
        "Net Interest Income": -26256000.0,
        "Interest Expense": 26819000.0,
        "Interest Income": 563000.0,
        "Normalized Income": 141420360.0,
        "Net Income From Continuing And Discontinued Operation": 148157000.0,
        "Total Expenses": 1145142000.0,
        "Total Operating Income As Reported": 211170000.0,
        "Diluted Average Shares": 54597000.0,
        "Basic Average Shares": 54318000.0,
        "Diluted EPS": 2.71,
        "Basic EPS": 2.73,
        "Diluted NI Availto Com Stockholders": 148157000.0,
        "Net Income Common Stockholders": 148157000.0,
        "Net Income": 148157000.0,
        "Net Income Including Noncontrolling Interests": 148157000.0,
        "Net Income Continuous Operations": 148157000.0,
        "Tax Provision": 46886000.0,
        "Pretax Income": 195043000.0,
        "Other Income Expense": 10129000.0,
        "Other Non Operating Income Expenses": 1265000.0,
        "Special Income Charges": 8864000.0,
        "Gain On Sale Of Business": 8864000.0,
        "Other Special Charges": NaN,
        "Net Non Operating Interest Income Expense": -26256000.0,
        "Interest Expense Non Operating": 26819000.0,
        "Interest Income Non Operating": 563000.0,
        "Operating Income": 211170000.0,
        "Operating Expense": 246673000.0,
        "Other Operating Expenses": 3197000.0,
        "Depreciation Amortization Depletion Income Statement": 87868000.0,
        "Depreciation And Amortization In Income Statement": 87868000.0,
        "Amortization": 12252000.0,
        "Amortization Of Intangibles Income Statement": 12252000.0,
        "Depreciation Income Statement": 75616000.0,
        "Selling General And Administration": 155608000.0,
        "Gross Profit": 457843000.0,
        "Cost Of Revenue": 898469000.0,
        "Total Revenue": 1356312000.0,
        "Operating Revenue": 1356312000.0
    },
    "2023-06-30": {
        "Tax Effect Of Unusual Items": NaN,
        "Tax Rate For Calcs": NaN,
        "Normalized EBITDA": NaN,
        "Total Unusual Items": NaN,
        "Total Unusual Items Excluding Goodwill": NaN,
        "Net Income From Continuing Operation Net Minority Interest": NaN,
        "Reconciled Depreciation": NaN,
        "Reconciled Cost Of Revenue": NaN,
        "EBITDA": NaN,
        "EBIT": NaN,
        "Net Interest Income": NaN,
        "Interest Expense": NaN,
        "Interest Income": NaN,
        "Normalized Income": NaN,
        "Net Income From Continuing And Discontinued Operation": NaN,
        "Total Expenses": NaN,
        "Total Operating Income As Reported": NaN,
        "Diluted Average Shares": NaN,
        "Basic Average Shares": NaN,
        "Diluted EPS": NaN,
        "Basic EPS": NaN,
        "Diluted NI Availto Com Stockholders": NaN,
        "Net Income Common Stockholders": NaN,
        "Net Income": NaN,
        "Net Income Including Noncontrolling Interests": NaN,
        "Net Income Continuous Operations": NaN,
        "Tax Provision": NaN,
        "Pretax Income": NaN,
        "Other Income Expense": NaN,
        "Other Non Operating Income Expenses": NaN,
        "Special Income Charges": NaN,
        "Gain On Sale Of Business": 0.0,
        "Other Special Charges": NaN,
        "Net Non Operating Interest Income Expense": NaN,
        "Interest Expense Non Operating": NaN,
        "Interest Income Non Operating": NaN,
        "Operating Income": NaN,
        "Operating Expense": NaN,
        "Other Operating Expenses": NaN,
        "Depreciation Amortization Depletion Income Statement": NaN,
        "Depreciation And Amortization In Income Statement": NaN,
        "Amortization": NaN,
        "Amortization Of Intangibles Income Statement": NaN,
        "Depreciation Income Statement": NaN,
        "Selling General And Administration": NaN,
        "Gross Profit": NaN,
        "Cost Of Revenue": NaN,
        "Total Revenue": NaN,
        "Operating Revenue": NaN
    },
    "2022-03-31": {
        "Diluted EPS": 0.83,
        "Total Revenue": NaN,
        "Gross Profit": 326,
        "Operating Income": 87,
        "EBIT": 176,
        "Net Income": 45
    },
    "2021-12-31": {
        "Diluted EPS": 0.9,
        "Total Revenue": NaN,
        "Gross Profit": 327,
        "Operating Income": 82,
        "EBIT": 170,
        "Net Income": 49
    },
    "2021-09-30": {
        "Diluted EPS": 1.2,
        "Total Revenue": 951,
        "Gross Profit": 312,
        "Operating Income": 105,
        "EBIT": 180,
        "Net Income": 65
    },
    "2021-06-30": {
        "Diluted EPS": 1.22,
        "Total Revenue": 926,
        "Gross Profit": 309,
        "Operating Income": 110,
        "EBIT": 185,
        "Net Income": 67
    },
    "2021-03-31": {
        "Diluted EPS": 0.39,
        "Total Revenue": 808,
        "Gross Profit": 248,
        "Operating Income": 51,
        "EBIT": 127,
        "Net Income": 22
    },
    "2020-12-31": {
        "Diluted EPS": 0.7,
        "Total Revenue": 796,
        "Gross Profit": 247,
        "Operating Income": 62,
        "EBIT": 137,
        "Net Income": 39
    },
    "2020-09-30": {
        "Diluted EPS": 0.99,
        "Total Revenue": 779,
        "Gross Profit": 268,
        "Operating Income": 84,
        "EBIT": 162,
        "Net Income": 55
    },
    "2020-06-30": {
        "Diluted EPS": 0.52,
        "Total Revenue": 710,
        "Gross Profit": 239,
        "Operating Income": 60,
        "EBIT": 136,
        "Net Income": 29
    },
    "2020-03-31": {
        "Diluted EPS": 0.21,
        "Total Revenue": 859,
        "Gross Profit": 252,
        "Operating Income": 45,
        "EBIT": 123,
        "Net Income": 12
    },
    "2019-12-31": {
        "Diluted EPS": 0.42,
        "Total Revenue": 871,
        "Gross Profit": 255,
        "Operating Income": 52,
        "EBIT": 133,
        "Net Income": 24
    },
    "2019-09-30": {
        "Diluted EPS": 0.65,
        "Total Revenue": 892,
        "Gross Profit": 279,
        "Operating Income": 80,
        "EBIT": 158,
        "Net Income": 36
    },
    "2019-06-30": {
        "Diluted EPS": 0.65,
        "Total Revenue": 869,
        "Gross Profit": 274,
        "Operating Income": 73,
        "EBIT": 151,
        "Net Income": 36
    },
    "2019-03-31": {
        "Diluted EPS": 0.02,
        "Total Revenue": 781,
        "Gross Profit": 216,
        "Operating Income": 24,
        "EBIT": 103,
        "Net Income": 1
    },
    "2018-12-31": {
        "Diluted EPS": 0.29,
        "Total Revenue": 858,
        "Gross Profit": 263,
        "Operating Income": 41,
        "EBIT": 123,
        "Net Income": 16
    },
    "2018-09-30": {
        "Diluted EPS": 0.55,
        "Total Revenue": 843,
        "Gross Profit": 262,
        "Operating Income": 66,
        "EBIT": 142,
        "Net Income": 31
    },
    "2018-06-30": {
        "Diluted EPS": 0.54,
        "Total Revenue": 849,
        "Gross Profit": 266,
        "Operating Income": 64,
        "EBIT": 141,
        "Net Income": 31
    },
    "2018-03-31": {
        "Diluted EPS": -0.22,
        "Total Revenue": 750,
        "Gross Profit": 203,
        "Operating Income": 11,
        "EBIT": 89,
        "Net Income": -13
    },
    "2017-12-31": {
        "Diluted EPS": 1.47,
        "Total Revenue": 747,
        "Gross Profit": 221,
        "Operating Income": 28,
        "EBIT": 103,
        "Net Income": 84
    },
    "2017-09-30": {
        "Diluted EPS": 0.21,
        "Total Revenue": 756,
        "Gross Profit": 236,
        "Operating Income": 48,
        "EBIT": 124,
        "Net Income": 12
    },
    "2017-06-30": {
        "Diluted EPS": 0.45,
        "Total Revenue": 753,
        "Gross Profit": 233,
        "Operating Income": 47,
        "EBIT": 122,
        "Net Income": 26
    },
    "2017-03-31": {
        "Diluted EPS": -0.37,
        "Total Revenue": 689,
        "Gross Profit": 192,
        "Operating Income": 5,
        "EBIT": 81,
        "Net Income": -21
    },
    "2016-12-31": {
        "Diluted EPS": -0.22,
        "Total Revenue": 692,
        "Gross Profit": 195,
        "Operating Income": 22,
        "EBIT": 97,
        "Net Income": -13
    },
    "2016-09-30": {
        "Diluted EPS": -0.18,
        "Total Revenue": 730,
        "Gross Profit": 238,
        "Operating Income": 17,
        "EBIT": 128,
        "Net Income": -10
    },
    "2016-06-30": {
        "Diluted EPS": 0.07,
        "Total Revenue": 698,
        "Gross Profit": 218,
        "Operating Income": 35,
        "EBIT": 111,
        "Net Income": 4
    },
    "2016-03-31": {
        "Diluted EPS": -0.36,
        "Total Revenue": 636,
        "Gross Profit": 172,
        "Operating Income": -4,
        "EBIT": 68,
        "Net Income": -21
    },
    "2015-12-31": {
        "Diluted EPS": 0.01,
        "Total Revenue": 713,
        "Gross Profit": 190,
        "Operating Income": 26,
        "EBIT": 98,
        "Net Income": 1
    },
    "2015-09-30": {
        "Diluted EPS": 0.69,
        "Total Revenue": 893,
        "Gross Profit": 259,
        "Operating Income": 94,
        "EBIT": 162,
        "Net Income": 40
    },
    "2015-06-30": {
        "Diluted EPS": 0.18,
        "Total Revenue": 936,
        "Gross Profit": 284,
        "Operating Income": 61,
        "EBIT": 168,
        "Net Income": 10
    },
    "2015-03-31": {
        "Diluted EPS": -0.12,
        "Total Revenue": 732,
        "Gross Profit": 186,
        "Operating Income": 7,
        "EBIT": 79,
        "Net Income": -7
    },
    "2014-12-31": {
        "Diluted EPS": 0.46,
        "Total Revenue": 845,
        "Gross Profit": 234,
        "Operating Income": 58,
        "EBIT": 132,
        "Net Income": 27
    },
    "2014-09-30": {
        "Diluted EPS": -1.55,
        "Total Revenue": 851,
        "Gross Profit": 253,
        "Operating Income": -43,
        "EBIT": 154,
        "Net Income": -93
    },
    "2014-06-30": {
        "Diluted EPS": 0.47,
        "Total Revenue": 858,
        "Gross Profit": 252,
        "Operating Income": 67,
        "EBIT": 137,
        "Net Income": 29
    },
    "2014-03-31": {
        "Diluted EPS": 0.15,
        "Total Revenue": 847,
        "Gross Profit": 221,
        "Operating Income": 30,
        "EBIT": 103,
        "Net Income": 9
    },
    "2013-12-31": {
        "Diluted EPS": 0.44,
        "Total Revenue": 879,
        "Gross Profit": 234,
        "Operating Income": 59,
        "EBIT": 130,
        "Net Income": 27
    },
    "2013-09-30": {
        "Diluted EPS": 0.58,
        "Total Revenue": 908,
        "Gross Profit": 260,
        "Operating Income": 74,
        "EBIT": 147,
        "Net Income": 35
    },
    "2013-06-30": {
        "Diluted EPS": 0.38,
        "Total Revenue": 861,
        "Gross Profit": 246,
        "Operating Income": 53,
        "EBIT": 124,
        "Net Income": 23
    },
    "2013-03-31": {
        "Diluted EPS": 0.17,
        "Total Revenue": 862,
        "Gross Profit": 226,
        "Operating Income": 35,
        "EBIT": 99,
        "Net Income": 11
    },
    "2012-12-31": {
        "Diluted EPS": 1.13,
        "Total Revenue": 559,
        "Gross Profit": 159,
        "Operating Income": 36,
        "EBIT": 84,
        "Net Income": 62
    },
    "2012-09-30": {
        "Diluted EPS": 0.23,
        "Total Revenue": 534,
        "Gross Profit": 161,
        "Operating Income": 57,
        "EBIT": 101,
        "Net Income": 12
    },
    "2012-06-30": {
        "Diluted EPS": 0.44,
        "Total Revenue": 523,
        "Gross Profit": 155,
        "Operating Income": 48,
        "EBIT": 89,
        "Net Income": 23
    },
    "2012-03-31": {
        "Diluted EPS": 0.6,
        "Total Revenue": 572,
        "Gross Profit": 172,
        "Operating Income": 62,
        "EBIT": 101,
        "Net Income": 32
    },
    "2011-12-31": {
        "Diluted EPS": 0.71,
        "Total Revenue": 546,
        "Gross Profit": 173,
        "Operating Income": 59,
        "EBIT": 98,
        "Net Income": 38
    },
    "2011-09-30": {
        "Diluted EPS": 0.7,
        "Total Revenue": 556,
        "Gross Profit": 170,
        "Operating Income": 67,
        "EBIT": 104,
        "Net Income": 37
    },
    "2011-06-30": {
        "Diluted EPS": 0.55,
        "Total Revenue": 447,
        "Gross Profit": 139,
        "Operating Income": 52,
        "EBIT": 82,
        "Net Income": 29
    },
    "2011-03-31": {
        "Diluted EPS": 0.43,
        "Total Revenue": 435,
        "Gross Profit": 122,
        "Operating Income": 40,
        "EBIT": 68,
        "Net Income": 23
    },
    "2010-12-31": {
        "Diluted EPS": 0.44,
        "Total Revenue": 417,
        "Gross Profit": 126,
        "Operating Income": 43,
        "EBIT": 71,
        "Net Income": 23
    },
    "2010-09-30": {
        "Diluted EPS": 0.73,
        "Total Revenue": 488,
        "Gross Profit": 152,
        "Operating Income": 73,
        "EBIT": 100,
        "Net Income": 39
    },
    "2010-06-30": {
        "Diluted EPS": 1.1,
        "Total Revenue": 472,
        "Gross Profit": 147,
        "Operating Income": 72,
        "EBIT": 97,
        "Net Income": 58
    },
    "2010-03-31": {
        "Diluted EPS": 0.2,
        "Total Revenue": 355,
        "Gross Profit": 94,
        "Operating Income": 24,
        "EBIT": 50,
        "Net Income": 10
    },
    "2009-12-31": {
        "Diluted EPS": 0.28,
        "Total Revenue": 347,
        "Gross Profit": 94,
        "Operating Income": 28,
        "EBIT": 53,
        "Net Income": 14
    },
    "2009-09-30": {
        "Diluted EPS": 0.18,
        "Total Revenue": 306,
        "Gross Profit": 95,
        "Operating Income": 27,
        "EBIT": 49,
        "Net Income": 9
    },
    "2009-06-30": {
        "Diluted EPS": 0.18,
        "Total Revenue": 215,
        "Gross Profit": 69,
        "Operating Income": 16,
        "EBIT": 32,
        "Net Income": 9
    },
    "2009-03-31": {
        "Diluted EPS": 0.11,
        "Total Revenue": 206,
        "Gross Profit": 63,
        "Operating Income": 11,
        "EBIT": 26,
        "Net Income": 5
    },
    "2023-09-30": {
        "Tax Effect Of Unusual Items": NaN,
        "Tax Rate For Calcs": NaN,
        "Normalized EBITDA": NaN,
        "Total Unusual Items": NaN,
        "Total Unusual Items Excluding Goodwill": NaN,
        "Net Income From Continuing Operation Net Minority Interest": NaN,
        "Reconciled Depreciation": NaN,
        "Reconciled Cost Of Revenue": NaN,
        "EBITDA": NaN,
        "EBIT": NaN,
        "Net Interest Income": NaN,
        "Interest Expense": NaN,
        "Interest Income": NaN,
        "Normalized Income": NaN,
        "Net Income From Continuing And Discontinued Operation": NaN,
        "Total Expenses": NaN,
        "Total Operating Income As Reported": NaN,
        "Diluted Average Shares": 54419000.0,
        "Basic Average Shares": 54122000.0,
        "Diluted EPS": 1.68,
        "Basic EPS": 1.69,
        "Diluted NI Availto Com Stockholders": NaN,
        "Net Income Common Stockholders": NaN,
        "Net Income": NaN,
        "Net Income Including Noncontrolling Interests": NaN,
        "Net Income Continuous Operations": NaN,
        "Tax Provision": NaN,
        "Pretax Income": NaN,
        "Other Income Expense": NaN,
        "Other Non Operating Income Expenses": NaN,
        "Special Income Charges": NaN,
        "Gain On Sale Of Business": 0.0,
        "Other Special Charges": NaN,
        "Net Non Operating Interest Income Expense": NaN,
        "Interest Expense Non Operating": NaN,
        "Interest Income Non Operating": NaN,
        "Operating Income": NaN,
        "Operating Expense": NaN,
        "Other Operating Expenses": NaN,
        "Depreciation Amortization Depletion Income Statement": NaN,
        "Depreciation And Amortization In Income Statement": NaN,
        "Amortization": NaN,
        "Amortization Of Intangibles Income Statement": NaN,
        "Depreciation Income Statement": NaN,
        "Selling General And Administration": NaN,
        "Gross Profit": NaN,
        "Cost Of Revenue": NaN,
        "Total Revenue": NaN,
        "Operating Revenue": NaN
    },
    "2023-12-31": {
        "Tax Effect Of Unusual Items": -99486.740931,
        "Tax Rate For Calcs": 0.192059,
        "Normalized EBITDA": 252874000.0,
        "Total Unusual Items": -518000.0,
        "Total Unusual Items Excluding Goodwill": -518000.0,
        "Net Income From Continuing Operation Net Minority Interest": 98349000.0,
        "Reconciled Depreciation": 98336000.0,
        "Reconciled Cost Of Revenue": 923147000.0,
        "EBITDA": 252356000.0,
        "EBIT": 154020000.0,
        "Net Interest Income": -28195000.0,
        "Interest Expense": 32292000.0,
        "Interest Income": 4097000.0,
        "Normalized Income": 98767513.259069,
        "Net Income From Continuing And Discontinued Operation": 98349000.0,
        "Total Expenses": 1190876000.0,
        "Total Operating Income As Reported": 147293000.0,
        "Diluted Average Shares": 54259000.0,
        "Basic Average Shares": 53995000.0,
        "Diluted EPS": 1.81,
        "Basic EPS": 1.82,
        "Diluted NI Availto Com Stockholders": 98349000.0,
        "Net Income Common Stockholders": 98349000.0,
        "Net Income": 98349000.0,
        "Net Income Including Noncontrolling Interests": 98349000.0,
        "Net Income Continuous Operations": 98349000.0,
        "Tax Provision": 23379000.0,
        "Pretax Income": 121728000.0,
        "Other Income Expense": 2630000.0,
        "Other Non Operating Income Expenses": 3148000.0,
        "Special Income Charges": -518000.0,
        "Gain On Sale Of Business": 0.0,
        "Other Special Charges": 518000.0,
        "Net Non Operating Interest Income Expense": -28195000.0,
        "Interest Expense Non Operating": 32292000.0,
        "Interest Income Non Operating": 4097000.0,
        "Operating Income": 147293000.0,
        "Operating Expense": 267729000.0,
        "Other Operating Expenses": 3386000.0,
        "Depreciation Amortization Depletion Income Statement": 98336000.0,
        "Depreciation And Amortization In Income Statement": 98336000.0,
        "Amortization": 12495000.0,
        "Amortization Of Intangibles Income Statement": 12495000.0,
        "Depreciation Income Statement": 85841000.0,
        "Selling General And Administration": 166007000.0,
        "Gross Profit": 415022000.0,
        "Cost Of Revenue": 923147000.0,
        "Total Revenue": 1338169000.0,
        "Operating Revenue": 1338169000.0
    },
    "2024-03-31": {
        "Tax Effect Of Unusual Items": 0.0,
        "Tax Rate For Calcs": 0.271,
        "Normalized EBITDA": 222913000.0,
        "Total Unusual Items": 0.0,
        "Total Unusual Items Excluding Goodwill": 0.0,
        "Net Income From Continuing Operation Net Minority Interest": 69832000.0,
        "Reconciled Depreciation": 95065000.0,
        "Reconciled Cost Of Revenue": 971070000.0,
        "EBITDA": 222913000.0,
        "EBIT": 127848000.0,
        "Net Interest Income": -28539000.0,
        "Interest Expense": 32053000.0,
        "Interest Income": 3514000.0,
        "Normalized Income": 69832000.0,
        "Net Income From Continuing And Discontinued Operation": 69832000.0,
        "Total Expenses": 1251220000.0,
        "Total Operating Income As Reported": 125475000.0,
        "Diluted Average Shares": 54213000.0,
        "Basic Average Shares": 53930000.0,
        "Diluted EPS": 1.29,
        "Basic EPS": 1.29,
        "Diluted NI Availto Com Stockholders": 69832000.0,
        "Net Income Common Stockholders": 69832000.0,
        "Net Income": 69832000.0,
        "Net Income Including Noncontrolling Interests": 69832000.0,
        "Net Income Continuous Operations": 69832000.0,
        "Tax Provision": 25963000.0,
        "Pretax Income": 95795000.0,
        "Other Income Expense": -1141000.0,
        "Other Non Operating Income Expenses": -1141000.0,
        "Special Income Charges": 0.0,
        "Gain On Sale Of Business": NaN,
        "Other Special Charges": NaN,
        "Net Non Operating Interest Income Expense": -28539000.0,
        "Interest Expense Non Operating": 32053000.0,
        "Interest Income Non Operating": 3514000.0,
        "Operating Income": 125475000.0,
        "Operating Expense": 280150000.0,
        "Other Operating Expenses": 3217000.0,
        "Depreciation Amortization Depletion Income Statement": 95065000.0,
        "Depreciation And Amortization In Income Statement": 95065000.0,
        "Amortization": 12850000.0,
        "Amortization Of Intangibles Income Statement": 12850000.0,
        "Depreciation Income Statement": 82215000.0,
        "Selling General And Administration": 181868000.0,
        "Gross Profit": 405625000.0,
        "Cost Of Revenue": 971070000.0,
        "Total Revenue": 1376695000.0,
        "Operating Revenue": 1376695000.0
    },
    "2024-06-30": {
        "Tax Effect Of Unusual Items": 0.0,
        "Tax Rate For Calcs": 0.255,
        "Normalized EBITDA": 320182000.0,
        "Total Unusual Items": 0.0,
        "Total Unusual Items Excluding Goodwill": 0.0,
        "Net Income From Continuing Operation Net Minority Interest": 133280000.0,
        "Reconciled Depreciation": 100504000.0,
        "Reconciled Cost Of Revenue": 1035542000.0,
        "EBITDA": 320182000.0,
        "EBIT": 219678000.0,
        "Net Interest Income": -36449000.0,
        "Interest Expense": 40801000.0,
        "Interest Income": 4352000.0,
        "Normalized Income": 133280000.0,
        "Net Income From Continuing And Discontinued Operation": 133280000.0,
        "Total Expenses": 1337226000.0,
        "Total Operating Income As Reported": 215493000.0,
        "Diluted Average Shares": 54248000.0,
        "Basic Average Shares": 53932000.0,
        "Diluted EPS": 2.46,
        "Basic EPS": 2.47,
        "Diluted NI Availto Com Stockholders": 133280000.0,
        "Net Income Common Stockholders": 133280000.0,
        "Net Income": 133280000.0,
        "Net Income Including Noncontrolling Interests": 133280000.0,
        "Net Income Continuous Operations": 133280000.0,
        "Tax Provision": 45597000.0,
        "Pretax Income": 178877000.0,
        "Other Income Expense": -167000.0,
        "Other Non Operating Income Expenses": -167000.0,
        "Special Income Charges": 0.0,
        "Gain On Sale Of Business": NaN,
        "Other Special Charges": NaN,
        "Net Non Operating Interest Income Expense": -36449000.0,
        "Interest Expense Non Operating": 40801000.0,
        "Interest Income Non Operating": 4352000.0,
        "Operating Income": 215493000.0,
        "Operating Expense": 301684000.0,
        "Other Operating Expenses": 3304000.0,
        "Depreciation Amortization Depletion Income Statement": 100504000.0,
        "Depreciation And Amortization In Income Statement": 100504000.0,
        "Amortization": 14032000.0,
        "Amortization Of Intangibles Income Statement": 14032000.0,
        "Depreciation Income Statement": 86472000.0,
        "Selling General And Administration": 197876000.0,
        "Gross Profit": 517177000.0,
        "Cost Of Revenue": 1035542000.0,
        "Total Revenue": 1552719000.0,
        "Operating Revenue": 1552719000.0
    },
    "2024-09-30": {
        "Tax Effect Of Unusual Items": 0.0,
        "Tax Rate For Calcs": 0.259,
        "Normalized EBITDA": 296627000.0,
        "Total Unusual Items": 0.0,
        "Total Unusual Items Excluding Goodwill": 0.0,
        "Net Income From Continuing Operation Net Minority Interest": 115213000.0,
        "Reconciled Depreciation": 100063000.0,
        "Reconciled Cost Of Revenue": 1055599000.0,
        "EBITDA": 296627000.0,
        "EBIT": 196564000.0,
        "Net Interest Income": -35779000.0,
        "Interest Expense": 41170000.0,
        "Interest Income": 5391000.0,
        "Normalized Income": 115213000.0,
        "Net Income From Continuing And Discontinued Operation": 115213000.0,
        "Total Expenses": 1337126000.0,
        "Total Operating Income As Reported": 192296000.0,
        "Diluted Average Shares": 54229000.0,
        "Basic Average Shares": 53951000.0,
        "Diluted EPS": 2.12,
        "Basic EPS": 2.14,
        "Diluted NI Availto Com Stockholders": 115213000.0,
        "Net Income Common Stockholders": 115213000.0,
        "Net Income": 115213000.0,
        "Net Income Including Noncontrolling Interests": 115213000.0,
        "Net Income Continuous Operations": 115213000.0,
        "Tax Provision": 40181000.0,
        "Pretax Income": 155394000.0,
        "Other Income Expense": -1123000.0,
        "Other Non Operating Income Expenses": -1123000.0,
        "Special Income Charges": 0.0,
        "Gain On Sale Of Business": NaN,
        "Other Special Charges": NaN,
        "Net Non Operating Interest Income Expense": -35779000.0,
        "Interest Expense Non Operating": 41170000.0,
        "Interest Income Non Operating": 5391000.0,
        "Operating Income": 192296000.0,
        "Operating Expense": 281527000.0,
        "Other Operating Expenses": 3618000.0,
        "Depreciation Amortization Depletion Income Statement": 100063000.0,
        "Depreciation And Amortization In Income Statement": 100063000.0,
        "Amortization": 13862000.0,
        "Amortization Of Intangibles Income Statement": 13862000.0,
        "Depreciation Income Statement": 86201000.0,
        "Selling General And Administration": 177846000.0,
        "Gross Profit": 473823000.0,
        "Cost Of Revenue": 1055599000.0,
        "Total Revenue": 1529422000.0,
        "Operating Revenue": 1529422000.0
    },
    "2024-12-31": {
        "Tax Effect Of Unusual Items": -69633.603219,
        "Tax Rate For Calcs": 0.187692,
        "Normalized EBITDA": 249415000.0,
        "Total Unusual Items": -371000.0,
        "Total Unusual Items Excluding Goodwill": -371000.0,
        "Net Income From Continuing Operation Net Minority Interest": 83974000.0,
        "Reconciled Depreciation": 105290000.0,
        "Reconciled Cost Of Revenue": 1003502000.0,
        "EBITDA": 249044000.0,
        "EBIT": 143754000.0,
        "Net Interest Income": -34197000.0,
        "Interest Expense": 40377000.0,
        "Interest Income": 6180000.0,
        "Normalized Income": 84275366.396781,
        "Net Income From Continuing And Discontinued Operation": 83974000.0,
        "Total Expenses": 1294148000.0,
        "Total Operating Income As Reported": 136968000.0,
        "Diluted Average Shares": NaN,
        "Basic Average Shares": NaN,
        "Diluted EPS": NaN,
        "Basic EPS": NaN,
        "Diluted NI Availto Com Stockholders": 83974000.0,
        "Net Income Common Stockholders": 83974000.0,
        "Net Income": 83974000.0,
        "Net Income Including Noncontrolling Interests": 83974000.0,
        "Net Income Continuous Operations": 83974000.0,
        "Tax Provision": 19403000.0,
        "Pretax Income": 103377000.0,
        "Other Income Expense": 606000.0,
        "Other Non Operating Income Expenses": 977000.0,
        "Special Income Charges": -371000.0,
        "Gain On Sale Of Business": NaN,
        "Other Special Charges": NaN,
        "Net Non Operating Interest Income Expense": -34197000.0,
        "Interest Expense Non Operating": 40377000.0,
        "Interest Income Non Operating": 6180000.0,
        "Operating Income": 136968000.0,
        "Operating Expense": 290646000.0,
        "Other Operating Expenses": 3317000.0,
        "Depreciation Amortization Depletion Income Statement": 105290000.0,
        "Depreciation And Amortization In Income Statement": 105290000.0,
        "Amortization": 13642000.0,
        "Amortization Of Intangibles Income Statement": 13642000.0,
        "Depreciation Income Statement": 91648000.0,
        "Selling General And Administration": 182039000.0,
        "Gross Profit": 427614000.0,
        "Cost Of Revenue": 1003502000.0,
        "Total Revenue": 1431116000.0,
        "Operating Revenue": 1431116000.0
    }
}