{
    "2023-03-31": {
        "Tax Effect Of Unusual Items": 5346.0,
        "Tax Rate For Calcs": 0.243,
        "Normalized EBITDA": 5050000.0,
        "Total Unusual Items": 22000.0,
        "Total Unusual Items Excluding Goodwill": 22000.0,
        "Net Income From Continuing Operation Net Minority Interest": 3324000.0,
        "Reconciled Depreciation": 817000.0,
        "Reconciled Cost Of Revenue": 69727000.0,
        "EBITDA": 5072000.0,
        "EBIT": 4255000.0,
        "Net Interest Income": 112000.0,
        "Normalized Income": 3307346.0,
        "Net Income From Continuing And Discontinued Operation": 3324000.0,
        "Total Expenses": 80785000.0,
        "Total Operating Income As Reported": 4233000.0,
        "Diluted Average Shares": 4366000.0,
        "Basic Average Shares": 4366000.0,
        "Diluted EPS": 0.74,
        "Basic EPS": 0.74,
        "Diluted NI Availto Com Stockholders": 3241000.0,
        "Net Income Common Stockholders": 3241000.0,
        "Otherunder Preferred Stock Dividend": 83000.0,
        "Net Income": 3324000.0,
        "Net Income Including Noncontrolling Interests": 3324000.0,
        "Net Income Continuous Operations": 3324000.0,
        "Tax Provision": 1065000.0,
        "Pretax Income": 4389000.0,
        "Other Income Expense": 22000.0,
        "Special Income Charges": -22000.0,
        "Restructuring And Mergern Acquisition": 22000.0,
        "Gain On Sale Of Security": 44000.0,
        "Net Non Operating Interest Income Expense": 112000.0,
        "Total Other Finance Cost": -112000.0,
        "Operating Income": 4255000.0,
        "Operating Expense": 10954000.0,
        "Depreciation Amortization Depletion Income Statement": 713000.0,
        "Depreciation And Amortization In Income Statement": 713000.0,
        "Selling General And Administration": 10241000.0,
        "Gross Profit": 15209000.0,
        "Cost Of Revenue": 69831000.0,
        "Total Revenue": 85040000.0,
        "Operating Revenue": 85040000.0
    },
    "2022-12-31": {
        "Tax Effect Of Unusual Items": NaN,
        "Tax Rate For Calcs": NaN,
        "Normalized EBITDA": NaN,
        "Total Unusual Items": NaN,
        "Total Unusual Items Excluding Goodwill": NaN,
        "Net Income From Continuing Operation Net Minority Interest": NaN,
        "Reconciled Depreciation": NaN,
        "Reconciled Cost Of Revenue": NaN,
        "EBITDA": NaN,
        "EBIT": NaN,
        "Net Interest Income": NaN,
        "Normalized Income": NaN,
        "Net Income From Continuing And Discontinued Operation": NaN,
        "Total Expenses": NaN,
        "Total Operating Income As Reported": NaN,
        "Diluted Average Shares": NaN,
        "Basic Average Shares": NaN,
        "Diluted EPS": NaN,
        "Basic EPS": NaN,
        "Diluted NI Availto Com Stockholders": NaN,
        "Net Income Common Stockholders": NaN,
        "Otherunder Preferred Stock Dividend": NaN,
        "Net Income": NaN,
        "Net Income Including Noncontrolling Interests": NaN,
        "Net Income Continuous Operations": NaN,
        "Tax Provision": NaN,
        "Pretax Income": NaN,
        "Other Income Expense": NaN,
        "Special Income Charges": -137000.0,
        "Restructuring And Mergern Acquisition": 137000.0,
        "Gain On Sale Of Security": NaN,
        "Net Non Operating Interest Income Expense": NaN,
        "Total Other Finance Cost": NaN,
        "Operating Income": NaN,
        "Operating Expense": NaN,
        "Depreciation Amortization Depletion Income Statement": NaN,
        "Depreciation And Amortization In Income Statement": NaN,
        "Selling General And Administration": NaN,
        "Gross Profit": NaN,
        "Cost Of Revenue": NaN,
        "Total Revenue": NaN,
        "Operating Revenue": NaN
    },
    "2022-09-30": {
        "Tax Effect Of Unusual Items": -267285.80266,
        "Tax Rate For Calcs": 0.309001,
        "Normalized EBITDA": 4668000.0,
        "Total Unusual Items": -865000.0,
        "Total Unusual Items Excluding Goodwill": -865000.0,
        "Net Income From Continuing Operation Net Minority Interest": 2234000.0,
        "Reconciled Depreciation": 555000.0,
        "Reconciled Cost Of Revenue": 62744000.0,
        "EBITDA": 3803000.0,
        "EBIT": 3248000.0,
        "Net Interest Income": 58000.0,
        "Interest Expense": 15000.0,
        "Interest Income": 40000.0,
        "Normalized Income": 2831714.19734,
        "Net Income From Continuing And Discontinued Operation": 2234000.0,
        "Total Expenses": 72221000.0,
        "Total Operating Income As Reported": 3675000.0,
        "Diluted Average Shares": 4340000.0,
        "Basic Average Shares": 4340000.0,
        "Diluted EPS": 0.5,
        "Basic EPS": 0.5,
        "Diluted NI Availto Com Stockholders": 2234000.0,
        "Net Income Common Stockholders": 2234000.0,
        "Otherunder Preferred Stock Dividend": 54000.0,
        "Net Income": 2234000.0,
        "Net Income Including Noncontrolling Interests": 2234000.0,
        "Net Income Continuous Operations": 2234000.0,
        "Tax Provision": 999000.0,
        "Pretax Income": 3233000.0,
        "Other Income Expense": -865000.0,
        "Special Income Charges": -365000.0,
        "Restructuring And Mergern Acquisition": 365000.0,
        "Gain On Sale Of Security": -500000.0,
        "Net Non Operating Interest Income Expense": 58000.0,
        "Total Other Finance Cost": -33000.0,
        "Interest Expense Non Operating": 15000.0,
        "Interest Income Non Operating": 40000.0,
        "Operating Income": 4040000.0,
        "Operating Expense": 9477000.0,
        "Depreciation Amortization Depletion Income Statement": 555000.0,
        "Depreciation And Amortization In Income Statement": 555000.0,
        "Selling General And Administration": 8922000.0,
        "General And Administrative Expense": 8922000.0,
        "Other Gand A": 8922000.0,
        "Gross Profit": 13517000.0,
        "Cost Of Revenue": 62744000.0,
        "Total Revenue": 76261000.0,
        "Operating Revenue": 76261000.0
    },
    "2022-06-30": {
        "Tax Effect Of Unusual Items": -102544.0,
        "Tax Rate For Calcs": 0.232,
        "Normalized EBITDA": 5104000.0,
        "Total Unusual Items": -442000.0,
        "Total Unusual Items Excluding Goodwill": -442000.0,
        "Net Income From Continuing Operation Net Minority Interest": 2791000.0,
        "Reconciled Depreciation": 555000.0,
        "Reconciled Cost Of Revenue": 55267000.0,
        "EBITDA": 4662000.0,
        "EBIT": 4107000.0,
        "Net Interest Income": -7000.0,
        "Interest Expense": NaN,
        "Interest Income": NaN,
        "Normalized Income": 3130456.0,
        "Net Income From Continuing And Discontinued Operation": 2791000.0,
        "Total Expenses": 63756000.0,
        "Total Operating Income As Reported": 4107000.0,
        "Diluted Average Shares": 4321000.0,
        "Basic Average Shares": 4321000.0,
        "Diluted EPS": 0.63,
        "Basic EPS": 0.63,
        "Diluted NI Availto Com Stockholders": 2718000.0,
        "Net Income Common Stockholders": 2718000.0,
        "Otherunder Preferred Stock Dividend": 73000.0,
        "Net Income": 2791000.0,
        "Net Income Including Noncontrolling Interests": 2791000.0,
        "Net Income Continuous Operations": 2791000.0,
        "Tax Provision": 867000.0,
        "Pretax Income": 3658000.0,
        "Other Income Expense": -442000.0,
        "Special Income Charges": NaN,
        "Restructuring And Mergern Acquisition": NaN,
        "Gain On Sale Of Security": -442000.0,
        "Net Non Operating Interest Income Expense": -7000.0,
        "Total Other Finance Cost": 7000.0,
        "Interest Expense Non Operating": NaN,
        "Interest Income Non Operating": NaN,
        "Operating Income": 4107000.0,
        "Operating Expense": 8379000.0,
        "Depreciation Amortization Depletion Income Statement": 445000.0,
        "Depreciation And Amortization In Income Statement": 445000.0,
        "Selling General And Administration": 7934000.0,
        "General And Administrative Expense": NaN,
        "Other Gand A": NaN,
        "Gross Profit": 12486000.0,
        "Cost Of Revenue": 55377000.0,
        "Total Revenue": 67863000.0,
        "Operating Revenue": 67863000.0
    },
    "2022-03-31": {
        "Diluted EPS": 0.61,
        "Total Revenue": 71,
        "Gross Profit": 12,
        "Operating Income": 3,
        "EBIT": 4,
        "Net Income": 3
    },
    "2021-12-31": {
        "Diluted EPS": 0.78,
        "Total Revenue": 76,
        "Gross Profit": 13,
        "Operating Income": 4,
        "EBIT": 5,
        "Net Income": 3
    },
    "2021-09-30": {
        "Diluted EPS": 0.55,
        "Total Revenue": 69,
        "Gross Profit": 11,
        "Operating Income": 3,
        "EBIT": 4,
        "Net Income": 2
    },
    "2021-06-30": {
        "Diluted EPS": 0.41,
        "Total Revenue": 75,
        "Gross Profit": 11,
        "Operating Income": 2,
        "EBIT": 3,
        "Net Income": 2
    },
    "2021-03-31": {
        "Diluted EPS": 0.35,
        "Total Revenue": 63,
        "Gross Profit": 11,
        "Operating Income": 2,
        "EBIT": 3,
        "Net Income": 1
    },
    "2020-12-31": {
        "Diluted EPS": 0.57,
        "Total Revenue": 71,
        "Gross Profit": 11,
        "Operating Income": 3,
        "EBIT": 3,
        "Net Income": 2
    },
    "2020-09-30": {
        "Diluted EPS": 0.13,
        "Total Revenue": 61,
        "Gross Profit": 7,
        "Operating Income": 1,
        "EBIT": 1,
        "Net Income": 1
    },
    "2020-06-30": {
        "Diluted EPS": 0.13,
        "Total Revenue": 57,
        "Gross Profit": 7,
        "Operating Income": 1,
        "EBIT": 1,
        "Net Income": 1
    },
    "2020-03-31": {
        "Diluted EPS": 0.18,
        "Total Revenue": 63,
        "Gross Profit": 8,
        "Operating Income": 1,
        "EBIT": 1,
        "Net Income": 1
    },
    "2019-12-31": {
        "Diluted EPS": 0.46,
        "Total Revenue": 61,
        "Gross Profit": 8,
        "Operating Income": 3,
        "EBIT": 3,
        "Net Income": 2
    },
    "2019-09-30": {
        "Diluted EPS": 0.32,
        "Total Revenue": 52,
        "Gross Profit": 7,
        "Operating Income": 2,
        "EBIT": 2,
        "Net Income": 1
    },
    "2019-06-30": {
        "Diluted EPS": 0.41,
        "Total Revenue": 51,
        "Gross Profit": 8,
        "Operating Income": 2,
        "EBIT": 2,
        "Net Income": 2
    },
    "2019-03-31": {
        "Diluted EPS": 0.32,
        "Total Revenue": 45,
        "Gross Profit": 7,
        "Operating Income": 2,
        "EBIT": 2,
        "Net Income": 1
    },
    "2018-12-31": {
        "Diluted EPS": 0.38,
        "Total Revenue": 49,
        "Gross Profit": 7,
        "Operating Income": 2,
        "EBIT": 2,
        "Net Income": 2
    },
    "2018-09-30": {
        "Diluted EPS": 0.29,
        "Total Revenue": 48,
        "Gross Profit": 6,
        "Operating Income": 1,
        "EBIT": 1,
        "Net Income": 1
    },
    "2018-06-30": {
        "Diluted EPS": -0.25,
        "Total Revenue": 44,
        "Gross Profit": 6,
        "Operating Income": -1,
        "EBIT": -1,
        "Net Income": -1
    },
    "2018-03-31": {
        "Diluted EPS": 0.36,
        "Total Revenue": 41,
        "Gross Profit": 7,
        "Operating Income": 2,
        "EBIT": 2,
        "Net Income": 2
    },
    "2017-12-31": {
        "Diluted EPS": 0.26,
        "Total Revenue": 44,
        "Gross Profit": 8,
        "Operating Income": 2,
        "EBIT": 2,
        "Net Income": 1
    },
    "2017-09-30": {
        "Diluted EPS": 0.3,
        "Total Revenue": 39,
        "Gross Profit": 6,
        "Operating Income": 2,
        "EBIT": 2,
        "Net Income": 1
    },
    "2017-06-30": {
        "Diluted EPS": 0.28,
        "Total Revenue": 39,
        "Gross Profit": 7,
        "Operating Income": 2,
        "EBIT": 2,
        "Net Income": 1
    },
    "2017-03-31": {
        "Diluted EPS": 0.29,
        "Total Revenue": 38,
        "Gross Profit": 7,
        "Operating Income": 2,
        "EBIT": 2,
        "Net Income": 1
    },
    "2016-12-31": {
        "Diluted EPS": 0.4,
        "Total Revenue": -134,
        "Gross Profit": 8,
        "Operating Income": 3,
        "EBIT": 3,
        "Net Income": 2
    },
    "2016-09-30": {
        "Diluted EPS": 0.29,
        "Total Revenue": 100,
        "Gross Profit": 6,
        "Operating Income": 2,
        "EBIT": 2,
        "Net Income": 1
    },
    "2016-06-30": {
        "Diluted EPS": 0.34,
        "Total Revenue": 105,
        "Gross Profit": 7,
        "Operating Income": 2,
        "EBIT": 2,
        "Net Income": 2
    },
    "2016-03-31": {
        "Diluted EPS": 0.22,
        "Total Revenue": 93,
        "Gross Profit": 6,
        "Operating Income": 1,
        "EBIT": 2,
        "Net Income": 1
    },
    "2015-12-31": {
        "Diluted EPS": 0.32,
        "Total Revenue": 100,
        "Gross Profit": 7,
        "Operating Income": 2,
        "EBIT": 2,
        "Net Income": 1
    },
    "2015-09-30": {
        "Diluted EPS": 0.33,
        "Total Revenue": 98,
        "Gross Profit": 7,
        "Operating Income": 2,
        "EBIT": 2,
        "Net Income": 2
    },
    "2015-06-30": {
        "Diluted EPS": 0.29,
        "Total Revenue": 92,
        "Gross Profit": 6,
        "Operating Income": 2,
        "EBIT": 2,
        "Net Income": 1
    },
    "2015-03-31": {
        "Diluted EPS": 0.28,
        "Total Revenue": 93,
        "Gross Profit": 6,
        "Operating Income": 2,
        "EBIT": 2,
        "Net Income": 1
    },
    "2014-12-31": {
        "Diluted EPS": 0.4,
        "Total Revenue": 94,
        "Gross Profit": 7,
        "Operating Income": 3,
        "EBIT": 3,
        "Net Income": 2
    },
    "2014-09-30": {
        "Diluted EPS": 0.29,
        "Total Revenue": 91,
        "Gross Profit": 6,
        "Operating Income": 2,
        "EBIT": 2,
        "Net Income": 1
    },
    "2014-06-30": {
        "Diluted EPS": 0.31,
        "Total Revenue": 84,
        "Gross Profit": 6,
        "Operating Income": 2,
        "EBIT": 2,
        "Net Income": 1
    },
    "2014-03-31": {
        "Diluted EPS": 0.23,
        "Total Revenue": 72,
        "Gross Profit": 6,
        "Operating Income": 1,
        "EBIT": 2,
        "Net Income": 1
    },
    "2013-12-31": {
        "Diluted EPS": 0.56,
        "Total Revenue": 90,
        "Gross Profit": 8,
        "Operating Income": 4,
        "EBIT": 4,
        "Net Income": 3
    },
    "2013-09-30": {
        "Diluted EPS": 0.29,
        "Total Revenue": 70,
        "Gross Profit": 5,
        "Operating Income": 2,
        "EBIT": 2,
        "Net Income": 1
    },
    "2013-06-30": {
        "Diluted EPS": 0.34,
        "Total Revenue": 74,
        "Gross Profit": 6,
        "Operating Income": 2,
        "EBIT": 2,
        "Net Income": 2
    },
    "2013-03-31": {
        "Diluted EPS": 0.22,
        "Total Revenue": 66,
        "Gross Profit": 5,
        "Operating Income": 1,
        "EBIT": 1,
        "Net Income": 1
    },
    "2012-12-31": {
        "Diluted EPS": 0.4,
        "Total Revenue": 85,
        "Gross Profit": 7,
        "Operating Income": 3,
        "EBIT": 3,
        "Net Income": 2
    },
    "2012-09-30": {
        "Diluted EPS": 0.29,
        "Total Revenue": 76,
        "Gross Profit": 6,
        "Operating Income": 2,
        "EBIT": 2,
        "Net Income": 1
    },
    "2012-06-30": {
        "Diluted EPS": 0.28,
        "Total Revenue": 69,
        "Gross Profit": 6,
        "Operating Income": 2,
        "EBIT": 2,
        "Net Income": 1
    },
    "2012-03-31": {
        "Diluted EPS": 0.22,
        "Total Revenue": 67,
        "Gross Profit": 6,
        "Operating Income": 2,
        "EBIT": 2,
        "Net Income": 1
    },
    "2011-12-31": {
        "Diluted EPS": 0.43,
        "Total Revenue": 74,
        "Gross Profit": 7,
        "Operating Income": 3,
        "EBIT": 3,
        "Net Income": 2
    },
    "2011-09-30": {
        "Diluted EPS": 0.33,
        "Total Revenue": 64,
        "Gross Profit": 6,
        "Operating Income": 2,
        "EBIT": 2,
        "Net Income": 1
    },
    "2011-06-30": {
        "Diluted EPS": 0.26,
        "Total Revenue": 61,
        "Gross Profit": 6,
        "Operating Income": 2,
        "EBIT": 2,
        "Net Income": 1
    },
    "2011-03-31": {
        "Diluted EPS": 0.18,
        "Total Revenue": 52,
        "Gross Profit": 5,
        "Operating Income": 1,
        "EBIT": 1,
        "Net Income": 1
    },
    "2010-12-31": {
        "Diluted EPS": 0.33,
        "Total Revenue": 65,
        "Gross Profit": 6,
        "Operating Income": 2,
        "EBIT": 2,
        "Net Income": 1
    },
    "2010-09-30": {
        "Diluted EPS": 0.28,
        "Total Revenue": 53,
        "Gross Profit": 5,
        "Operating Income": 2,
        "EBIT": 2,
        "Net Income": 1
    },
    "2010-06-30": {
        "Diluted EPS": 0.38,
        "Total Revenue": 89,
        "Gross Profit": 45,
        "Operating Income": 42,
        "EBIT": 42,
        "Net Income": 2
    },
    "2010-03-31": {
        "Diluted EPS": 0.14,
        "Total Revenue": 40,
        "Gross Profit": 4,
        "Operating Income": 1,
        "EBIT": 1,
        "Net Income": 1
    },
    "2009-12-31": {
        "Diluted EPS": 0.2,
        "Total Revenue": 42,
        "Gross Profit": 4,
        "Operating Income": 1,
        "EBIT": 1,
        "Net Income": 1
    },
    "2009-09-30": {
        "Diluted EPS": 0.13,
        "Total Revenue": 35,
        "Gross Profit": 4,
        "Operating Income": 1,
        "EBIT": 1,
        "Net Income": 1
    },
    "2009-06-30": {
        "Diluted EPS": 0.31,
        "Total Revenue": 69,
        "Gross Profit": 36,
        "Operating Income": 33,
        "EBIT": 33,
        "Net Income": 1
    },
    "2009-03-31": {
        "Diluted EPS": 0.13,
        "Total Revenue": 32,
        "Gross Profit": 3,
        "Operating Income": 1,
        "EBIT": 1,
        "Net Income": 1
    },
    "2023-06-30": {
        "Tax Effect Of Unusual Items": -3237.629146,
        "Tax Rate For Calcs": 0.249048,
        "Normalized EBITDA": 2238000.0,
        "Total Unusual Items": -13000.0,
        "Total Unusual Items Excluding Goodwill": -13000.0,
        "Net Income From Continuing Operation Net Minority Interest": 1381000.0,
        "Reconciled Depreciation": 703000.0,
        "Reconciled Cost Of Revenue": 67940000.0,
        "EBITDA": 2225000.0,
        "EBIT": 1522000.0,
        "Net Interest Income": 330000.0,
        "Normalized Income": 1390762.370854,
        "Net Income From Continuing And Discontinued Operation": 1381000.0,
        "Total Expenses": 80210000.0,
        "Total Operating Income As Reported": 1513000.0,
        "Diluted Average Shares": 4396000.0,
        "Basic Average Shares": 4396000.0,
        "Diluted EPS": 0.31,
        "Basic EPS": 0.31,
        "Diluted NI Availto Com Stockholders": 1356000.0,
        "Net Income Common Stockholders": 1356000.0,
        "Otherunder Preferred Stock Dividend": 25000.0,
        "Net Income": 1381000.0,
        "Net Income Including Noncontrolling Interests": 1381000.0,
        "Net Income Continuous Operations": 1381000.0,
        "Tax Provision": 458000.0,
        "Pretax Income": 1839000.0,
        "Other Income Expense": -13000.0,
        "Special Income Charges": -9000.0,
        "Restructuring And Mergern Acquisition": 9000.0,
        "Gain On Sale Of Security": -4000.0,
        "Net Non Operating Interest Income Expense": 330000.0,
        "Total Other Finance Cost": -330000.0,
        "Operating Income": 1522000.0,
        "Operating Expense": 12171000.0,
        "Depreciation Amortization Depletion Income Statement": 604000.0,
        "Depreciation And Amortization In Income Statement": 604000.0,
        "Selling General And Administration": 11567000.0,
        "Gross Profit": 13693000.0,
        "Cost Of Revenue": 68039000.0,
        "Total Revenue": 81732000.0,
        "Operating Revenue": 81732000.0
    },
    "2023-09-30": {
        "Tax Effect Of Unusual Items": NaN,
        "Tax Rate For Calcs": NaN,
        "Normalized EBITDA": NaN,
        "Total Unusual Items": NaN,
        "Total Unusual Items Excluding Goodwill": NaN,
        "Net Income From Continuing Operation Net Minority Interest": NaN,
        "Reconciled Depreciation": NaN,
        "Reconciled Cost Of Revenue": NaN,
        "EBITDA": NaN,
        "EBIT": NaN,
        "Net Interest Income": NaN,
        "Normalized Income": NaN,
        "Net Income From Continuing And Discontinued Operation": NaN,
        "Total Expenses": NaN,
        "Total Operating Income As Reported": NaN,
        "Diluted Average Shares": 4414000.0,
        "Basic Average Shares": 4414000.0,
        "Diluted EPS": 0.52,
        "Basic EPS": 0.52,
        "Diluted NI Availto Com Stockholders": NaN,
        "Net Income Common Stockholders": NaN,
        "Otherunder Preferred Stock Dividend": NaN,
        "Net Income": NaN,
        "Net Income Including Noncontrolling Interests": NaN,
        "Net Income Continuous Operations": NaN,
        "Tax Provision": NaN,
        "Pretax Income": NaN,
        "Other Income Expense": NaN,
        "Special Income Charges": NaN,
        "Restructuring And Mergern Acquisition": NaN,
        "Gain On Sale Of Security": NaN,
        "Net Non Operating Interest Income Expense": NaN,
        "Total Other Finance Cost": NaN,
        "Operating Income": NaN,
        "Operating Expense": NaN,
        "Depreciation Amortization Depletion Income Statement": NaN,
        "Depreciation And Amortization In Income Statement": NaN,
        "Selling General And Administration": NaN,
        "Gross Profit": NaN,
        "Cost Of Revenue": NaN,
        "Total Revenue": NaN,
        "Operating Revenue": NaN
    },
    "2023-12-31": {
        "Tax Effect Of Unusual Items": -230584.250635,
        "Tax Rate For Calcs": 0.259667,
        "Normalized EBITDA": 9621000.0,
        "Total Unusual Items": -888000.0,
        "Total Unusual Items Excluding Goodwill": -888000.0,
        "Net Income From Continuing Operation Net Minority Interest": 5246000.0,
        "Reconciled Depreciation": 926000.0,
        "Reconciled Cost Of Revenue": 85651000.0,
        "EBITDA": 8733000.0,
        "EBIT": 7807000.0,
        "Net Interest Income": 167000.0,
        "Normalized Income": 5903415.749365,
        "Net Income From Continuing And Discontinued Operation": 5246000.0,
        "Total Expenses": 98977000.0,
        "Total Operating Income As Reported": 7455000.0,
        "Diluted Average Shares": 4427000.0,
        "Basic Average Shares": 4427000.0,
        "Diluted EPS": 1.15,
        "Basic EPS": 1.15,
        "Diluted NI Availto Com Stockholders": 5094000.0,
        "Net Income Common Stockholders": 5094000.0,
        "Otherunder Preferred Stock Dividend": 152000.0,
        "Net Income": 5246000.0,
        "Net Income Including Noncontrolling Interests": 5246000.0,
        "Net Income Continuous Operations": 5246000.0,
        "Tax Provision": 1840000.0,
        "Pretax Income": 7086000.0,
        "Other Income Expense": -888000.0,
        "Special Income Charges": -352000.0,
        "Restructuring And Mergern Acquisition": 352000.0,
        "Gain On Sale Of Security": -536000.0,
        "Net Non Operating Interest Income Expense": 167000.0,
        "Total Other Finance Cost": -167000.0,
        "Operating Income": 7807000.0,
        "Operating Expense": 13264000.0,
        "Depreciation Amortization Depletion Income Statement": 864000.0,
        "Depreciation And Amortization In Income Statement": 864000.0,
        "Selling General And Administration": 12400000.0,
        "Gross Profit": 21071000.0,
        "Cost Of Revenue": 85713000.0,
        "Total Revenue": 106784000.0,
        "Operating Revenue": 106784000.0
    },
    "2024-03-31": {
        "Tax Effect Of Unusual Items": -51123.998895,
        "Tax Rate For Calcs": 0.245788,
        "Normalized EBITDA": 4734000.0,
        "Total Unusual Items": -208000.0,
        "Total Unusual Items Excluding Goodwill": -208000.0,
        "Net Income From Continuing Operation Net Minority Interest": 2731000.0,
        "Reconciled Depreciation": 900000.0,
        "Reconciled Cost Of Revenue": 75373000.0,
        "EBITDA": 4526000.0,
        "EBIT": 3626000.0,
        "Net Interest Income": 203000.0,
        "Normalized Income": 2887876.001105,
        "Net Income From Continuing And Discontinued Operation": 2731000.0,
        "Total Expenses": 88796000.0,
        "Total Operating Income As Reported": 3503000.0,
        "Diluted Average Shares": 4438000.0,
        "Basic Average Shares": 4438000.0,
        "Diluted EPS": 0.6,
        "Basic EPS": 0.6,
        "Diluted NI Availto Com Stockholders": 2668000.0,
        "Net Income Common Stockholders": 2668000.0,
        "Otherunder Preferred Stock Dividend": 63000.0,
        "Net Income": 2731000.0,
        "Net Income Including Noncontrolling Interests": 2731000.0,
        "Net Income Continuous Operations": 2731000.0,
        "Tax Provision": 890000.0,
        "Pretax Income": 3621000.0,
        "Other Income Expense": -208000.0,
        "Special Income Charges": -123000.0,
        "Restructuring And Mergern Acquisition": 123000.0,
        "Gain On Sale Of Security": -85000.0,
        "Net Non Operating Interest Income Expense": 203000.0,
        "Total Other Finance Cost": -203000.0,
        "Operating Income": 3626000.0,
        "Operating Expense": 13394000.0,
        "Depreciation Amortization Depletion Income Statement": 871000.0,
        "Depreciation And Amortization In Income Statement": 871000.0,
        "Selling General And Administration": 12523000.0,
        "Gross Profit": 17020000.0,
        "Cost Of Revenue": 75402000.0,
        "Total Revenue": 92422000.0,
        "Operating Revenue": 92422000.0
    },
    "2024-06-30": {
        "Tax Effect Of Unusual Items": -143868.0,
        "Tax Rate For Calcs": 0.228,
        "Normalized EBITDA": 6312000.0,
        "Total Unusual Items": -631000.0,
        "Total Unusual Items Excluding Goodwill": -631000.0,
        "Net Income From Continuing Operation Net Minority Interest": 3430000.0,
        "Reconciled Depreciation": 962000.0,
        "Reconciled Cost Of Revenue": 73421000.0,
        "EBITDA": 5681000.0,
        "EBIT": 4719000.0,
        "Net Interest Income": 354000.0,
        "Normalized Income": 3917132.0,
        "Net Income From Continuing And Discontinued Operation": 3430000.0,
        "Total Expenses": 87357000.0,
        "Total Operating Income As Reported": 4250000.0,
        "Diluted Average Shares": 4461000.0,
        "Basic Average Shares": 4461000.0,
        "Diluted EPS": 0.75,
        "Basic EPS": 0.75,
        "Diluted NI Availto Com Stockholders": 3346000.0,
        "Net Income Common Stockholders": 3346000.0,
        "Otherunder Preferred Stock Dividend": 84000.0,
        "Net Income": 3430000.0,
        "Net Income Including Noncontrolling Interests": 3430000.0,
        "Net Income Continuous Operations": 3430000.0,
        "Tax Provision": 1012000.0,
        "Pretax Income": 4442000.0,
        "Other Income Expense": -631000.0,
        "Special Income Charges": -469000.0,
        "Restructuring And Mergern Acquisition": 469000.0,
        "Gain On Sale Of Security": -162000.0,
        "Net Non Operating Interest Income Expense": 354000.0,
        "Total Other Finance Cost": -354000.0,
        "Operating Income": 4719000.0,
        "Operating Expense": 13839000.0,
        "Depreciation Amortization Depletion Income Statement": 865000.0,
        "Depreciation And Amortization In Income Statement": 865000.0,
        "Selling General And Administration": 12974000.0,
        "Gross Profit": 18558000.0,
        "Cost Of Revenue": 73518000.0,
        "Total Revenue": 92076000.0,
        "Operating Revenue": 92076000.0
    },
    "2024-09-30": {
        "Tax Effect Of Unusual Items": -513299.0,
        "Tax Rate For Calcs": 0.233,
        "Normalized EBITDA": 12704000.0,
        "Total Unusual Items": -2203000.0,
        "Total Unusual Items Excluding Goodwill": -2203000.0,
        "Net Income From Continuing Operation Net Minority Interest": 5459000.0,
        "Reconciled Depreciation": 1378000.0,
        "Reconciled Cost Of Revenue": 94911000.0,
        "EBITDA": 10501000.0,
        "EBIT": 9123000.0,
        "Net Interest Income": 198000.0,
        "Normalized Income": 7148701.0,
        "Net Income From Continuing And Discontinued Operation": 5459000.0,
        "Total Expenses": 110226000.0,
        "Total Operating Income As Reported": 8514000.0,
        "Diluted Average Shares": 4476000.0,
        "Basic Average Shares": 4476000.0,
        "Diluted EPS": 1.19,
        "Basic EPS": 1.19,
        "Diluted NI Availto Com Stockholders": 5320000.0,
        "Net Income Common Stockholders": 5320000.0,
        "Otherunder Preferred Stock Dividend": 139000.0,
        "Net Income": 5459000.0,
        "Net Income Including Noncontrolling Interests": 5459000.0,
        "Net Income Continuous Operations": 5459000.0,
        "Tax Provision": 1659000.0,
        "Pretax Income": 7118000.0,
        "Other Income Expense": -2203000.0,
        "Special Income Charges": -1761000.0,
        "Restructuring And Mergern Acquisition": 1761000.0,
        "Gain On Sale Of Security": -442000.0,
        "Net Non Operating Interest Income Expense": 198000.0,
        "Total Other Finance Cost": -198000.0,
        "Operating Income": 9123000.0,
        "Operating Expense": 15134000.0,
        "Depreciation Amortization Depletion Income Statement": 1197000.0,
        "Depreciation And Amortization In Income Statement": 1197000.0,
        "Selling General And Administration": 13937000.0,
        "Gross Profit": 24257000.0,
        "Cost Of Revenue": 95092000.0,
        "Total Revenue": 119349000.0,
        "Operating Revenue": 119349000.0
    },
    "2024-12-31": {
        "Tax Effect Of Unusual Items": -914848.73437,
        "Tax Rate For Calcs": 0.289418,
        "Normalized EBITDA": 17465000.0,
        "Total Unusual Items": -3161000.0,
        "Total Unusual Items Excluding Goodwill": -3161000.0,
        "Net Income From Continuing Operation Net Minority Interest": 6990000.0,
        "Reconciled Depreciation": 1468000.0,
        "Reconciled Cost Of Revenue": 130381000.0,
        "EBITDA": 14304000.0,
        "EBIT": 12836000.0,
        "Net Interest Income": 162000.0,
        "Normalized Income": 9236151.26563,
        "Net Income From Continuing And Discontinued Operation": 6990000.0,
        "Total Expenses": 148924000.0,
        "Total Operating Income As Reported": 11726000.0,
        "Diluted Average Shares": 4485000.0,
        "Basic Average Shares": 4485000.0,
        "Diluted EPS": 1.52,
        "Basic EPS": 1.52,
        "Diluted NI Availto Com Stockholders": 6816000.0,
        "Net Income Common Stockholders": 6816000.0,
        "Otherunder Preferred Stock Dividend": 174000.0,
        "Net Income": 6990000.0,
        "Net Income Including Noncontrolling Interests": 6990000.0,
        "Net Income Continuous Operations": 6990000.0,
        "Tax Provision": 2847000.0,
        "Pretax Income": 9837000.0,
        "Other Income Expense": -3161000.0,
        "Special Income Charges": -3576000.0,
        "Restructuring And Mergern Acquisition": 3576000.0,
        "Gain On Sale Of Security": 415000.0,
        "Net Non Operating Interest Income Expense": 162000.0,
        "Total Other Finance Cost": -162000.0,
        "Operating Income": 12836000.0,
        "Operating Expense": 18411000.0,
        "Depreciation Amortization Depletion Income Statement": 1336000.0,
        "Depreciation And Amortization In Income Statement": 1336000.0,
        "Selling General And Administration": 17075000.0,
        "Gross Profit": 31247000.0,
        "Cost Of Revenue": 130513000.0,
        "Total Revenue": 161760000.0,
        "Operating Revenue": 161760000.0
    },
    "2025-03-31": {
        "Tax Effect Of Unusual Items": -111986.0,
        "Tax Rate For Calcs": 0.133,
        "Normalized EBITDA": 7653000.0,
        "Total Unusual Items": -842000.0,
        "Total Unusual Items Excluding Goodwill": -842000.0,
        "Net Income From Continuing Operation Net Minority Interest": 3684000.0,
        "Reconciled Depreciation": 1907000.0,
        "Reconciled Cost Of Revenue": 114478000.0,
        "EBITDA": 6811000.0,
        "EBIT": 4904000.0,
        "Net Interest Income": 186000.0,
        "Normalized Income": 4414014.0,
        "Net Income From Continuing And Discontinued Operation": 3684000.0,
        "Total Expenses": 133140000.0,
        "Total Operating Income As Reported": 4778000.0,
        "Diluted Average Shares": 4497000.0,
        "Basic Average Shares": 4497000.0,
        "Diluted EPS": 0.81,
        "Basic EPS": 0.81,
        "Diluted NI Availto Com Stockholders": 3623000.0,
        "Net Income Common Stockholders": 3623000.0,
        "Otherunder Preferred Stock Dividend": 61000.0,
        "Net Income": 3684000.0,
        "Net Income Including Noncontrolling Interests": 3684000.0,
        "Net Income Continuous Operations": 3684000.0,
        "Tax Provision": 564000.0,
        "Pretax Income": 4248000.0,
        "Other Income Expense": -842000.0,
        "Special Income Charges": -262000.0,
        "Restructuring And Mergern Acquisition": 262000.0,
        "Gain On Sale Of Security": -580000.0,
        "Net Non Operating Interest Income Expense": 186000.0,
        "Total Other Finance Cost": -186000.0,
        "Operating Income": 4904000.0,
        "Operating Expense": 18492000.0,
        "Depreciation Amortization Depletion Income Statement": 1737000.0,
        "Depreciation And Amortization In Income Statement": 1737000.0,
        "Selling General And Administration": 16755000.0,
        "Gross Profit": 23396000.0,
        "Cost Of Revenue": 114648000.0,
        "Total Revenue": 138044000.0,
        "Operating Revenue": 138044000.0
    },
    "2025-06-30": {
        "Tax Effect Of Unusual Items": -86562.0,
        "Tax Rate For Calcs": 0.229,
        "Normalized EBITDA": 10439000.0,
        "Total Unusual Items": -378000.0,
        "Total Unusual Items Excluding Goodwill": -378000.0,
        "Net Income From Continuing Operation Net Minority Interest": 5968000.0,
        "Reconciled Depreciation": 2092000.0,
        "Reconciled Cost Of Revenue": 132866000.0,
        "EBITDA": 10061000.0,
        "EBIT": 7969000.0,
        "Net Interest Income": 151000.0,
        "Normalized Income": 6259438.0,
        "Net Income From Continuing And Discontinued Operation": 5968000.0,
        "Total Expenses": 151315000.0,
        "Total Operating Income As Reported": 7956000.0,
        "Diluted Average Shares": 4521000.0,
        "Basic Average Shares": 4521000.0,
        "Diluted EPS": 1.3,
        "Basic EPS": 1.3,
        "Diluted NI Availto Com Stockholders": 5875000.0,
        "Net Income Common Stockholders": 5875000.0,
        "Otherunder Preferred Stock Dividend": 93000.0,
        "Net Income": 5968000.0,
        "Net Income Including Noncontrolling Interests": 5968000.0,
        "Net Income Continuous Operations": 5968000.0,
        "Tax Provision": 1774000.0,
        "Pretax Income": 7742000.0,
        "Other Income Expense": -378000.0,
        "Special Income Charges": -392000.0,
        "Restructuring And Mergern Acquisition": 392000.0,
        "Gain On Sale Of Security": 14000.0,
        "Net Non Operating Interest Income Expense": 151000.0,
        "Total Other Finance Cost": -151000.0,
        "Operating Income": 7969000.0,
        "Operating Expense": 18339000.0,
        "Depreciation Amortization Depletion Income Statement": 1982000.0,
        "Depreciation And Amortization In Income Statement": 1982000.0,
        "Selling General And Administration": 16357000.0,
        "Gross Profit": 26308000.0,
        "Cost Of Revenue": 132976000.0,
        "Total Revenue": 159284000.0,
        "Operating Revenue": 159284000.0
    },
    "2025-09-30": {
        "Tax Effect Of Unusual Items": -370260.0,
        "Tax Rate For Calcs": 0.255,
        "Normalized EBITDA": 11128000.0,
        "Total Unusual Items": -1452000.0,
        "Total Unusual Items Excluding Goodwill": -1452000.0,
        "Net Income From Continuing Operation Net Minority Interest": 4696000.0,
        "Reconciled Depreciation": 2145000.0,
        "Reconciled Cost Of Revenue": 135441000.0,
        "EBITDA": 9676000.0,
        "EBIT": 7531000.0,
        "Net Interest Income": 224000.0,
        "Normalized Income": 5777740.0,
        "Net Income From Continuing And Discontinued Operation": 4696000.0,
        "Total Expenses": 153812000.0,
        "Total Operating Income As Reported": 6937000.0,
        "Diluted Average Shares": 4536000.0,
        "Basic Average Shares": 4536000.0,
        "Diluted EPS": 1.02,
        "Basic EPS": 1.02,
        "Diluted NI Availto Com Stockholders": 4627000.0,
        "Net Income Common Stockholders": 4627000.0,
        "Otherunder Preferred Stock Dividend": 69000.0,
        "Net Income": 4696000.0,
        "Net Income Including Noncontrolling Interests": 4696000.0,
        "Net Income Continuous Operations": 4696000.0,
        "Tax Provision": 1607000.0,
        "Pretax Income": 6303000.0,
        "Other Income Expense": -1452000.0,
        "Special Income Charges": -1454000.0,
        "Restructuring And Mergern Acquisition": 1454000.0,
        "Gain On Sale Of Security": 2000.0,
        "Net Non Operating Interest Income Expense": 224000.0,
        "Total Other Finance Cost": -224000.0,
        "Operating Income": 7531000.0,
        "Operating Expense": 18202000.0,
        "Depreciation Amortization Depletion Income Statement": 1976000.0,
        "Depreciation And Amortization In Income Statement": 1976000.0,
        "Selling General And Administration": 16226000.0,
        "Gross Profit": 25733000.0,
        "Cost Of Revenue": 135610000.0,
        "Total Revenue": 161343000.0,
        "Operating Revenue": 161343000.0
    }
}