{
    "2023-03-31": {
        "Tax Effect Of Unusual Items": NaN,
        "Tax Rate For Calcs": NaN,
        "Normalized EBITDA": NaN,
        "Total Unusual Items": NaN,
        "Total Unusual Items Excluding Goodwill": NaN,
        "Net Income From Continuing Operation Net Minority Interest": NaN,
        "Reconciled Depreciation": NaN,
        "Reconciled Cost Of Revenue": NaN,
        "EBITDA": NaN,
        "EBIT": NaN,
        "Net Interest Income": NaN,
        "Interest Expense": NaN,
        "Normalized Income": NaN,
        "Net Income From Continuing And Discontinued Operation": NaN,
        "Total Expenses": NaN,
        "Total Operating Income As Reported": NaN,
        "Diluted Average Shares": NaN,
        "Basic Average Shares": NaN,
        "Diluted EPS": NaN,
        "Basic EPS": NaN,
        "Diluted NI Availto Com Stockholders": NaN,
        "Net Income Common Stockholders": NaN,
        "Net Income": NaN,
        "Net Income Including Noncontrolling Interests": NaN,
        "Net Income Discontinuous Operations": NaN,
        "Net Income Continuous Operations": NaN,
        "Pretax Income": NaN,
        "Other Income Expense": NaN,
        "Special Income Charges": NaN,
        "Restructuring And Mergern Acquisition": NaN,
        "Gain On Sale Of Security": NaN,
        "Net Non Operating Interest Income Expense": NaN,
        "Interest Expense Non Operating": NaN,
        "Operating Income": NaN,
        "Operating Expense": NaN,
        "Other Operating Expenses": -1810000.0,
        "Depreciation Amortization Depletion Income Statement": NaN,
        "Depreciation And Amortization In Income Statement": NaN,
        "Selling General And Administration": NaN,
        "General And Administrative Expense": NaN,
        "Other Gand A": NaN,
        "Salaries And Wages": NaN,
        "Gross Profit": NaN,
        "Cost Of Revenue": NaN,
        "Total Revenue": NaN,
        "Operating Revenue": NaN
    },
    "2022-12-31": {
        "Tax Effect Of Unusual Items": NaN,
        "Tax Rate For Calcs": NaN,
        "Normalized EBITDA": NaN,
        "Total Unusual Items": NaN,
        "Total Unusual Items Excluding Goodwill": NaN,
        "Net Income From Continuing Operation Net Minority Interest": NaN,
        "Reconciled Depreciation": NaN,
        "Reconciled Cost Of Revenue": NaN,
        "EBITDA": NaN,
        "EBIT": NaN,
        "Net Interest Income": NaN,
        "Interest Expense": NaN,
        "Normalized Income": NaN,
        "Net Income From Continuing And Discontinued Operation": NaN,
        "Total Expenses": NaN,
        "Total Operating Income As Reported": NaN,
        "Diluted Average Shares": NaN,
        "Basic Average Shares": NaN,
        "Diluted EPS": NaN,
        "Basic EPS": NaN,
        "Diluted NI Availto Com Stockholders": NaN,
        "Net Income Common Stockholders": NaN,
        "Net Income": NaN,
        "Net Income Including Noncontrolling Interests": NaN,
        "Net Income Discontinuous Operations": NaN,
        "Net Income Continuous Operations": NaN,
        "Pretax Income": NaN,
        "Other Income Expense": NaN,
        "Special Income Charges": NaN,
        "Restructuring And Mergern Acquisition": NaN,
        "Gain On Sale Of Security": -70000.0,
        "Net Non Operating Interest Income Expense": NaN,
        "Interest Expense Non Operating": NaN,
        "Operating Income": NaN,
        "Operating Expense": NaN,
        "Other Operating Expenses": -11199000.0,
        "Depreciation Amortization Depletion Income Statement": NaN,
        "Depreciation And Amortization In Income Statement": NaN,
        "Selling General And Administration": NaN,
        "General And Administrative Expense": NaN,
        "Other Gand A": NaN,
        "Salaries And Wages": NaN,
        "Gross Profit": NaN,
        "Cost Of Revenue": NaN,
        "Total Revenue": NaN,
        "Operating Revenue": NaN
    },
    "2022-09-30": {
        "Tax Effect Of Unusual Items": NaN,
        "Tax Rate For Calcs": NaN,
        "Normalized EBITDA": NaN,
        "Total Unusual Items": NaN,
        "Total Unusual Items Excluding Goodwill": NaN,
        "Net Income From Continuing Operation Net Minority Interest": NaN,
        "Reconciled Depreciation": NaN,
        "Reconciled Cost Of Revenue": NaN,
        "EBITDA": NaN,
        "EBIT": NaN,
        "Net Interest Income": NaN,
        "Interest Expense": NaN,
        "Normalized Income": NaN,
        "Net Income From Continuing And Discontinued Operation": NaN,
        "Total Expenses": NaN,
        "Total Operating Income As Reported": NaN,
        "Diluted Average Shares": NaN,
        "Basic Average Shares": NaN,
        "Diluted EPS": NaN,
        "Basic EPS": NaN,
        "Diluted NI Availto Com Stockholders": NaN,
        "Net Income Common Stockholders": NaN,
        "Net Income": NaN,
        "Net Income Including Noncontrolling Interests": NaN,
        "Net Income Discontinuous Operations": NaN,
        "Net Income Continuous Operations": NaN,
        "Pretax Income": NaN,
        "Other Income Expense": NaN,
        "Special Income Charges": NaN,
        "Restructuring And Mergern Acquisition": NaN,
        "Gain On Sale Of Security": -980000.0,
        "Net Non Operating Interest Income Expense": NaN,
        "Interest Expense Non Operating": NaN,
        "Operating Income": NaN,
        "Operating Expense": NaN,
        "Other Operating Expenses": NaN,
        "Depreciation Amortization Depletion Income Statement": NaN,
        "Depreciation And Amortization In Income Statement": NaN,
        "Selling General And Administration": NaN,
        "General And Administrative Expense": NaN,
        "Other Gand A": NaN,
        "Salaries And Wages": NaN,
        "Gross Profit": NaN,
        "Cost Of Revenue": NaN,
        "Total Revenue": NaN,
        "Operating Revenue": NaN
    },
    "2022-06-30": {
        "Tax Effect Of Unusual Items": 0.0,
        "Tax Rate For Calcs": 0.0,
        "Normalized EBITDA": -101960000.0,
        "Total Unusual Items": -1227000.0,
        "Total Unusual Items Excluding Goodwill": -1227000.0,
        "Net Income From Continuing Operation Net Minority Interest": -104181000.0,
        "Reconciled Depreciation": 586000.0,
        "Reconciled Cost Of Revenue": 858786000.0,
        "EBITDA": -103187000.0,
        "EBIT": -103773000.0,
        "Net Interest Income": -408000.0,
        "Interest Expense": 408000.0,
        "Normalized Income": -102954000.0,
        "Net Income From Continuing And Discontinued Operation": -104181000.0,
        "Total Expenses": 949246000.0,
        "Total Operating Income As Reported": -102546000.0,
        "Diluted Average Shares": 476061809.0,
        "Basic Average Shares": 476061809.0,
        "Diluted EPS": -0.22,
        "Basic EPS": -0.22,
        "Diluted NI Availto Com Stockholders": -104181000.0,
        "Net Income Common Stockholders": -104181000.0,
        "Net Income": -104181000.0,
        "Net Income Including Noncontrolling Interests": -104181000.0,
        "Net Income Continuous Operations": -104181000.0,
        "Pretax Income": -104181000.0,
        "Other Income Expense": -1227000.0,
        "Special Income Charges": NaN,
        "Other Special Charges": NaN,
        "Restructuring And Mergern Acquisition": NaN,
        "Gain On Sale Of Security": -1227000.0,
        "Net Non Operating Interest Income Expense": -408000.0,
        "Interest Expense Non Operating": 408000.0,
        "Operating Income": -102546000.0,
        "Operating Expense": 90460000.0,
        "Other Operating Expenses": -27657000.0,
        "Depreciation Amortization Depletion Income Statement": 586000.0,
        "Depreciation And Amortization In Income Statement": 586000.0,
        "Selling General And Administration": 117531000.0,
        "General And Administrative Expense": 117531000.0,
        "Other Gand A": 47040000.0,
        "Salaries And Wages": 70491000.0,
        "Gross Profit": -12086000.0,
        "Cost Of Revenue": 858786000.0,
        "Total Revenue": 846700000.0,
        "Operating Revenue": 845875000.0
    },
    "2022-03-31": {
        "Diluted EPS": -0.16,
        "Total Revenue": 874,
        "Gross Profit": 13,
        "Operating Income": -87,
        "EBIT": -87,
        "Net Income": -75
    },
    "2021-12-31": {
        "Diluted EPS": -0.43,
        "Total Revenue": 432,
        "Gross Profit": -10,
        "Operating Income": -187,
        "EBIT": -186,
        "Net Income": -187
    },
    "2021-09-30": {
        "Diluted EPS": -0.08,
        "Total Revenue": 427,
        "Gross Profit": -9,
        "Operating Income": -149,
        "EBIT": -149,
        "Net Income": -35
    },
    "2021-06-30": {
        "Diluted EPS": -0.78,
        "Total Revenue": 412,
        "Gross Profit": -46,
        "Operating Income": -182,
        "EBIT": -182,
        "Net Income": -318
    },
    "2021-03-31": {
        "Diluted EPS": -0.13,
        "Total Revenue": 200,
        "Gross Profit": -14,
        "Operating Income": -119,
        "EBIT": -105,
        "Net Income": -48
    },
    "2020-12-31": {
        "Diluted EPS": -1.25,
        "Total Revenue": 166,
        "Gross Profit": -13,
        "Operating Income": -68,
        "EBIT": -61,
        "Net Income": -126
    },
    "2020-09-30": {
        "Diluted EPS": 0.02,
        "Total Revenue": 169,
        "Gross Profit": 24,
        "Operating Income": -22,
        "EBIT": -17,
        "Net Income": 13
    },
    "2020-06-30": {
        "Diluted EPS": 0.01,
        "Total Revenue": 172,
        "Gross Profit": 53,
        "Operating Income": 23,
        "EBIT": 28,
        "Net Income": 5
    },
    "2020-03-31": {
        "Diluted EPS": -0.32,
        "Total Revenue": 166,
        "Gross Profit": 19,
        "Operating Income": -27,
        "EBIT": -21,
        "Net Income": -28
    },
    "2019-12-31": {
        "Diluted EPS": 0.0,
        "Total Revenue": NaN,
        "Gross Profit": NaN,
        "Operating Income": NaN,
        "EBIT": NaN,
        "Net Income": NaN
    },
    "2023-06-30": {
        "Tax Effect Of Unusual Items": NaN,
        "Tax Rate For Calcs": NaN,
        "Normalized EBITDA": NaN,
        "Total Unusual Items": NaN,
        "Total Unusual Items Excluding Goodwill": NaN,
        "Net Income From Continuing Operation Net Minority Interest": NaN,
        "Reconciled Depreciation": NaN,
        "Reconciled Cost Of Revenue": NaN,
        "EBITDA": NaN,
        "EBIT": NaN,
        "Net Interest Income": NaN,
        "Interest Expense": NaN,
        "Normalized Income": NaN,
        "Net Income From Continuing And Discontinued Operation": NaN,
        "Total Expenses": NaN,
        "Total Operating Income As Reported": NaN,
        "Diluted Average Shares": NaN,
        "Basic Average Shares": NaN,
        "Diluted EPS": NaN,
        "Basic EPS": NaN,
        "Diluted NI Availto Com Stockholders": NaN,
        "Net Income Common Stockholders": NaN,
        "Net Income": NaN,
        "Net Income Including Noncontrolling Interests": NaN,
        "Net Income Discontinuous Operations": NaN,
        "Net Income Continuous Operations": NaN,
        "Pretax Income": NaN,
        "Other Income Expense": NaN,
        "Special Income Charges": NaN,
        "Restructuring And Mergern Acquisition": NaN,
        "Gain On Sale Of Security": NaN,
        "Net Non Operating Interest Income Expense": NaN,
        "Interest Expense Non Operating": NaN,
        "Operating Income": NaN,
        "Operating Expense": NaN,
        "Other Operating Expenses": -5138000.0,
        "Depreciation Amortization Depletion Income Statement": NaN,
        "Depreciation And Amortization In Income Statement": NaN,
        "Selling General And Administration": NaN,
        "General And Administrative Expense": NaN,
        "Other Gand A": NaN,
        "Salaries And Wages": NaN,
        "Gross Profit": NaN,
        "Cost Of Revenue": NaN,
        "Total Revenue": NaN,
        "Operating Revenue": NaN
    },
    "2023-09-30": {
        "Tax Effect Of Unusual Items": NaN,
        "Tax Rate For Calcs": NaN,
        "Normalized EBITDA": NaN,
        "Total Unusual Items": NaN,
        "Total Unusual Items Excluding Goodwill": NaN,
        "Net Income From Continuing Operation Net Minority Interest": NaN,
        "Reconciled Depreciation": NaN,
        "Reconciled Cost Of Revenue": NaN,
        "EBITDA": NaN,
        "EBIT": NaN,
        "Net Interest Income": 0.0,
        "Interest Expense": 0.0,
        "Normalized Income": NaN,
        "Net Income From Continuing And Discontinued Operation": NaN,
        "Total Expenses": NaN,
        "Total Operating Income As Reported": NaN,
        "Diluted Average Shares": 480770283.0,
        "Basic Average Shares": 480770283.0,
        "Diluted EPS": -0.09,
        "Basic EPS": -0.09,
        "Diluted NI Availto Com Stockholders": NaN,
        "Net Income Common Stockholders": NaN,
        "Net Income": NaN,
        "Net Income Including Noncontrolling Interests": NaN,
        "Net Income Discontinuous Operations": -7853000.0,
        "Net Income Continuous Operations": NaN,
        "Pretax Income": NaN,
        "Other Income Expense": NaN,
        "Special Income Charges": NaN,
        "Restructuring And Mergern Acquisition": NaN,
        "Gain On Sale Of Security": NaN,
        "Net Non Operating Interest Income Expense": 0.0,
        "Interest Expense Non Operating": 0.0,
        "Operating Income": NaN,
        "Operating Expense": NaN,
        "Other Operating Expenses": 392000.0,
        "Depreciation Amortization Depletion Income Statement": NaN,
        "Depreciation And Amortization In Income Statement": NaN,
        "Selling General And Administration": NaN,
        "General And Administrative Expense": NaN,
        "Other Gand A": NaN,
        "Salaries And Wages": NaN,
        "Gross Profit": NaN,
        "Cost Of Revenue": NaN,
        "Total Revenue": NaN,
        "Operating Revenue": NaN
    },
    "2023-12-31": {
        "Tax Effect Of Unusual Items": 0.0,
        "Tax Rate For Calcs": 0.0,
        "Normalized EBITDA": -46980000.0,
        "Total Unusual Items": -22818000.0,
        "Total Unusual Items Excluding Goodwill": -22818000.0,
        "Net Income From Continuing Operation Net Minority Interest": -70472000.0,
        "Reconciled Depreciation": 674000.0,
        "Reconciled Cost Of Revenue": 447985000.0,
        "EBITDA": -69798000.0,
        "EBIT": -70472000.0,
        "Net Interest Income": 0.0,
        "Interest Expense": 0.0,
        "Normalized Income": -47654000.0,
        "Net Income From Continuing And Discontinued Operation": -70472000.0,
        "Total Expenses": 557905000.0,
        "Total Operating Income As Reported": -65660000.0,
        "Diluted Average Shares": 481607777.0,
        "Basic Average Shares": 481607777.0,
        "Diluted EPS": -0.146327,
        "Basic EPS": -0.146327,
        "Diluted NI Availto Com Stockholders": -70472000.0,
        "Net Income Common Stockholders": -70472000.0,
        "Net Income": -70472000.0,
        "Net Income Including Noncontrolling Interests": -70472000.0,
        "Net Income Discontinuous Operations": NaN,
        "Net Income Continuous Operations": -70472000.0,
        "Pretax Income": -70472000.0,
        "Other Income Expense": -22818000.0,
        "Special Income Charges": -18006000.0,
        "Restructuring And Mergern Acquisition": 2061000.0,
        "Gain On Sale Of Security": NaN,
        "Net Non Operating Interest Income Expense": 0.0,
        "Interest Expense Non Operating": 0.0,
        "Operating Income": -47654000.0,
        "Operating Expense": 109920000.0,
        "Other Operating Expenses": -683000.0,
        "Depreciation Amortization Depletion Income Statement": 674000.0,
        "Depreciation And Amortization In Income Statement": 674000.0,
        "Selling General And Administration": 109929000.0,
        "General And Administrative Expense": 109929000.0,
        "Other Gand A": 45983000.0,
        "Salaries And Wages": 63946000.0,
        "Gross Profit": 62266000.0,
        "Cost Of Revenue": 447985000.0,
        "Total Revenue": 510251000.0,
        "Operating Revenue": 500936000.0
    },
    "2024-03-31": {
        "Tax Effect Of Unusual Items": 0.0,
        "Tax Rate For Calcs": 0.0,
        "Normalized EBITDA": -21212000.0,
        "Total Unusual Items": -820000.0,
        "Total Unusual Items Excluding Goodwill": -820000.0,
        "Net Income From Continuing Operation Net Minority Interest": -23170000.0,
        "Reconciled Depreciation": 318000.0,
        "Reconciled Cost Of Revenue": 265162000.0,
        "EBITDA": -22032000.0,
        "EBIT": -22350000.0,
        "Net Interest Income": NaN,
        "Interest Expense": NaN,
        "Normalized Income": -22350000.0,
        "Net Income From Continuing And Discontinued Operation": -19170000.0,
        "Total Expenses": 369272000.0,
        "Total Operating Income As Reported": -22703000.0,
        "Diluted Average Shares": 567451166.0,
        "Basic Average Shares": 486374644.0,
        "Diluted EPS": -0.04,
        "Basic EPS": -0.04,
        "Diluted NI Availto Com Stockholders": -19170000.0,
        "Net Income Common Stockholders": -19170000.0,
        "Net Income": -19170000.0,
        "Net Income Including Noncontrolling Interests": -19170000.0,
        "Net Income Discontinuous Operations": 4000000.0,
        "Net Income Continuous Operations": -23170000.0,
        "Pretax Income": -23170000.0,
        "Other Income Expense": -820000.0,
        "Special Income Charges": -353000.0,
        "Restructuring And Mergern Acquisition": 353000.0,
        "Gain On Sale Of Security": -467000.0,
        "Net Non Operating Interest Income Expense": NaN,
        "Interest Expense Non Operating": NaN,
        "Operating Income": -22350000.0,
        "Operating Expense": 104110000.0,
        "Other Operating Expenses": NaN,
        "Depreciation Amortization Depletion Income Statement": 318000.0,
        "Depreciation And Amortization In Income Statement": 318000.0,
        "Selling General And Administration": 103792000.0,
        "General And Administrative Expense": 103792000.0,
        "Other Gand A": 44569000.0,
        "Salaries And Wages": 59223000.0,
        "Gross Profit": 81760000.0,
        "Cost Of Revenue": 265162000.0,
        "Total Revenue": 346922000.0,
        "Operating Revenue": 341722000.0
    },
    "2024-06-30": {
        "Tax Effect Of Unusual Items": 0.0,
        "Tax Rate For Calcs": 0.0,
        "Normalized EBITDA": 7990000.0,
        "Total Unusual Items": -490000.0,
        "Total Unusual Items Excluding Goodwill": -490000.0,
        "Net Income From Continuing Operation Net Minority Interest": 7170000.0,
        "Reconciled Depreciation": 330000.0,
        "Reconciled Cost Of Revenue": 248347000.0,
        "EBITDA": 7500000.0,
        "EBIT": 7170000.0,
        "Net Interest Income": 0.0,
        "Interest Expense": 0.0,
        "Normalized Income": 7660000.0,
        "Net Income From Continuing And Discontinued Operation": 7408000.0,
        "Total Expenses": 348600000.0,
        "Total Operating Income As Reported": 7187000.0,
        "Diluted Average Shares": 495179955.0,
        "Basic Average Shares": 487483087.0,
        "Diluted EPS": 0.01,
        "Basic EPS": 0.01,
        "Diluted NI Availto Com Stockholders": 7408000.0,
        "Net Income Common Stockholders": 7408000.0,
        "Net Income": 7408000.0,
        "Net Income Including Noncontrolling Interests": 7408000.0,
        "Net Income Discontinuous Operations": 238000.0,
        "Net Income Continuous Operations": 7170000.0,
        "Pretax Income": 7170000.0,
        "Other Income Expense": -490000.0,
        "Special Income Charges": -473000.0,
        "Restructuring And Mergern Acquisition": 473000.0,
        "Gain On Sale Of Security": -17000.0,
        "Net Non Operating Interest Income Expense": 0.0,
        "Interest Expense Non Operating": 0.0,
        "Operating Income": 7660000.0,
        "Operating Expense": 100253000.0,
        "Other Operating Expenses": NaN,
        "Depreciation Amortization Depletion Income Statement": 330000.0,
        "Depreciation And Amortization In Income Statement": 330000.0,
        "Selling General And Administration": 99923000.0,
        "General And Administrative Expense": 99923000.0,
        "Other Gand A": 44424000.0,
        "Salaries And Wages": 55499000.0,
        "Gross Profit": 107913000.0,
        "Cost Of Revenue": 248347000.0,
        "Total Revenue": 356260000.0,
        "Operating Revenue": 349900000.0
    },
    "2024-09-30": {
        "Tax Effect Of Unusual Items": 0.0,
        "Tax Rate For Calcs": 0.0,
        "Normalized EBITDA": -8984000.0,
        "Total Unusual Items": 538000.0,
        "Total Unusual Items Excluding Goodwill": 538000.0,
        "Net Income From Continuing Operation Net Minority Interest": -8785000.0,
        "Reconciled Depreciation": 339000.0,
        "Reconciled Cost Of Revenue": 249774000.0,
        "EBITDA": -8446000.0,
        "EBIT": -8785000.0,
        "Net Interest Income": 0.0,
        "Interest Expense": 0.0,
        "Normalized Income": -9323000.0,
        "Net Income From Continuing And Discontinued Operation": -9155000.0,
        "Total Expenses": 340309000.0,
        "Total Operating Income As Reported": -8785000.0,
        "Diluted Average Shares": 490180103.0,
        "Basic Average Shares": 490180103.0,
        "Diluted EPS": -0.02,
        "Basic EPS": -0.02,
        "Diluted NI Availto Com Stockholders": -9155000.0,
        "Net Income Common Stockholders": -9155000.0,
        "Net Income": -9155000.0,
        "Net Income Including Noncontrolling Interests": -9155000.0,
        "Net Income Discontinuous Operations": -370000.0,
        "Net Income Continuous Operations": -8785000.0,
        "Pretax Income": -8785000.0,
        "Other Income Expense": 538000.0,
        "Special Income Charges": 538000.0,
        "Restructuring And Mergern Acquisition": -538000.0,
        "Gain On Sale Of Security": NaN,
        "Net Non Operating Interest Income Expense": 0.0,
        "Interest Expense Non Operating": 0.0,
        "Operating Income": -9323000.0,
        "Operating Expense": 90535000.0,
        "Other Operating Expenses": NaN,
        "Depreciation Amortization Depletion Income Statement": 339000.0,
        "Depreciation And Amortization In Income Statement": 339000.0,
        "Selling General And Administration": 90196000.0,
        "General And Administrative Expense": 90196000.0,
        "Other Gand A": 35201000.0,
        "Salaries And Wages": 54995000.0,
        "Gross Profit": 81212000.0,
        "Cost Of Revenue": 249774000.0,
        "Total Revenue": 330986000.0,
        "Operating Revenue": 322579000.0
    },
    "2024-12-31": {
        "Tax Effect Of Unusual Items": 0.0,
        "Tax Rate For Calcs": 0.0,
        "Normalized EBITDA": -21104000.0,
        "Total Unusual Items": -33000.0,
        "Total Unusual Items Excluding Goodwill": -33000.0,
        "Net Income From Continuing Operation Net Minority Interest": -21481000.0,
        "Reconciled Depreciation": 344000.0,
        "Reconciled Cost Of Revenue": 243044000.0,
        "EBITDA": -21137000.0,
        "EBIT": -21481000.0,
        "Net Interest Income": 0.0,
        "Interest Expense": 0.0,
        "Normalized Income": -21448000.0,
        "Net Income From Continuing And Discontinued Operation": -22092000.0,
        "Total Expenses": 358411000.0,
        "Total Operating Income As Reported": -21448000.0,
        "Diluted Average Shares": NaN,
        "Basic Average Shares": NaN,
        "Diluted EPS": NaN,
        "Basic EPS": NaN,
        "Diluted NI Availto Com Stockholders": -22092000.0,
        "Net Income Common Stockholders": -22092000.0,
        "Net Income": -22092000.0,
        "Net Income Including Noncontrolling Interests": -22092000.0,
        "Net Income Discontinuous Operations": -611000.0,
        "Net Income Continuous Operations": -21481000.0,
        "Pretax Income": -21481000.0,
        "Other Income Expense": -33000.0,
        "Special Income Charges": 0.0,
        "Restructuring And Mergern Acquisition": 0.0,
        "Gain On Sale Of Security": -33000.0,
        "Net Non Operating Interest Income Expense": 0.0,
        "Interest Expense Non Operating": 0.0,
        "Operating Income": -21448000.0,
        "Operating Expense": 115367000.0,
        "Other Operating Expenses": NaN,
        "Depreciation Amortization Depletion Income Statement": 344000.0,
        "Depreciation And Amortization In Income Statement": 344000.0,
        "Selling General And Administration": 115023000.0,
        "General And Administrative Expense": 115023000.0,
        "Other Gand A": 52286000.0,
        "Salaries And Wages": 62737000.0,
        "Gross Profit": 93919000.0,
        "Cost Of Revenue": 243044000.0,
        "Total Revenue": 336963000.0,
        "Operating Revenue": 330680000.0
    }
}