{
    "2023-03-31": {
        "Tax Effect Of Unusual Items": NaN,
        "Tax Rate For Calcs": NaN,
        "Normalized EBITDA": NaN,
        "Net Income From Continuing Operation Net Minority Interest": NaN,
        "Reconciled Depreciation": NaN,
        "Reconciled Cost Of Revenue": NaN,
        "EBITDA": NaN,
        "EBIT": NaN,
        "Net Interest Income": NaN,
        "Interest Expense": 292000.0,
        "Normalized Income": NaN,
        "Net Income From Continuing And Discontinued Operation": NaN,
        "Total Expenses": NaN,
        "Total Operating Income As Reported": NaN,
        "Diluted Average Shares": NaN,
        "Basic Average Shares": NaN,
        "Diluted EPS": NaN,
        "Basic EPS": NaN,
        "Diluted NI Availto Com Stockholders": NaN,
        "Net Income Common Stockholders": NaN,
        "Net Income": NaN,
        "Net Income Including Noncontrolling Interests": NaN,
        "Net Income Continuous Operations": NaN,
        "Tax Provision": NaN,
        "Pretax Income": NaN,
        "Other Income Expense": NaN,
        "Other Non Operating Income Expenses": NaN,
        "Net Non Operating Interest Income Expense": NaN,
        "Total Other Finance Cost": 292000.0,
        "Interest Expense Non Operating": 292000.0,
        "Operating Income": NaN,
        "Operating Expense": NaN,
        "Research And Development": NaN,
        "Selling General And Administration": NaN,
        "Selling And Marketing Expense": NaN,
        "General And Administrative Expense": NaN,
        "Other Gand A": NaN,
        "Gross Profit": NaN,
        "Cost Of Revenue": NaN,
        "Total Revenue": NaN,
        "Operating Revenue": NaN
    },
    "2022-12-31": {
        "Tax Effect Of Unusual Items": 0.0,
        "Tax Rate For Calcs": 0.22169,
        "Normalized EBITDA": 31735000.0,
        "Net Income From Continuing Operation Net Minority Interest": 24028000.0,
        "Reconciled Depreciation": 728000.0,
        "Reconciled Cost Of Revenue": 2757000.0,
        "EBITDA": 31735000.0,
        "EBIT": 31007000.0,
        "Net Interest Income": -135000.0,
        "Interest Expense": 135000.0,
        "Normalized Income": 24028000.0,
        "Net Income From Continuing And Discontinued Operation": 24028000.0,
        "Total Expenses": 6611000.0,
        "Total Operating Income As Reported": -2590000.0,
        "Diluted Average Shares": 24947851.0,
        "Basic Average Shares": 23952590.0,
        "Diluted EPS": 0.97,
        "Basic EPS": 1.0,
        "Diluted NI Availto Com Stockholders": 24028000.0,
        "Net Income Common Stockholders": 24028000.0,
        "Net Income": 24028000.0,
        "Net Income Including Noncontrolling Interests": 24028000.0,
        "Net Income Continuous Operations": 24028000.0,
        "Tax Provision": 6844000.0,
        "Pretax Income": 30872000.0,
        "Other Income Expense": 33597000.0,
        "Other Non Operating Income Expenses": 33597000.0,
        "Net Non Operating Interest Income Expense": -135000.0,
        "Interest Expense Non Operating": 135000.0,
        "Operating Income": -2590000.0,
        "Operating Expense": 3854000.0,
        "Research And Development": 984000.0,
        "Selling General And Administration": 2870000.0,
        "Selling And Marketing Expense": 1244000.0,
        "General And Administrative Expense": 1626000.0,
        "Other Gand A": 1626000.0,
        "Gross Profit": 1264000.0,
        "Cost Of Revenue": 2757000.0,
        "Total Revenue": 4021000.0,
        "Operating Revenue": 4021000.0
    },
    "2022-09-30": {
        "Tax Effect Of Unusual Items": 0.0,
        "Tax Rate For Calcs": 0.4,
        "Normalized EBITDA": -187000.0,
        "Net Income From Continuing Operation Net Minority Interest": -1248000.0,
        "Reconciled Depreciation": 946000.0,
        "Reconciled Cost Of Revenue": 3694000.0,
        "EBITDA": -187000.0,
        "EBIT": -1133000.0,
        "Net Interest Income": -90000.0,
        "Interest Expense": 90000.0,
        "Normalized Income": -1248000.0,
        "Net Income From Continuing And Discontinued Operation": -1248000.0,
        "Total Expenses": 7394000.0,
        "Total Operating Income As Reported": -1130000.0,
        "Diluted Average Shares": 23952555.0,
        "Basic Average Shares": 23952555.0,
        "Diluted EPS": -0.05,
        "Basic EPS": -0.05,
        "Diluted NI Availto Com Stockholders": -1248000.0,
        "Net Income Common Stockholders": -1248000.0,
        "Net Income": -1248000.0,
        "Net Income Including Noncontrolling Interests": -1248000.0,
        "Net Income Continuous Operations": -1248000.0,
        "Tax Provision": 25000.0,
        "Pretax Income": -1223000.0,
        "Other Income Expense": -3000.0,
        "Other Non Operating Income Expenses": -3000.0,
        "Net Non Operating Interest Income Expense": -90000.0,
        "Interest Expense Non Operating": 90000.0,
        "Operating Income": -1130000.0,
        "Operating Expense": 3700000.0,
        "Research And Development": 876000.0,
        "Selling General And Administration": 2824000.0,
        "Selling And Marketing Expense": 1151000.0,
        "General And Administrative Expense": 1673000.0,
        "Other Gand A": 1673000.0,
        "Gross Profit": 2570000.0,
        "Cost Of Revenue": 3694000.0,
        "Total Revenue": 6264000.0,
        "Operating Revenue": 6264000.0
    },
    "2022-06-30": {
        "Tax Effect Of Unusual Items": 0.0,
        "Tax Rate For Calcs": 0.4,
        "Normalized EBITDA": -144000.0,
        "Net Income From Continuing Operation Net Minority Interest": -257000.0,
        "Reconciled Depreciation": 945000.0,
        "Reconciled Cost Of Revenue": 4568000.0,
        "EBITDA": -144000.0,
        "EBIT": -144000.0,
        "Net Interest Income": -94000.0,
        "Interest Expense": 94000.0,
        "Normalized Income": -257000.0,
        "Net Income From Continuing And Discontinued Operation": -257000.0,
        "Total Expenses": 9024000.0,
        "Total Operating Income As Reported": -1649000.0,
        "Diluted Average Shares": 23948631.0,
        "Basic Average Shares": 23948631.0,
        "Diluted EPS": -0.01,
        "Basic EPS": -0.01,
        "Diluted NI Availto Com Stockholders": -257000.0,
        "Net Income Common Stockholders": -257000.0,
        "Net Income": -257000.0,
        "Net Income Including Noncontrolling Interests": -257000.0,
        "Net Income Continuous Operations": -257000.0,
        "Tax Provision": 19000.0,
        "Pretax Income": -238000.0,
        "Other Income Expense": 1505000.0,
        "Other Non Operating Income Expenses": 1505000.0,
        "Net Non Operating Interest Income Expense": -94000.0,
        "Interest Expense Non Operating": 94000.0,
        "Operating Income": -1649000.0,
        "Operating Expense": 4456000.0,
        "Research And Development": 1177000.0,
        "Selling General And Administration": 3279000.0,
        "Selling And Marketing Expense": 1562000.0,
        "General And Administrative Expense": 1717000.0,
        "Other Gand A": 1717000.0,
        "Gross Profit": 2807000.0,
        "Cost Of Revenue": 4568000.0,
        "Total Revenue": 7375000.0,
        "Operating Revenue": 7375000.0
    },
    "2022-03-31": {
        "Diluted EPS": -0.08,
        "Total Revenue": 8,
        "Gross Profit": 3,
        "Operating Income": -2,
        "EBIT": -1,
        "Net Income": -2
    },
    "2021-12-31": {
        "Diluted EPS": -0.11,
        "Total Revenue": 7,
        "Gross Profit": 3,
        "Operating Income": -2,
        "EBIT": -1,
        "Net Income": -2
    },
    "2021-09-30": {
        "Diluted EPS": -0.11,
        "Total Revenue": 7,
        "Gross Profit": 3,
        "Operating Income": -2,
        "EBIT": -1,
        "Net Income": -2
    },
    "2021-06-30": {
        "Diluted EPS": -0.08,
        "Total Revenue": 8,
        "Gross Profit": 3,
        "Operating Income": -1,
        "EBIT": -1,
        "Net Income": -2
    },
    "2021-03-31": {
        "Diluted EPS": -0.09,
        "Total Revenue": 7,
        "Gross Profit": 3,
        "Operating Income": -2,
        "EBIT": -1,
        "Net Income": -2
    },
    "2020-12-31": {
        "Diluted EPS": 0.33,
        "Total Revenue": 9,
        "Gross Profit": 4,
        "Operating Income": -1,
        "EBIT": 0,
        "Net Income": 6
    },
    "2020-09-30": {
        "Diluted EPS": -0.07,
        "Total Revenue": 8,
        "Gross Profit": 4,
        "Operating Income": -1,
        "EBIT": 0,
        "Net Income": -1
    },
    "2020-06-30": {
        "Diluted EPS": -0.12,
        "Total Revenue": 6,
        "Gross Profit": 3,
        "Operating Income": -2,
        "EBIT": -1,
        "Net Income": -2
    },
    "2020-03-31": {
        "Diluted EPS": -0.11,
        "Total Revenue": 6,
        "Gross Profit": 3,
        "Operating Income": -2,
        "EBIT": -1,
        "Net Income": -2
    },
    "2019-12-31": {
        "Diluted EPS": -0.12,
        "Total Revenue": 6,
        "Gross Profit": 3,
        "Operating Income": -2,
        "EBIT": -1,
        "Net Income": -2
    },
    "2019-09-30": {
        "Diluted EPS": -0.12,
        "Total Revenue": 6,
        "Gross Profit": 3,
        "Operating Income": -2,
        "EBIT": -1,
        "Net Income": -2
    },
    "2019-06-30": {
        "Diluted EPS": -0.13,
        "Total Revenue": 6,
        "Gross Profit": 3,
        "Operating Income": -2,
        "EBIT": -2,
        "Net Income": -2
    },
    "2019-03-31": {
        "Diluted EPS": -0.14,
        "Total Revenue": 6,
        "Gross Profit": 3,
        "Operating Income": -2,
        "EBIT": -2,
        "Net Income": -2
    },
    "2018-12-31": {
        "Diluted EPS": -0.17,
        "Total Revenue": 7,
        "Gross Profit": 3,
        "Operating Income": -3,
        "EBIT": -2,
        "Net Income": -3
    },
    "2018-09-30": {
        "Diluted EPS": -1.22,
        "Total Revenue": 7,
        "Gross Profit": 3,
        "Operating Income": -2,
        "EBIT": -2,
        "Net Income": -10
    },
    "2018-06-30": {
        "Diluted EPS": -0.26,
        "Total Revenue": 7,
        "Gross Profit": 3,
        "Operating Income": -3,
        "EBIT": -3,
        "Net Income": -2
    },
    "2018-03-31": {
        "Diluted EPS": -0.22,
        "Total Revenue": 7,
        "Gross Profit": 4,
        "Operating Income": -2,
        "EBIT": -2,
        "Net Income": -2
    },
    "2017-12-31": {
        "Diluted EPS": -0.42,
        "Total Revenue": 9,
        "Gross Profit": 5,
        "Operating Income": -1,
        "EBIT": -14,
        "Net Income": -4
    },
    "2017-09-30": {
        "Diluted EPS": -1.09,
        "Total Revenue": 11,
        "Gross Profit": 7,
        "Operating Income": -14,
        "EBIT": 0,
        "Net Income": -9
    },
    "2017-06-30": {
        "Diluted EPS": -0.09,
        "Total Revenue": 10,
        "Gross Profit": 6,
        "Operating Income": -1,
        "EBIT": -1,
        "Net Income": -1
    },
    "2017-03-31": {
        "Diluted EPS": -0.05,
        "Total Revenue": 12,
        "Gross Profit": 7,
        "Operating Income": -1,
        "EBIT": 0,
        "Net Income": 0
    },
    "2016-12-31": {
        "Diluted EPS": -0.11,
        "Total Revenue": 11,
        "Gross Profit": 6,
        "Operating Income": -1,
        "EBIT": -1,
        "Net Income": -1
    },
    "2016-09-30": {
        "Diluted EPS": 0.13,
        "Total Revenue": 13,
        "Gross Profit": 8,
        "Operating Income": 1,
        "EBIT": 2,
        "Net Income": 1
    },
    "2016-06-30": {
        "Diluted EPS": 0.1,
        "Total Revenue": 12,
        "Gross Profit": 8,
        "Operating Income": 1,
        "EBIT": 2,
        "Net Income": 1
    },
    "2016-03-31": {
        "Diluted EPS": 0.14,
        "Total Revenue": 13,
        "Gross Profit": 8,
        "Operating Income": 2,
        "EBIT": 2,
        "Net Income": 1
    },
    "2015-12-31": {
        "Diluted EPS": 0.17,
        "Total Revenue": 14,
        "Gross Profit": 9,
        "Operating Income": 3,
        "EBIT": 3,
        "Net Income": 2
    },
    "2015-09-30": {
        "Diluted EPS": 0.25,
        "Total Revenue": 16,
        "Gross Profit": 10,
        "Operating Income": 4,
        "EBIT": 4,
        "Net Income": 2
    },
    "2015-06-30": {
        "Diluted EPS": 0.16,
        "Total Revenue": 14,
        "Gross Profit": 9,
        "Operating Income": 2,
        "EBIT": 3,
        "Net Income": 2
    },
    "2015-03-31": {
        "Diluted EPS": 0.13,
        "Total Revenue": 14,
        "Gross Profit": 8,
        "Operating Income": 2,
        "EBIT": 2,
        "Net Income": 1
    },
    "2014-12-31": {
        "Diluted EPS": 0.27,
        "Total Revenue": 15,
        "Gross Profit": 10,
        "Operating Income": 3,
        "EBIT": 4,
        "Net Income": 3
    },
    "2014-09-30": {
        "Diluted EPS": 0.17,
        "Total Revenue": 16,
        "Gross Profit": 10,
        "Operating Income": 3,
        "EBIT": 3,
        "Net Income": 2
    },
    "2014-06-30": {
        "Diluted EPS": 0.09,
        "Total Revenue": 14,
        "Gross Profit": 8,
        "Operating Income": 1,
        "EBIT": 2,
        "Net Income": 1
    },
    "2014-03-31": {
        "Diluted EPS": 0.05,
        "Total Revenue": 13,
        "Gross Profit": 8,
        "Operating Income": 1,
        "EBIT": 1,
        "Net Income": 0
    },
    "2013-12-31": {
        "Diluted EPS": 0.18,
        "Total Revenue": 14,
        "Gross Profit": 9,
        "Operating Income": 3,
        "EBIT": 3,
        "Net Income": 2
    },
    "2013-09-30": {
        "Diluted EPS": 0.18,
        "Total Revenue": 12,
        "Gross Profit": 7,
        "Operating Income": 2,
        "EBIT": 3,
        "Net Income": 2
    },
    "2013-06-30": {
        "Diluted EPS": 0.11,
        "Total Revenue": 12,
        "Gross Profit": 7,
        "Operating Income": 1,
        "EBIT": 2,
        "Net Income": 1
    },
    "2013-03-31": {
        "Diluted EPS": 0.08,
        "Total Revenue": 11,
        "Gross Profit": 7,
        "Operating Income": 1,
        "EBIT": 1,
        "Net Income": 1
    },
    "2012-12-31": {
        "Diluted EPS": 2.66,
        "Total Revenue": 13,
        "Gross Profit": 7,
        "Operating Income": 39,
        "EBIT": 40,
        "Net Income": 25
    },
    "2012-09-30": {
        "Diluted EPS": 0.11,
        "Total Revenue": 12,
        "Gross Profit": 7,
        "Operating Income": 1,
        "EBIT": 2,
        "Net Income": 1
    },
    "2012-06-30": {
        "Diluted EPS": 0.07,
        "Total Revenue": 12,
        "Gross Profit": 7,
        "Operating Income": 1,
        "EBIT": 2,
        "Net Income": 1
    },
    "2012-03-31": {
        "Diluted EPS": 0.05,
        "Total Revenue": 10,
        "Gross Profit": 6,
        "Operating Income": 1,
        "EBIT": 1,
        "Net Income": 0
    },
    "2011-12-31": {
        "Diluted EPS": 0.16,
        "Total Revenue": 12,
        "Gross Profit": 7,
        "Operating Income": 2,
        "EBIT": 2,
        "Net Income": 1
    },
    "2011-09-30": {
        "Diluted EPS": 0.36,
        "Total Revenue": 12,
        "Gross Profit": 7,
        "Operating Income": 5,
        "EBIT": 6,
        "Net Income": 3
    },
    "2011-06-30": {
        "Diluted EPS": 0.14,
        "Total Revenue": 12,
        "Gross Profit": 7,
        "Operating Income": 2,
        "EBIT": 2,
        "Net Income": 1
    },
    "2011-03-31": {
        "Diluted EPS": 0.09,
        "Total Revenue": 11,
        "Gross Profit": 6,
        "Operating Income": 1,
        "EBIT": 2,
        "Net Income": 1
    },
    "2010-12-31": {
        "Diluted EPS": 0.1,
        "Total Revenue": 13,
        "Gross Profit": 8,
        "Operating Income": 0,
        "EBIT": 0,
        "Net Income": 1
    },
    "2010-09-30": {
        "Diluted EPS": 0.11,
        "Total Revenue": 10,
        "Gross Profit": 6,
        "Operating Income": 1,
        "EBIT": 1,
        "Net Income": 1
    },
    "2010-06-30": {
        "Diluted EPS": 0.04,
        "Total Revenue": 10,
        "Gross Profit": 6,
        "Operating Income": 1,
        "EBIT": 1,
        "Net Income": 0
    },
    "2010-03-31": {
        "Diluted EPS": 0.02,
        "Total Revenue": 8,
        "Gross Profit": 5,
        "Operating Income": 0,
        "EBIT": 1,
        "Net Income": 0
    },
    "2009-12-31": {
        "Diluted EPS": 0.0,
        "Total Revenue": NaN,
        "Gross Profit": NaN,
        "Operating Income": NaN,
        "EBIT": NaN,
        "Net Income": NaN
    },
    "2009-09-30": {
        "Diluted EPS": -0.03,
        "Total Revenue": 8,
        "Gross Profit": 4,
        "Operating Income": -1,
        "EBIT": 0,
        "Net Income": 0
    },
    "2009-06-30": {
        "Diluted EPS": -0.04,
        "Total Revenue": 7,
        "Gross Profit": 3,
        "Operating Income": -1,
        "EBIT": -1,
        "Net Income": 0
    },
    "2009-03-31": {
        "Diluted EPS": 0.04,
        "Total Revenue": 8,
        "Gross Profit": 4,
        "Operating Income": 0,
        "EBIT": 1,
        "Net Income": 0
    },
    "2023-06-30": {
        "Tax Effect Of Unusual Items": 0.0,
        "Tax Rate For Calcs": 0.21,
        "Normalized EBITDA": NaN,
        "Net Income From Continuing Operation Net Minority Interest": -1019000.0,
        "Reconciled Depreciation": 316000.0,
        "Reconciled Cost Of Revenue": 3635000.0,
        "EBITDA": NaN,
        "EBIT": NaN,
        "Net Interest Income": -91000.0,
        "Interest Expense": 91000.0,
        "Normalized Income": -1019000.0,
        "Net Income From Continuing And Discontinued Operation": -1019000.0,
        "Total Expenses": 6838000.0,
        "Total Operating Income As Reported": -1355000.0,
        "Diluted Average Shares": 23955802.0,
        "Basic Average Shares": 23955802.0,
        "Diluted EPS": -0.04,
        "Basic EPS": -0.04,
        "Diluted NI Availto Com Stockholders": -1019000.0,
        "Net Income Common Stockholders": -1019000.0,
        "Net Income": -1019000.0,
        "Net Income Including Noncontrolling Interests": -1019000.0,
        "Net Income Continuous Operations": -1019000.0,
        "Tax Provision": 10000.0,
        "Pretax Income": -1009000.0,
        "Other Income Expense": 437000.0,
        "Other Non Operating Income Expenses": 437000.0,
        "Net Non Operating Interest Income Expense": -91000.0,
        "Total Other Finance Cost": 91000.0,
        "Interest Expense Non Operating": 91000.0,
        "Operating Income": -1355000.0,
        "Operating Expense": 3203000.0,
        "Research And Development": 873000.0,
        "Selling General And Administration": 2330000.0,
        "Selling And Marketing Expense": 1323000.0,
        "General And Administrative Expense": 1007000.0,
        "Other Gand A": 1007000.0,
        "Gross Profit": 1848000.0,
        "Cost Of Revenue": 3635000.0,
        "Total Revenue": 5483000.0,
        "Operating Revenue": 5483000.0
    },
    "2023-09-30": {
        "Tax Effect Of Unusual Items": NaN,
        "Tax Rate For Calcs": NaN,
        "Normalized EBITDA": NaN,
        "Net Income From Continuing Operation Net Minority Interest": NaN,
        "Reconciled Depreciation": NaN,
        "Reconciled Cost Of Revenue": NaN,
        "EBITDA": NaN,
        "EBIT": NaN,
        "Net Interest Income": NaN,
        "Interest Expense": 86000.0,
        "Normalized Income": NaN,
        "Net Income From Continuing And Discontinued Operation": NaN,
        "Total Expenses": NaN,
        "Total Operating Income As Reported": NaN,
        "Diluted Average Shares": 23960313.0,
        "Basic Average Shares": 23960313.0,
        "Diluted EPS": -0.06,
        "Basic EPS": -0.06,
        "Diluted NI Availto Com Stockholders": NaN,
        "Net Income Common Stockholders": NaN,
        "Net Income": NaN,
        "Net Income Including Noncontrolling Interests": NaN,
        "Net Income Continuous Operations": NaN,
        "Tax Provision": NaN,
        "Pretax Income": NaN,
        "Other Income Expense": NaN,
        "Other Non Operating Income Expenses": NaN,
        "Net Non Operating Interest Income Expense": NaN,
        "Total Other Finance Cost": 86000.0,
        "Interest Expense Non Operating": 86000.0,
        "Operating Income": NaN,
        "Operating Expense": NaN,
        "Research And Development": NaN,
        "Selling General And Administration": NaN,
        "Selling And Marketing Expense": NaN,
        "General And Administrative Expense": NaN,
        "Other Gand A": NaN,
        "Gross Profit": NaN,
        "Cost Of Revenue": NaN,
        "Total Revenue": NaN,
        "Operating Revenue": NaN
    },
    "2024-03-31": {
        "Tax Effect Of Unusual Items": NaN,
        "Tax Rate For Calcs": NaN,
        "Normalized EBITDA": NaN,
        "Net Income From Continuing Operation Net Minority Interest": NaN,
        "Reconciled Depreciation": NaN,
        "Reconciled Cost Of Revenue": NaN,
        "EBITDA": NaN,
        "EBIT": NaN,
        "Net Interest Income": NaN,
        "Interest Expense": 0.0,
        "Normalized Income": NaN,
        "Net Income From Continuing And Discontinued Operation": NaN,
        "Total Expenses": NaN,
        "Total Operating Income As Reported": NaN,
        "Diluted Average Shares": NaN,
        "Basic Average Shares": NaN,
        "Diluted EPS": NaN,
        "Basic EPS": NaN,
        "Diluted NI Availto Com Stockholders": NaN,
        "Net Income Common Stockholders": NaN,
        "Net Income": NaN,
        "Net Income Including Noncontrolling Interests": NaN,
        "Net Income Discontinuous Operations": NaN,
        "Net Income Continuous Operations": NaN,
        "Tax Provision": NaN,
        "Pretax Income": NaN,
        "Other Income Expense": NaN,
        "Other Non Operating Income Expenses": NaN,
        "Net Non Operating Interest Income Expense": NaN,
        "Total Other Finance Cost": NaN,
        "Interest Expense Non Operating": 0.0,
        "Operating Income": NaN,
        "Operating Expense": NaN,
        "Research And Development": NaN,
        "Selling General And Administration": NaN,
        "Selling And Marketing Expense": NaN,
        "General And Administrative Expense": NaN,
        "Other Gand A": NaN,
        "Gross Profit": NaN,
        "Cost Of Revenue": NaN,
        "Total Revenue": NaN,
        "Operating Revenue": NaN
    },
    "2024-06-30": {
        "Tax Effect Of Unusual Items": NaN,
        "Tax Rate For Calcs": NaN,
        "Normalized EBITDA": NaN,
        "Net Income From Continuing Operation Net Minority Interest": NaN,
        "Reconciled Depreciation": NaN,
        "Reconciled Cost Of Revenue": NaN,
        "EBITDA": NaN,
        "EBIT": NaN,
        "Net Interest Income": NaN,
        "Interest Expense": 0.0,
        "Normalized Income": NaN,
        "Net Income From Continuing And Discontinued Operation": NaN,
        "Total Expenses": NaN,
        "Total Operating Income As Reported": NaN,
        "Diluted Average Shares": 1597943.0,
        "Basic Average Shares": 1597943.0,
        "Diluted EPS": -1.76,
        "Basic EPS": -1.76,
        "Diluted NI Availto Com Stockholders": NaN,
        "Net Income Common Stockholders": NaN,
        "Net Income": NaN,
        "Net Income Including Noncontrolling Interests": NaN,
        "Net Income Discontinuous Operations": NaN,
        "Net Income Continuous Operations": NaN,
        "Tax Provision": NaN,
        "Pretax Income": NaN,
        "Other Income Expense": NaN,
        "Other Non Operating Income Expenses": NaN,
        "Net Non Operating Interest Income Expense": NaN,
        "Total Other Finance Cost": NaN,
        "Interest Expense Non Operating": 0.0,
        "Operating Income": NaN,
        "Operating Expense": NaN,
        "Research And Development": NaN,
        "Selling General And Administration": NaN,
        "Selling And Marketing Expense": NaN,
        "General And Administrative Expense": NaN,
        "Other Gand A": NaN,
        "Gross Profit": NaN,
        "Cost Of Revenue": NaN,
        "Total Revenue": NaN,
        "Operating Revenue": NaN
    },
    "2024-09-30": {
        "Tax Effect Of Unusual Items": 0.0,
        "Tax Rate For Calcs": 0.21,
        "Normalized EBITDA": -842000.0,
        "Net Income From Continuing Operation Net Minority Interest": -716000.0,
        "Reconciled Depreciation": -187000.0,
        "Reconciled Cost Of Revenue": 27000.0,
        "EBITDA": -842000.0,
        "EBIT": -842000.0,
        "Net Interest Income": 29000.0,
        "Interest Expense": NaN,
        "Normalized Income": -716000.0,
        "Net Income From Continuing And Discontinued Operation": -2062000.0,
        "Total Expenses": 842000.0,
        "Total Operating Income As Reported": -842000.0,
        "Diluted Average Shares": 1599534.0,
        "Basic Average Shares": 1599534.0,
        "Diluted EPS": -1.29,
        "Basic EPS": -1.29,
        "Diluted NI Availto Com Stockholders": -2062000.0,
        "Net Income Common Stockholders": -2062000.0,
        "Net Income": -2062000.0,
        "Net Income Including Noncontrolling Interests": -2062000.0,
        "Net Income Discontinuous Operations": -1346000.0,
        "Net Income Continuous Operations": -716000.0,
        "Tax Provision": 16000.0,
        "Pretax Income": -700000.0,
        "Other Income Expense": 113000.0,
        "Other Non Operating Income Expenses": 113000.0,
        "Net Non Operating Interest Income Expense": 29000.0,
        "Total Other Finance Cost": -29000.0,
        "Interest Expense Non Operating": NaN,
        "Operating Income": -842000.0,
        "Operating Expense": 815000.0,
        "Research And Development": 0.0,
        "Selling General And Administration": 815000.0,
        "Selling And Marketing Expense": 0.0,
        "General And Administrative Expense": 815000.0,
        "Other Gand A": 815000.0,
        "Gross Profit": -27000.0,
        "Cost Of Revenue": 27000.0,
        "Total Revenue": 0.0,
        "Operating Revenue": 0.0
    },
    "2023-12-31": {
        "Tax Effect Of Unusual Items": NaN,
        "Tax Rate For Calcs": NaN,
        "Normalized EBITDA": NaN,
        "Net Income From Continuing Operation Net Minority Interest": NaN,
        "Reconciled Depreciation": NaN,
        "Reconciled Cost Of Revenue": NaN,
        "EBITDA": NaN,
        "EBIT": NaN,
        "Net Interest Income": NaN,
        "Interest Expense": 68000.0,
        "Normalized Income": NaN,
        "Net Income From Continuing And Discontinued Operation": NaN,
        "Total Expenses": NaN,
        "Total Operating Income As Reported": NaN,
        "Diluted Average Shares": NaN,
        "Basic Average Shares": NaN,
        "Diluted EPS": NaN,
        "Basic EPS": NaN,
        "Diluted NI Availto Com Stockholders": NaN,
        "Net Income Common Stockholders": NaN,
        "Net Income": NaN,
        "Net Income Including Noncontrolling Interests": NaN,
        "Net Income Continuous Operations": NaN,
        "Tax Provision": NaN,
        "Pretax Income": NaN,
        "Other Income Expense": NaN,
        "Other Non Operating Income Expenses": NaN,
        "Net Non Operating Interest Income Expense": NaN,
        "Total Other Finance Cost": 68000.0,
        "Interest Expense Non Operating": 68000.0,
        "Operating Income": NaN,
        "Operating Expense": NaN,
        "Research And Development": NaN,
        "Selling General And Administration": NaN,
        "Selling And Marketing Expense": NaN,
        "General And Administrative Expense": NaN,
        "Other Gand A": NaN,
        "Gross Profit": NaN,
        "Cost Of Revenue": NaN,
        "Total Revenue": NaN,
        "Operating Revenue": NaN
    },
    "2024-12-31": {
        "Tax Effect Of Unusual Items": 0.0,
        "Tax Rate For Calcs": 0.21,
        "Normalized EBITDA": -1770000.0,
        "Net Income From Continuing Operation Net Minority Interest": -2203000.0,
        "Reconciled Depreciation": 251000.0,
        "Reconciled Cost Of Revenue": 2070000.0,
        "EBITDA": -1770000.0,
        "EBIT": -2021000.0,
        "Net Interest Income": -36000.0,
        "Interest Expense": NaN,
        "Normalized Income": -2203000.0,
        "Net Income From Continuing And Discontinued Operation": -2203000.0,
        "Total Expenses": 4977000.0,
        "Total Operating Income As Reported": -2021000.0,
        "Diluted Average Shares": NaN,
        "Basic Average Shares": NaN,
        "Diluted EPS": NaN,
        "Basic EPS": NaN,
        "Diluted NI Availto Com Stockholders": -2203000.0,
        "Net Income Common Stockholders": -2203000.0,
        "Net Income": -2203000.0,
        "Net Income Including Noncontrolling Interests": -2203000.0,
        "Net Income Discontinuous Operations": NaN,
        "Net Income Continuous Operations": -2203000.0,
        "Tax Provision": 126000.0,
        "Pretax Income": -2077000.0,
        "Other Income Expense": -20000.0,
        "Other Non Operating Income Expenses": -20000.0,
        "Net Non Operating Interest Income Expense": -36000.0,
        "Total Other Finance Cost": 36000.0,
        "Interest Expense Non Operating": NaN,
        "Operating Income": -2021000.0,
        "Operating Expense": 2907000.0,
        "Research And Development": 755000.0,
        "Selling General And Administration": 2152000.0,
        "Selling And Marketing Expense": 995000.0,
        "General And Administrative Expense": 1157000.0,
        "Other Gand A": 1157000.0,
        "Gross Profit": 886000.0,
        "Cost Of Revenue": 2070000.0,
        "Total Revenue": 2956000.0,
        "Operating Revenue": 2956000.0
    },
    "2025-03-31": {
        "Tax Effect Of Unusual Items": 0.0,
        "Tax Rate For Calcs": 0.0,
        "Normalized EBITDA": -2643000.0,
        "Net Income From Continuing Operation Net Minority Interest": -2834000.0,
        "Reconciled Depreciation": 203000.0,
        "Reconciled Cost Of Revenue": 2192000.0,
        "EBITDA": -2643000.0,
        "EBIT": -2846000.0,
        "Net Interest Income": 0.0,
        "Interest Expense": NaN,
        "Normalized Income": -2834000.0,
        "Net Income From Continuing And Discontinued Operation": -2834000.0,
        "Total Expenses": 5159000.0,
        "Total Operating Income As Reported": -2846000.0,
        "Diluted Average Shares": 1649903.0,
        "Basic Average Shares": 1649903.0,
        "Diluted EPS": -1.65,
        "Basic EPS": -1.65,
        "Diluted NI Availto Com Stockholders": -2834000.0,
        "Net Income Common Stockholders": -2834000.0,
        "Net Income": -2834000.0,
        "Net Income Including Noncontrolling Interests": -2834000.0,
        "Net Income Discontinuous Operations": NaN,
        "Net Income Continuous Operations": -2834000.0,
        "Tax Provision": 0.0,
        "Pretax Income": -2834000.0,
        "Other Income Expense": 12000.0,
        "Other Non Operating Income Expenses": 12000.0,
        "Net Non Operating Interest Income Expense": 0.0,
        "Total Other Finance Cost": NaN,
        "Interest Expense Non Operating": NaN,
        "Operating Income": -2846000.0,
        "Operating Expense": 2967000.0,
        "Research And Development": 691000.0,
        "Selling General And Administration": 2276000.0,
        "Selling And Marketing Expense": 1116000.0,
        "General And Administrative Expense": 1160000.0,
        "Other Gand A": 1160000.0,
        "Gross Profit": 121000.0,
        "Cost Of Revenue": 2192000.0,
        "Total Revenue": 2313000.0,
        "Operating Revenue": 2313000.0
    },
    "2025-06-30": {
        "Tax Effect Of Unusual Items": 0.0,
        "Tax Rate For Calcs": 0.21,
        "Normalized EBITDA": -4371000.0,
        "Net Income From Continuing Operation Net Minority Interest": -4572000.0,
        "Reconciled Depreciation": 188000.0,
        "Reconciled Cost Of Revenue": 2147000.0,
        "EBITDA": -4371000.0,
        "EBIT": -4559000.0,
        "Net Interest Income": -8000.0,
        "Interest Expense": NaN,
        "Normalized Income": -4572000.0,
        "Net Income From Continuing And Discontinued Operation": -4572000.0,
        "Total Expenses": 6475000.0,
        "Total Operating Income As Reported": -4559000.0,
        "Diluted Average Shares": 1733307.0,
        "Basic Average Shares": 1733307.0,
        "Diluted EPS": -2.64,
        "Basic EPS": -2.64,
        "Diluted NI Availto Com Stockholders": -4572000.0,
        "Net Income Common Stockholders": -4572000.0,
        "Net Income": -4572000.0,
        "Net Income Including Noncontrolling Interests": -4572000.0,
        "Net Income Discontinuous Operations": NaN,
        "Net Income Continuous Operations": -4572000.0,
        "Tax Provision": 8000.0,
        "Pretax Income": -4564000.0,
        "Other Income Expense": 3000.0,
        "Other Non Operating Income Expenses": 3000.0,
        "Net Non Operating Interest Income Expense": -8000.0,
        "Total Other Finance Cost": 8000.0,
        "Interest Expense Non Operating": NaN,
        "Operating Income": -4559000.0,
        "Operating Expense": 4328000.0,
        "Research And Development": 1359000.0,
        "Selling General And Administration": 2969000.0,
        "Selling And Marketing Expense": 1383000.0,
        "General And Administrative Expense": 1586000.0,
        "Other Gand A": 1586000.0,
        "Gross Profit": -231000.0,
        "Cost Of Revenue": 2147000.0,
        "Total Revenue": 1916000.0,
        "Operating Revenue": 1916000.0
    },
    "2025-09-30": {
        "Tax Effect Of Unusual Items": 0.0,
        "Tax Rate For Calcs": 0.21,
        "Normalized EBITDA": -854000.0,
        "Net Income From Continuing Operation Net Minority Interest": -871000.0,
        "Reconciled Depreciation": -187000.0,
        "Reconciled Cost Of Revenue": 27000.0,
        "EBITDA": -854000.0,
        "EBIT": -854000.0,
        "Net Interest Income": -20000.0,
        "Interest Expense": NaN,
        "Normalized Income": -871000.0,
        "Net Income From Continuing And Discontinued Operation": -13736000.0,
        "Total Expenses": 854000.0,
        "Total Operating Income As Reported": -854000.0,
        "Diluted Average Shares": 1734250.0,
        "Basic Average Shares": 1734250.0,
        "Diluted EPS": -7.92,
        "Basic EPS": -7.92,
        "Diluted NI Availto Com Stockholders": -13736000.0,
        "Net Income Common Stockholders": -13736000.0,
        "Net Income": -13736000.0,
        "Net Income Including Noncontrolling Interests": -13736000.0,
        "Net Income Discontinuous Operations": -12865000.0,
        "Net Income Continuous Operations": -871000.0,
        "Tax Provision": 1000.0,
        "Pretax Income": -870000.0,
        "Other Income Expense": 4000.0,
        "Other Non Operating Income Expenses": 4000.0,
        "Net Non Operating Interest Income Expense": -20000.0,
        "Total Other Finance Cost": 20000.0,
        "Interest Expense Non Operating": NaN,
        "Operating Income": -854000.0,
        "Operating Expense": 827000.0,
        "Research And Development": 0.0,
        "Selling General And Administration": 827000.0,
        "Selling And Marketing Expense": 0.0,
        "General And Administrative Expense": 827000.0,
        "Other Gand A": 827000.0,
        "Gross Profit": -27000.0,
        "Cost Of Revenue": 27000.0,
        "Total Revenue": 0.0,
        "Operating Revenue": 0.0
    }
}