{
    "2023-03-31": {
        "Tax Effect Of Unusual Items": NaN,
        "Tax Rate For Calcs": NaN,
        "Normalized EBITDA": NaN,
        "Total Unusual Items": NaN,
        "Total Unusual Items Excluding Goodwill": NaN,
        "Net Income From Continuing Operation Net Minority Interest": NaN,
        "Reconciled Depreciation": NaN,
        "Reconciled Cost Of Revenue": NaN,
        "EBITDA": NaN,
        "EBIT": NaN,
        "Net Interest Income": NaN,
        "Interest Expense": NaN,
        "Interest Income": NaN,
        "Normalized Income": NaN,
        "Net Income From Continuing And Discontinued Operation": NaN,
        "Total Expenses": NaN,
        "Total Operating Income As Reported": NaN,
        "Diluted Average Shares": NaN,
        "Basic Average Shares": NaN,
        "Diluted EPS": NaN,
        "Basic EPS": NaN,
        "Diluted NI Availto Com Stockholders": NaN,
        "Net Income Common Stockholders": NaN,
        "Net Income": NaN,
        "Net Income Including Noncontrolling Interests": NaN,
        "Net Income Discontinuous Operations": NaN,
        "Net Income Continuous Operations": NaN,
        "Tax Provision": NaN,
        "Pretax Income": NaN,
        "Other Income Expense": NaN,
        "Other Non Operating Income Expenses": NaN,
        "Special Income Charges": NaN,
        "Gain On Sale Of Ppe": NaN,
        "Impairment Of Capital Assets": NaN,
        "Restructuring And Mergern Acquisition": NaN,
        "Net Non Operating Interest Income Expense": NaN,
        "Total Other Finance Cost": NaN,
        "Interest Expense Non Operating": NaN,
        "Interest Income Non Operating": NaN,
        "Operating Income": NaN,
        "Operating Expense": NaN,
        "Other Operating Expenses": 200000.0,
        "Selling General And Administration": NaN,
        "General And Administrative Expense": NaN,
        "Other Gand A": NaN,
        "Salaries And Wages": NaN,
        "Gross Profit": NaN,
        "Cost Of Revenue": NaN,
        "Total Revenue": NaN,
        "Operating Revenue": NaN
    },
    "2022-12-31": {
        "Tax Effect Of Unusual Items": NaN,
        "Tax Rate For Calcs": NaN,
        "Normalized EBITDA": NaN,
        "Total Unusual Items": NaN,
        "Total Unusual Items Excluding Goodwill": NaN,
        "Net Income From Continuing Operation Net Minority Interest": NaN,
        "Reconciled Depreciation": NaN,
        "Reconciled Cost Of Revenue": NaN,
        "EBITDA": NaN,
        "EBIT": NaN,
        "Net Interest Income": NaN,
        "Interest Expense": NaN,
        "Interest Income": NaN,
        "Normalized Income": NaN,
        "Net Income From Continuing And Discontinued Operation": NaN,
        "Total Expenses": NaN,
        "Total Operating Income As Reported": NaN,
        "Diluted Average Shares": NaN,
        "Basic Average Shares": NaN,
        "Diluted EPS": NaN,
        "Basic EPS": NaN,
        "Diluted NI Availto Com Stockholders": NaN,
        "Net Income Common Stockholders": NaN,
        "Net Income": NaN,
        "Net Income Including Noncontrolling Interests": NaN,
        "Net Income Continuous Operations": NaN,
        "Tax Provision": NaN,
        "Pretax Income": NaN,
        "Other Income Expense": NaN,
        "Other Non Operating Income Expenses": NaN,
        "Special Income Charges": NaN,
        "Gain On Sale Of Ppe": 300000.0,
        "Other Special Charges": 0.0,
        "Impairment Of Capital Assets": NaN,
        "Restructuring And Mergern Acquisition": NaN,
        "Net Non Operating Interest Income Expense": NaN,
        "Total Other Finance Cost": NaN,
        "Interest Expense Non Operating": NaN,
        "Interest Income Non Operating": NaN,
        "Operating Income": NaN,
        "Operating Expense": NaN,
        "Other Operating Expenses": NaN,
        "Selling General And Administration": NaN,
        "General And Administrative Expense": NaN,
        "Other Gand A": NaN,
        "Salaries And Wages": NaN,
        "Gross Profit": NaN,
        "Cost Of Revenue": NaN,
        "Total Revenue": NaN,
        "Operating Revenue": NaN
    },
    "2022-09-30": {
        "Tax Effect Of Unusual Items": NaN,
        "Tax Rate For Calcs": NaN,
        "Normalized EBITDA": NaN,
        "Total Unusual Items": NaN,
        "Total Unusual Items Excluding Goodwill": NaN,
        "Net Income From Continuing Operation Net Minority Interest": NaN,
        "Reconciled Depreciation": NaN,
        "Reconciled Cost Of Revenue": NaN,
        "EBITDA": NaN,
        "EBIT": NaN,
        "Net Interest Income": NaN,
        "Interest Expense": NaN,
        "Interest Income": NaN,
        "Normalized Income": NaN,
        "Net Income From Continuing And Discontinued Operation": NaN,
        "Total Expenses": NaN,
        "Total Operating Income As Reported": NaN,
        "Diluted Average Shares": NaN,
        "Basic Average Shares": NaN,
        "Diluted EPS": NaN,
        "Basic EPS": NaN,
        "Diluted NI Availto Com Stockholders": NaN,
        "Net Income Common Stockholders": NaN,
        "Net Income": NaN,
        "Net Income Including Noncontrolling Interests": NaN,
        "Net Income Continuous Operations": NaN,
        "Tax Provision": NaN,
        "Pretax Income": NaN,
        "Other Income Expense": NaN,
        "Other Non Operating Income Expenses": NaN,
        "Special Income Charges": NaN,
        "Gain On Sale Of Ppe": 0.0,
        "Other Special Charges": NaN,
        "Impairment Of Capital Assets": NaN,
        "Restructuring And Mergern Acquisition": NaN,
        "Net Non Operating Interest Income Expense": NaN,
        "Total Other Finance Cost": NaN,
        "Interest Expense Non Operating": NaN,
        "Interest Income Non Operating": NaN,
        "Operating Income": NaN,
        "Operating Expense": NaN,
        "Other Operating Expenses": NaN,
        "Selling General And Administration": NaN,
        "General And Administrative Expense": NaN,
        "Other Gand A": NaN,
        "Salaries And Wages": NaN,
        "Gross Profit": NaN,
        "Cost Of Revenue": NaN,
        "Total Revenue": NaN,
        "Operating Revenue": NaN
    },
    "2022-06-30": {
        "Tax Effect Of Unusual Items": -1151832.460733,
        "Tax Rate For Calcs": 0.230366,
        "Normalized EBITDA": 60200000.0,
        "Total Unusual Items": -5000000.0,
        "Total Unusual Items Excluding Goodwill": -5000000.0,
        "Net Income From Continuing Operation Net Minority Interest": 14700000.0,
        "Reconciled Depreciation": 25700000.0,
        "Reconciled Cost Of Revenue": 455200000.0,
        "EBITDA": 55200000.0,
        "EBIT": 29500000.0,
        "Net Interest Income": -10700000.0,
        "Interest Expense": 10400000.0,
        "Interest Income": 100000.0,
        "Normalized Income": 18548167.539267,
        "Net Income From Continuing And Discontinued Operation": 14700000.0,
        "Total Expenses": 490200000.0,
        "Total Operating Income As Reported": 31500000.0,
        "Diluted Average Shares": 17078000.0,
        "Basic Average Shares": 16849000.0,
        "Diluted EPS": 0.86,
        "Basic EPS": 0.87,
        "Diluted NI Availto Com Stockholders": 14700000.0,
        "Net Income Common Stockholders": 14700000.0,
        "Net Income": 14700000.0,
        "Net Income Including Noncontrolling Interests": 14700000.0,
        "Net Income Continuous Operations": 14700000.0,
        "Tax Provision": 4400000.0,
        "Pretax Income": 19100000.0,
        "Other Income Expense": -6400000.0,
        "Other Non Operating Income Expenses": -1400000.0,
        "Special Income Charges": -5000000.0,
        "Gain On Sale Of Ppe": 0.0,
        "Other Special Charges": 300000.0,
        "Impairment Of Capital Assets": 4600000.0,
        "Restructuring And Mergern Acquisition": 100000.0,
        "Net Non Operating Interest Income Expense": -10700000.0,
        "Total Other Finance Cost": 400000.0,
        "Interest Expense Non Operating": 10400000.0,
        "Interest Income Non Operating": 100000.0,
        "Operating Income": 36200000.0,
        "Operating Expense": 35000000.0,
        "Other Operating Expenses": NaN,
        "Selling General And Administration": 35000000.0,
        "General And Administrative Expense": 35000000.0,
        "Other Gand A": 33900000.0,
        "Salaries And Wages": 1100000.0,
        "Gross Profit": 71200000.0,
        "Cost Of Revenue": 455200000.0,
        "Total Revenue": 526400000.0,
        "Operating Revenue": 526400000.0
    },
    "2023-06-30": {
        "Tax Effect Of Unusual Items": NaN,
        "Tax Rate For Calcs": NaN,
        "Normalized EBITDA": NaN,
        "Total Unusual Items": NaN,
        "Total Unusual Items Excluding Goodwill": NaN,
        "Net Income From Continuing Operation Net Minority Interest": NaN,
        "Reconciled Depreciation": NaN,
        "Reconciled Cost Of Revenue": NaN,
        "EBITDA": NaN,
        "EBIT": NaN,
        "Net Interest Income": NaN,
        "Interest Expense": NaN,
        "Interest Income": NaN,
        "Normalized Income": NaN,
        "Net Income From Continuing And Discontinued Operation": NaN,
        "Total Expenses": NaN,
        "Total Operating Income As Reported": NaN,
        "Diluted Average Shares": 16958000.0,
        "Basic Average Shares": 16865000.0,
        "Diluted EPS": 1.75,
        "Basic EPS": 1.76,
        "Diluted NI Availto Com Stockholders": NaN,
        "Net Income Common Stockholders": NaN,
        "Net Income": NaN,
        "Net Income Including Noncontrolling Interests": NaN,
        "Net Income Discontinuous Operations": NaN,
        "Net Income Continuous Operations": NaN,
        "Tax Provision": NaN,
        "Pretax Income": NaN,
        "Other Income Expense": NaN,
        "Other Non Operating Income Expenses": NaN,
        "Special Income Charges": NaN,
        "Gain On Sale Of Ppe": 0.0,
        "Impairment Of Capital Assets": 0.0,
        "Restructuring And Mergern Acquisition": NaN,
        "Net Non Operating Interest Income Expense": NaN,
        "Total Other Finance Cost": NaN,
        "Interest Expense Non Operating": NaN,
        "Interest Income Non Operating": NaN,
        "Operating Income": NaN,
        "Operating Expense": NaN,
        "Other Operating Expenses": -300000.0,
        "Selling General And Administration": NaN,
        "General And Administrative Expense": NaN,
        "Other Gand A": NaN,
        "Salaries And Wages": NaN,
        "Gross Profit": NaN,
        "Cost Of Revenue": NaN,
        "Total Revenue": NaN,
        "Operating Revenue": NaN
    },
    "2022-03-31": {
        "Diluted EPS": 0.97,
        "Total Revenue": 488,
        "Gross Profit": 66,
        "Operating Income": 33,
        "EBIT": 58,
        "Net Income": 17
    },
    "2021-12-31": {
        "Diluted EPS": 0.61,
        "Total Revenue": 490,
        "Gross Profit": 61,
        "Operating Income": 28,
        "EBIT": 54,
        "Net Income": 10
    },
    "2021-09-30": {
        "Diluted EPS": 0.11,
        "Total Revenue": 451,
        "Gross Profit": 52,
        "Operating Income": 14,
        "EBIT": 41,
        "Net Income": 2
    },
    "2021-06-30": {
        "Diluted EPS": -3.1,
        "Total Revenue": 406,
        "Gross Profit": 14,
        "Operating Income": -57,
        "EBIT": -29,
        "Net Income": -52
    },
    "2021-03-31": {
        "Diluted EPS": 0.71,
        "Total Revenue": 426,
        "Gross Profit": 55,
        "Operating Income": 27,
        "EBIT": 54,
        "Net Income": 12
    },
    "2020-12-31": {
        "Diluted EPS": 1.35,
        "Total Revenue": 453,
        "Gross Profit": 77,
        "Operating Income": 42,
        "EBIT": 77,
        "Net Income": 23
    },
    "2020-09-30": {
        "Diluted EPS": 1.28,
        "Total Revenue": 457,
        "Gross Profit": 79,
        "Operating Income": 49,
        "EBIT": 77,
        "Net Income": 21
    },
    "2020-06-30": {
        "Diluted EPS": 1.36,
        "Total Revenue": 481,
        "Gross Profit": 84,
        "Operating Income": 48,
        "EBIT": 76,
        "Net Income": 23
    },
    "2020-03-31": {
        "Diluted EPS": 0.62,
        "Total Revenue": 478,
        "Gross Profit": 55,
        "Operating Income": 19,
        "EBIT": 47,
        "Net Income": 10
    },
    "2019-12-31": {
        "Diluted EPS": 0.12,
        "Total Revenue": 436,
        "Gross Profit": 51,
        "Operating Income": 18,
        "EBIT": 52,
        "Net Income": 2
    },
    "2019-09-30": {
        "Diluted EPS": -0.66,
        "Total Revenue": 445,
        "Gross Profit": 27,
        "Operating Income": -2,
        "EBIT": 30,
        "Net Income": -11
    },
    "2019-06-30": {
        "Diluted EPS": -0.03,
        "Total Revenue": 452,
        "Gross Profit": 42,
        "Operating Income": 15,
        "EBIT": 44,
        "Net Income": 0
    },
    "2019-03-31": {
        "Diluted EPS": 0.23,
        "Total Revenue": 429,
        "Gross Profit": 45,
        "Operating Income": 14,
        "EBIT": 40,
        "Net Income": 4
    },
    "2018-12-31": {
        "Diluted EPS": -11.38,
        "Total Revenue": 429,
        "Gross Profit": 48,
        "Operating Income": -175,
        "EBIT": 46,
        "Net Income": -188
    },
    "2018-09-30": {
        "Diluted EPS": 2.08,
        "Total Revenue": 426,
        "Gross Profit": 50,
        "Operating Income": 47,
        "EBIT": 73,
        "Net Income": 34
    },
    "2018-06-30": {
        "Diluted EPS": 0.42,
        "Total Revenue": 432,
        "Gross Profit": 45,
        "Operating Income": 18,
        "EBIT": 44,
        "Net Income": 7
    },
    "2018-03-31": {
        "Diluted EPS": 0.16,
        "Total Revenue": 437,
        "Gross Profit": 45,
        "Operating Income": 12,
        "EBIT": 37,
        "Net Income": 3
    },
    "2017-12-31": {
        "Diluted EPS": 4.9,
        "Total Revenue": 437,
        "Gross Profit": 70,
        "Operating Income": 26,
        "EBIT": 52,
        "Net Income": 81
    },
    "2017-09-30": {
        "Diluted EPS": 0.05,
        "Total Revenue": 427,
        "Gross Profit": 40,
        "Operating Income": 5,
        "EBIT": 31,
        "Net Income": 1
    },
    "2017-06-30": {
        "Diluted EPS": 0.48,
        "Total Revenue": 430,
        "Gross Profit": 49,
        "Operating Income": 19,
        "EBIT": 45,
        "Net Income": 8
    },
    "2017-03-31": {
        "Diluted EPS": 0.45,
        "Total Revenue": 438,
        "Gross Profit": 50,
        "Operating Income": 21,
        "EBIT": 48,
        "Net Income": 8
    },
    "2016-12-31": {
        "Diluted EPS": 0.59,
        "Total Revenue": 426,
        "Gross Profit": 59,
        "Operating Income": 28,
        "EBIT": 53,
        "Net Income": 9
    },
    "2016-09-30": {
        "Diluted EPS": 0.05,
        "Total Revenue": 435,
        "Gross Profit": 39,
        "Operating Income": 9,
        "EBIT": 32,
        "Net Income": 1
    },
    "2016-06-30": {
        "Diluted EPS": 1.21,
        "Total Revenue": 437,
        "Gross Profit": 75,
        "Operating Income": 40,
        "EBIT": 62,
        "Net Income": 21
    },
    "2016-03-31": {
        "Diluted EPS": 1.05,
        "Total Revenue": 437,
        "Gross Profit": 69,
        "Operating Income": 38,
        "EBIT": 59,
        "Net Income": 18
    },
    "2015-12-31": {
        "Diluted EPS": 0.65,
        "Total Revenue": 432,
        "Gross Profit": 67,
        "Operating Income": 36,
        "EBIT": 58,
        "Net Income": 12
    },
    "2015-09-30": {
        "Diluted EPS": 1.21,
        "Total Revenue": 442,
        "Gross Profit": 68,
        "Operating Income": 40,
        "EBIT": 61,
        "Net Income": 23
    },
    "2015-06-30": {
        "Diluted EPS": 0.81,
        "Total Revenue": 445,
        "Gross Profit": 60,
        "Operating Income": 32,
        "EBIT": 53,
        "Net Income": 16
    },
    "2015-03-31": {
        "Diluted EPS": 0.3,
        "Total Revenue": 434,
        "Gross Profit": 44,
        "Operating Income": 15,
        "EBIT": 36,
        "Net Income": 6
    },
    "2014-12-31": {
        "Diluted EPS": -1.32,
        "Total Revenue": 472,
        "Gross Profit": 59,
        "Operating Income": -18,
        "EBIT": 6,
        "Net Income": -27
    },
    "2014-09-30": {
        "Diluted EPS": 0.31,
        "Total Revenue": 511,
        "Gross Profit": 77,
        "Operating Income": 44,
        "EBIT": 66,
        "Net Income": 6
    },
    "2014-06-30": {
        "Diluted EPS": 0.61,
        "Total Revenue": 499,
        "Gross Profit": 65,
        "Operating Income": 33,
        "EBIT": 55,
        "Net Income": 12
    },
    "2014-03-31": {
        "Diluted EPS": 0.29,
        "Total Revenue": 485,
        "Gross Profit": 58,
        "Operating Income": 21,
        "EBIT": 43,
        "Net Income": 6
    },
    "2013-12-31": {
        "Diluted EPS": 3.72,
        "Total Revenue": 470,
        "Gross Profit": 69,
        "Operating Income": 38,
        "EBIT": 61,
        "Net Income": 83
    },
    "2013-09-30": {
        "Diluted EPS": 0.6,
        "Total Revenue": 488,
        "Gross Profit": 47,
        "Operating Income": 19,
        "EBIT": 41,
        "Net Income": 13
    },
    "2013-06-30": {
        "Diluted EPS": 0.52,
        "Total Revenue": 471,
        "Gross Profit": 56,
        "Operating Income": 30,
        "EBIT": 53,
        "Net Income": 12
    },
    "2013-03-31": {
        "Diluted EPS": -0.04,
        "Total Revenue": 461,
        "Gross Profit": 47,
        "Operating Income": 12,
        "EBIT": 35,
        "Net Income": -1
    },
    "2012-12-31": {
        "Diluted EPS": 0.85,
        "Total Revenue": 463,
        "Gross Profit": 66,
        "Operating Income": 35,
        "EBIT": 56,
        "Net Income": 20
    },
    "2012-09-30": {
        "Diluted EPS": 0.8,
        "Total Revenue": 480,
        "Gross Profit": 70,
        "Operating Income": 40,
        "EBIT": 59,
        "Net Income": 19
    },
    "2012-06-30": {
        "Diluted EPS": 0.91,
        "Total Revenue": 474,
        "Gross Profit": 75,
        "Operating Income": 44,
        "EBIT": 64,
        "Net Income": 21
    },
    "2012-03-31": {
        "Diluted EPS": 0.16,
        "Total Revenue": 458,
        "Gross Profit": 55,
        "Operating Income": 26,
        "EBIT": 45,
        "Net Income": 4
    },
    "2011-12-31": {
        "Diluted EPS": 0.46,
        "Total Revenue": 466,
        "Gross Profit": 61,
        "Operating Income": 33,
        "EBIT": 53,
        "Net Income": 12
    },
    "2011-09-30": {
        "Diluted EPS": 0.37,
        "Total Revenue": 501,
        "Gross Profit": 52,
        "Operating Income": 25,
        "EBIT": 45,
        "Net Income": 9
    },
    "2011-06-30": {
        "Diluted EPS": 0.59,
        "Total Revenue": 495,
        "Gross Profit": 61,
        "Operating Income": 34,
        "EBIT": 53,
        "Net Income": 14
    },
    "2011-03-31": {
        "Diluted EPS": 0.24,
        "Total Revenue": 466,
        "Gross Profit": 51,
        "Operating Income": 24,
        "EBIT": 42,
        "Net Income": 6
    },
    "2010-12-31": {
        "Diluted EPS": 1.59,
        "Total Revenue": 346,
        "Gross Profit": 64,
        "Operating Income": 22,
        "EBIT": 35,
        "Net Income": 38
    },
    "2010-09-30": {
        "Diluted EPS": 0.64,
        "Total Revenue": 353,
        "Gross Profit": 49,
        "Operating Income": 28,
        "EBIT": 40,
        "Net Income": 15
    },
    "2010-06-30": {
        "Diluted EPS": 0.88,
        "Total Revenue": 344,
        "Gross Profit": 57,
        "Operating Income": 37,
        "EBIT": 49,
        "Net Income": 21
    },
    "2010-03-31": {
        "Diluted EPS": 0.02,
        "Total Revenue": 331,
        "Gross Profit": 29,
        "Operating Income": 11,
        "EBIT": 22,
        "Net Income": 0
    },
    "2009-12-31": {
        "Diluted EPS": 1.98,
        "Total Revenue": 315,
        "Gross Profit": 58,
        "Operating Income": 87,
        "EBIT": 99,
        "Net Income": 47
    },
    "2009-09-30": {
        "Diluted EPS": 1.96,
        "Total Revenue": 331,
        "Gross Profit": 49,
        "Operating Income": 78,
        "EBIT": 89,
        "Net Income": 46
    },
    "2009-06-30": {
        "Diluted EPS": 3.22,
        "Total Revenue": 317,
        "Gross Profit": 50,
        "Operating Income": 108,
        "EBIT": 120,
        "Net Income": 75
    },
    "2009-03-31": {
        "Diluted EPS": 0.6,
        "Total Revenue": 287,
        "Gross Profit": 41,
        "Operating Income": 25,
        "EBIT": 37,
        "Net Income": 14
    },
    "2023-09-30": {
        "Tax Effect Of Unusual Items": NaN,
        "Tax Rate For Calcs": NaN,
        "Normalized EBITDA": NaN,
        "Total Unusual Items": NaN,
        "Total Unusual Items Excluding Goodwill": NaN,
        "Net Income From Continuing Operation Net Minority Interest": NaN,
        "Reconciled Depreciation": NaN,
        "Reconciled Cost Of Revenue": NaN,
        "EBITDA": NaN,
        "EBIT": NaN,
        "Net Interest Income": NaN,
        "Interest Expense": NaN,
        "Interest Income": NaN,
        "Normalized Income": NaN,
        "Net Income From Continuing And Discontinued Operation": NaN,
        "Total Expenses": NaN,
        "Total Operating Income As Reported": 20700000.0,
        "Diluted Average Shares": 16895000.0,
        "Basic Average Shares": 16682000.0,
        "Diluted EPS": 2.17,
        "Basic EPS": 2.19,
        "Diluted NI Availto Com Stockholders": NaN,
        "Net Income Common Stockholders": NaN,
        "Net Income": NaN,
        "Net Income Including Noncontrolling Interests": NaN,
        "Net Income Discontinuous Operations": 21700000.0,
        "Net Income Continuous Operations": NaN,
        "Tax Provision": NaN,
        "Pretax Income": NaN,
        "Other Income Expense": NaN,
        "Other Non Operating Income Expenses": NaN,
        "Special Income Charges": NaN,
        "Gain On Sale Of Ppe": 0.0,
        "Impairment Of Capital Assets": 0.0,
        "Restructuring And Mergern Acquisition": NaN,
        "Net Non Operating Interest Income Expense": NaN,
        "Total Other Finance Cost": NaN,
        "Interest Expense Non Operating": NaN,
        "Interest Income Non Operating": NaN,
        "Operating Income": NaN,
        "Operating Expense": NaN,
        "Other Operating Expenses": 700000.0,
        "Selling General And Administration": NaN,
        "General And Administrative Expense": NaN,
        "Other Gand A": NaN,
        "Salaries And Wages": NaN,
        "Gross Profit": NaN,
        "Cost Of Revenue": NaN,
        "Total Revenue": NaN,
        "Operating Revenue": NaN
    },
    "2023-12-31": {
        "Tax Effect Of Unusual Items": -1560655.737705,
        "Tax Rate For Calcs": 0.278689,
        "Normalized EBITDA": 63300000.0,
        "Total Unusual Items": -5600000.0,
        "Total Unusual Items Excluding Goodwill": -5600000.0,
        "Net Income From Continuing Operation Net Minority Interest": 17600000.0,
        "Reconciled Depreciation": 24800000.0,
        "Reconciled Cost Of Revenue": 437400000.0,
        "EBITDA": 57700000.0,
        "EBIT": 32900000.0,
        "Net Interest Income": -8000000.0,
        "Interest Expense": 8500000.0,
        "Interest Income": 900000.0,
        "Normalized Income": 21639344.262295,
        "Net Income From Continuing And Discontinued Operation": 17600000.0,
        "Total Expenses": 474500000.0,
        "Total Operating Income As Reported": 35600000.0,
        "Diluted Average Shares": NaN,
        "Basic Average Shares": NaN,
        "Diluted EPS": NaN,
        "Basic EPS": NaN,
        "Diluted NI Availto Com Stockholders": 17600000.0,
        "Net Income Common Stockholders": 17600000.0,
        "Net Income": 17600000.0,
        "Net Income Including Noncontrolling Interests": 17600000.0,
        "Net Income Discontinuous Operations": NaN,
        "Net Income Continuous Operations": 17600000.0,
        "Tax Provision": 6800000.0,
        "Pretax Income": 24400000.0,
        "Other Income Expense": -5800000.0,
        "Other Non Operating Income Expenses": -200000.0,
        "Special Income Charges": -5600000.0,
        "Gain On Sale Of Ppe": 0.0,
        "Impairment Of Capital Assets": 700000.0,
        "Restructuring And Mergern Acquisition": 1800000.0,
        "Net Non Operating Interest Income Expense": -8000000.0,
        "Total Other Finance Cost": 400000.0,
        "Interest Expense Non Operating": 8500000.0,
        "Interest Income Non Operating": 900000.0,
        "Operating Income": 38400000.0,
        "Operating Expense": 37100000.0,
        "Other Operating Expenses": 0.0,
        "Selling General And Administration": 37100000.0,
        "General And Administrative Expense": 37100000.0,
        "Other Gand A": 36800000.0,
        "Salaries And Wages": 300000.0,
        "Gross Profit": 75500000.0,
        "Cost Of Revenue": 437400000.0,
        "Total Revenue": 512900000.0,
        "Operating Revenue": 512900000.0
    },
    "2024-03-31": {
        "Tax Effect Of Unusual Items": -1938016.528926,
        "Tax Rate For Calcs": 0.289256,
        "Normalized EBITDA": 60800000.0,
        "Total Unusual Items": -6700000.0,
        "Total Unusual Items Excluding Goodwill": -6700000.0,
        "Net Income From Continuing Operation Net Minority Interest": 17200000.0,
        "Reconciled Depreciation": 23200000.0,
        "Reconciled Cost Of Revenue": 421600000.0,
        "EBITDA": 54100000.0,
        "EBIT": 30900000.0,
        "Net Interest Income": -6500000.0,
        "Interest Expense": 6700000.0,
        "Interest Income": 600000.0,
        "Normalized Income": 21961983.471074,
        "Net Income From Continuing And Discontinued Operation": 17200000.0,
        "Total Expenses": 459000000.0,
        "Total Operating Income As Reported": 30400000.0,
        "Diluted Average Shares": 16895000.0,
        "Basic Average Shares": 16607000.0,
        "Diluted EPS": 1.02,
        "Basic EPS": 1.03,
        "Diluted NI Availto Com Stockholders": 17200000.0,
        "Net Income Common Stockholders": 17200000.0,
        "Net Income": 17200000.0,
        "Net Income Including Noncontrolling Interests": 17200000.0,
        "Net Income Discontinuous Operations": NaN,
        "Net Income Continuous Operations": 17200000.0,
        "Tax Provision": 7000000.0,
        "Pretax Income": 24200000.0,
        "Other Income Expense": -6400000.0,
        "Other Non Operating Income Expenses": 300000.0,
        "Special Income Charges": -6700000.0,
        "Gain On Sale Of Ppe": NaN,
        "Impairment Of Capital Assets": 200000.0,
        "Restructuring And Mergern Acquisition": 6500000.0,
        "Net Non Operating Interest Income Expense": -6500000.0,
        "Total Other Finance Cost": 400000.0,
        "Interest Expense Non Operating": 6700000.0,
        "Interest Income Non Operating": 600000.0,
        "Operating Income": 37200000.0,
        "Operating Expense": 37400000.0,
        "Other Operating Expenses": NaN,
        "Selling General And Administration": 37400000.0,
        "General And Administrative Expense": 37400000.0,
        "Other Gand A": 36200000.0,
        "Salaries And Wages": 1200000.0,
        "Gross Profit": 74600000.0,
        "Cost Of Revenue": 421600000.0,
        "Total Revenue": 496200000.0,
        "Operating Revenue": 496200000.0
    },
    "2024-06-30": {
        "Tax Effect Of Unusual Items": -4032386.363636,
        "Tax Rate For Calcs": 0.267045,
        "Normalized EBITDA": 26900000.0,
        "Total Unusual Items": -15100000.0,
        "Total Unusual Items Excluding Goodwill": -15100000.0,
        "Net Income From Continuing Operation Net Minority Interest": -25800000.0,
        "Reconciled Depreciation": 30900000.0,
        "Reconciled Cost Of Revenue": 550800000.0,
        "EBITDA": 11800000.0,
        "EBIT": -19100000.0,
        "Net Interest Income": -16000000.0,
        "Interest Expense": 16100000.0,
        "Interest Income": 800000.0,
        "Normalized Income": -14732386.363636,
        "Net Income From Continuing And Discontinued Operation": -25800000.0,
        "Total Expenses": 590800000.0,
        "Total Operating Income As Reported": -19500000.0,
        "Diluted Average Shares": 16661000.0,
        "Basic Average Shares": 16661000.0,
        "Diluted EPS": -1.55,
        "Basic EPS": -1.55,
        "Diluted NI Availto Com Stockholders": -25800000.0,
        "Net Income Common Stockholders": -25800000.0,
        "Net Income": -25800000.0,
        "Net Income Including Noncontrolling Interests": -25800000.0,
        "Net Income Discontinuous Operations": NaN,
        "Net Income Continuous Operations": -25800000.0,
        "Tax Provision": -9400000.0,
        "Pretax Income": -35200000.0,
        "Other Income Expense": -14800000.0,
        "Other Non Operating Income Expenses": 300000.0,
        "Special Income Charges": -15100000.0,
        "Gain On Sale Of Ppe": -700000.0,
        "Impairment Of Capital Assets": NaN,
        "Restructuring And Mergern Acquisition": 14400000.0,
        "Net Non Operating Interest Income Expense": -16000000.0,
        "Total Other Finance Cost": 700000.0,
        "Interest Expense Non Operating": 16100000.0,
        "Interest Income Non Operating": 800000.0,
        "Operating Income": -4400000.0,
        "Operating Expense": 40000000.0,
        "Other Operating Expenses": NaN,
        "Selling General And Administration": 40000000.0,
        "General And Administrative Expense": 40000000.0,
        "Other Gand A": 38000000.0,
        "Salaries And Wages": 2000000.0,
        "Gross Profit": 35600000.0,
        "Cost Of Revenue": 550800000.0,
        "Total Revenue": 586400000.0,
        "Operating Revenue": 586400000.0
    },
    "2024-09-30": {
        "Tax Effect Of Unusual Items": -754285.714286,
        "Tax Rate For Calcs": 0.235714,
        "Normalized EBITDA": 26400000.0,
        "Total Unusual Items": -3200000.0,
        "Total Unusual Items Excluding Goodwill": -3200000.0,
        "Net Income From Continuing Operation Net Minority Interest": -10800000.0,
        "Reconciled Depreciation": 24200000.0,
        "Reconciled Cost Of Revenue": 363200000.0,
        "EBITDA": 23200000.0,
        "EBIT": -1000000.0,
        "Net Interest Income": -13200000.0,
        "Interest Expense": 13000000.0,
        "Interest Income": 400000.0,
        "Normalized Income": -8354285.714286,
        "Net Income From Continuing And Discontinued Operation": 5800000.0,
        "Total Expenses": 391300000.0,
        "Total Operating Income As Reported": -1200000.0,
        "Diluted Average Shares": 16620000.0,
        "Basic Average Shares": 16620000.0,
        "Diluted EPS": 0.35,
        "Basic EPS": 0.35,
        "Diluted NI Availto Com Stockholders": 5800000.0,
        "Net Income Common Stockholders": 5800000.0,
        "Net Income": 5800000.0,
        "Net Income Including Noncontrolling Interests": 5900000.0,
        "Net Income Discontinuous Operations": 16600000.0,
        "Net Income Continuous Operations": -10700000.0,
        "Tax Provision": -3300000.0,
        "Pretax Income": -14000000.0,
        "Other Income Expense": -2900000.0,
        "Other Non Operating Income Expenses": 300000.0,
        "Special Income Charges": -3200000.0,
        "Gain On Sale Of Ppe": NaN,
        "Impairment Of Capital Assets": 400000.0,
        "Restructuring And Mergern Acquisition": 2800000.0,
        "Net Non Operating Interest Income Expense": -13200000.0,
        "Total Other Finance Cost": 600000.0,
        "Interest Expense Non Operating": 13000000.0,
        "Interest Income Non Operating": 400000.0,
        "Operating Income": 2000000.0,
        "Operating Expense": 28100000.0,
        "Other Operating Expenses": NaN,
        "Selling General And Administration": 28100000.0,
        "General And Administrative Expense": 28100000.0,
        "Other Gand A": 31600000.0,
        "Salaries And Wages": -3500000.0,
        "Gross Profit": 30100000.0,
        "Cost Of Revenue": 363200000.0,
        "Total Revenue": 393300000.0,
        "Operating Revenue": 393300000.0
    },
    "2024-12-31": {
        "Tax Effect Of Unusual Items": -3972696.245734,
        "Tax Rate For Calcs": 0.331058,
        "Normalized EBITDA": -11500000.0,
        "Total Unusual Items": -12000000.0,
        "Total Unusual Items Excluding Goodwill": -12000000.0,
        "Net Income From Continuing Operation Net Minority Interest": -19600000.0,
        "Reconciled Depreciation": -8500000.0,
        "Reconciled Cost Of Revenue": 372400000.0,
        "EBITDA": -23500000.0,
        "EBIT": -23500000.0,
        "Net Interest Income": -5200000.0,
        "Interest Expense": 5800000.0,
        "Interest Income": 1100000.0,
        "Normalized Income": -11572696.245734,
        "Net Income From Continuing And Discontinued Operation": 199100000.0,
        "Total Expenses": 399900000.0,
        "Total Operating Income As Reported": NaN,
        "Diluted Average Shares": NaN,
        "Basic Average Shares": NaN,
        "Diluted EPS": NaN,
        "Basic EPS": NaN,
        "Diluted NI Availto Com Stockholders": 199100000.0,
        "Net Income Common Stockholders": 199100000.0,
        "Net Income": 199100000.0,
        "Net Income Including Noncontrolling Interests": 199100000.0,
        "Net Income Discontinuous Operations": 218700000.0,
        "Net Income Continuous Operations": -19600000.0,
        "Tax Provision": -9700000.0,
        "Pretax Income": -29300000.0,
        "Other Income Expense": -11200000.0,
        "Other Non Operating Income Expenses": 800000.0,
        "Special Income Charges": -12000000.0,
        "Gain On Sale Of Ppe": NaN,
        "Impairment Of Capital Assets": NaN,
        "Restructuring And Mergern Acquisition": 2500000.0,
        "Net Non Operating Interest Income Expense": -5200000.0,
        "Total Other Finance Cost": 500000.0,
        "Interest Expense Non Operating": 5800000.0,
        "Interest Income Non Operating": 1100000.0,
        "Operating Income": -12800000.0,
        "Operating Expense": 27500000.0,
        "Other Operating Expenses": NaN,
        "Selling General And Administration": 26700000.0,
        "General And Administrative Expense": 26700000.0,
        "Other Gand A": 26700000.0,
        "Salaries And Wages": 0.0,
        "Gross Profit": 14700000.0,
        "Cost Of Revenue": 372400000.0,
        "Total Revenue": 387100000.0,
        "Operating Revenue": 387100000.0
    }
}