{
    "2024-06-30": {
        "Tax Effect Of Unusual Items": 0.0,
        "Tax Rate For Calcs": 0.0,
        "Normalized EBITDA": -56370000.0,
        "Total Unusual Items": -2000.0,
        "Total Unusual Items Excluding Goodwill": -2000.0,
        "Net Income From Continuing Operation Net Minority Interest": -54889000.0,
        "EBITDA": -56372000.0,
        "EBIT": -56372000.0,
        "Net Interest Income": 1485000.0,
        "Interest Income": 1485000.0,
        "Normalized Income": -54887000.0,
        "Net Income From Continuing And Discontinued Operation": -54889000.0,
        "Total Expenses": 56372000.0,
        "Total Operating Income As Reported": -56372000.0,
        "Diluted Average Shares": 30349562.0,
        "Basic Average Shares": 30349562.0,
        "Diluted EPS": -1.81,
        "Basic EPS": -1.81,
        "Diluted NI Availto Com Stockholders": -54889000.0,
        "Net Income Common Stockholders": -54889000.0,
        "Net Income": -54889000.0,
        "Net Income Including Noncontrolling Interests": -54889000.0,
        "Net Income Continuous Operations": -54889000.0,
        "Pretax Income": -54889000.0,
        "Other Income Expense": -2000.0,
        "Other Non Operating Income Expenses": 1485000.0,
        "Special Income Charges": NaN,
        "Other Special Charges": NaN,
        "Gain On Sale Of Security": -2000.0,
        "Net Non Operating Interest Income Expense": 1485000.0,
        "Interest Income Non Operating": 1485000.0,
        "Operating Income": -56372000.0,
        "Operating Expense": 56372000.0,
        "Research And Development": 52705000.0,
        "Selling General And Administration": 3667000.0,
        "General And Administrative Expense": 3667000.0,
        "Other Gand A": 3667000.0,
        "Total Revenue": 0.0,
        "Operating Revenue": 0.0
    },
    "2024-03-31": {
        "Tax Effect Of Unusual Items": NaN,
        "Tax Rate For Calcs": NaN,
        "Normalized EBITDA": NaN,
        "Total Unusual Items": NaN,
        "Total Unusual Items Excluding Goodwill": NaN,
        "Net Income From Continuing Operation Net Minority Interest": NaN,
        "EBITDA": NaN,
        "EBIT": NaN,
        "Net Interest Income": 1341000.0,
        "Interest Income": 1341000.0,
        "Normalized Income": NaN,
        "Net Income From Continuing And Discontinued Operation": NaN,
        "Total Expenses": NaN,
        "Total Operating Income As Reported": NaN,
        "Diluted Average Shares": NaN,
        "Basic Average Shares": NaN,
        "Diluted EPS": NaN,
        "Basic EPS": NaN,
        "Diluted NI Availto Com Stockholders": NaN,
        "Net Income Common Stockholders": NaN,
        "Net Income": NaN,
        "Net Income Including Noncontrolling Interests": NaN,
        "Net Income Continuous Operations": NaN,
        "Pretax Income": NaN,
        "Other Income Expense": NaN,
        "Other Non Operating Income Expenses": NaN,
        "Special Income Charges": NaN,
        "Other Special Charges": NaN,
        "Gain On Sale Of Security": NaN,
        "Net Non Operating Interest Income Expense": 1341000.0,
        "Interest Income Non Operating": 1341000.0,
        "Operating Income": NaN,
        "Operating Expense": NaN,
        "Research And Development": NaN,
        "Selling General And Administration": NaN,
        "General And Administrative Expense": NaN,
        "Other Gand A": NaN,
        "Total Revenue": NaN,
        "Operating Revenue": NaN
    },
    "2023-12-31": {
        "Tax Effect Of Unusual Items": NaN,
        "Tax Rate For Calcs": NaN,
        "Normalized EBITDA": NaN,
        "Total Unusual Items": NaN,
        "Total Unusual Items Excluding Goodwill": NaN,
        "Net Income From Continuing Operation Net Minority Interest": NaN,
        "EBITDA": NaN,
        "EBIT": NaN,
        "Net Interest Income": 1349000.0,
        "Interest Income": 1349000.0,
        "Normalized Income": NaN,
        "Net Income From Continuing And Discontinued Operation": NaN,
        "Total Expenses": NaN,
        "Total Operating Income As Reported": NaN,
        "Diluted Average Shares": NaN,
        "Basic Average Shares": NaN,
        "Diluted EPS": NaN,
        "Basic EPS": NaN,
        "Diluted NI Availto Com Stockholders": NaN,
        "Net Income Common Stockholders": NaN,
        "Net Income": NaN,
        "Net Income Including Noncontrolling Interests": NaN,
        "Net Income Continuous Operations": NaN,
        "Pretax Income": NaN,
        "Other Income Expense": NaN,
        "Other Non Operating Income Expenses": NaN,
        "Special Income Charges": NaN,
        "Other Special Charges": NaN,
        "Gain On Sale Of Security": NaN,
        "Net Non Operating Interest Income Expense": 1349000.0,
        "Interest Income Non Operating": 1349000.0,
        "Operating Income": NaN,
        "Operating Expense": NaN,
        "Research And Development": NaN,
        "Selling General And Administration": NaN,
        "General And Administrative Expense": NaN,
        "Other Gand A": NaN,
        "Total Revenue": NaN,
        "Operating Revenue": NaN
    },
    "2023-09-30": {
        "Tax Effect Of Unusual Items": NaN,
        "Tax Rate For Calcs": NaN,
        "Normalized EBITDA": NaN,
        "Total Unusual Items": NaN,
        "Total Unusual Items Excluding Goodwill": NaN,
        "Net Income From Continuing Operation Net Minority Interest": NaN,
        "EBITDA": NaN,
        "EBIT": NaN,
        "Net Interest Income": 1261000.0,
        "Interest Income": 1261000.0,
        "Normalized Income": NaN,
        "Net Income From Continuing And Discontinued Operation": NaN,
        "Total Expenses": NaN,
        "Total Operating Income As Reported": NaN,
        "Diluted Average Shares": NaN,
        "Basic Average Shares": NaN,
        "Diluted EPS": NaN,
        "Basic EPS": NaN,
        "Diluted NI Availto Com Stockholders": NaN,
        "Net Income Common Stockholders": NaN,
        "Net Income": NaN,
        "Net Income Including Noncontrolling Interests": NaN,
        "Net Income Continuous Operations": NaN,
        "Pretax Income": NaN,
        "Other Income Expense": NaN,
        "Other Non Operating Income Expenses": 1261000.0,
        "Special Income Charges": 0.0,
        "Other Special Charges": NaN,
        "Gain On Sale Of Security": NaN,
        "Net Non Operating Interest Income Expense": 1261000.0,
        "Interest Income Non Operating": 1261000.0,
        "Operating Income": NaN,
        "Operating Expense": NaN,
        "Research And Development": NaN,
        "Selling General And Administration": NaN,
        "General And Administrative Expense": NaN,
        "Other Gand A": NaN,
        "Total Revenue": NaN,
        "Operating Revenue": NaN
    },
    "2023-06-30": {
        "Tax Effect Of Unusual Items": NaN,
        "Tax Rate For Calcs": NaN,
        "Normalized EBITDA": NaN,
        "Total Unusual Items": NaN,
        "Total Unusual Items Excluding Goodwill": NaN,
        "Net Income From Continuing Operation Net Minority Interest": NaN,
        "EBITDA": NaN,
        "EBIT": NaN,
        "Net Interest Income": NaN,
        "Interest Income": NaN,
        "Normalized Income": NaN,
        "Net Income From Continuing And Discontinued Operation": NaN,
        "Total Expenses": NaN,
        "Total Operating Income As Reported": NaN,
        "Diluted Average Shares": NaN,
        "Basic Average Shares": NaN,
        "Diluted EPS": NaN,
        "Basic EPS": NaN,
        "Diluted NI Availto Com Stockholders": NaN,
        "Net Income Common Stockholders": NaN,
        "Net Income": NaN,
        "Net Income Including Noncontrolling Interests": NaN,
        "Net Income Continuous Operations": NaN,
        "Pretax Income": NaN,
        "Other Income Expense": NaN,
        "Other Non Operating Income Expenses": 1110000.0,
        "Special Income Charges": NaN,
        "Other Special Charges": NaN,
        "Gain On Sale Of Security": NaN,
        "Net Non Operating Interest Income Expense": NaN,
        "Interest Income Non Operating": NaN,
        "Operating Income": NaN,
        "Operating Expense": NaN,
        "Research And Development": NaN,
        "Selling General And Administration": NaN,
        "General And Administrative Expense": NaN,
        "Other Gand A": NaN,
        "Total Revenue": NaN,
        "Operating Revenue": NaN
    },
    "2023-03-31": {
        "Tax Effect Of Unusual Items": NaN,
        "Tax Rate For Calcs": NaN,
        "Normalized EBITDA": NaN,
        "Total Unusual Items": NaN,
        "Total Unusual Items Excluding Goodwill": NaN,
        "Net Income From Continuing Operation Net Minority Interest": NaN,
        "EBITDA": NaN,
        "EBIT": NaN,
        "Net Interest Income": 900000.0,
        "Interest Income": 900000.0,
        "Normalized Income": NaN,
        "Net Income From Continuing And Discontinued Operation": NaN,
        "Total Expenses": NaN,
        "Total Operating Income As Reported": NaN,
        "Diluted Average Shares": NaN,
        "Basic Average Shares": NaN,
        "Diluted EPS": NaN,
        "Basic EPS": NaN,
        "Diluted NI Availto Com Stockholders": NaN,
        "Net Income Common Stockholders": NaN,
        "Net Income": NaN,
        "Net Income Including Noncontrolling Interests": NaN,
        "Net Income Continuous Operations": NaN,
        "Pretax Income": NaN,
        "Other Income Expense": NaN,
        "Other Non Operating Income Expenses": 900000.0,
        "Special Income Charges": NaN,
        "Gain On Sale Of Security": NaN,
        "Net Non Operating Interest Income Expense": 900000.0,
        "Interest Income Non Operating": 900000.0,
        "Operating Income": NaN,
        "Operating Expense": NaN,
        "Research And Development": NaN,
        "Selling General And Administration": NaN,
        "General And Administrative Expense": NaN,
        "Other Gand A": NaN,
        "Total Revenue": NaN,
        "Operating Revenue": NaN
    },
    "2024-09-30": {
        "Tax Effect Of Unusual Items": 0.0,
        "Tax Rate For Calcs": 0.0,
        "Normalized EBITDA": -11784000.0,
        "Total Unusual Items": 52000.0,
        "Total Unusual Items Excluding Goodwill": 52000.0,
        "Net Income From Continuing Operation Net Minority Interest": -8895000.0,
        "EBITDA": -11732000.0,
        "EBIT": -11732000.0,
        "Net Interest Income": NaN,
        "Interest Income": NaN,
        "Normalized Income": -8947000.0,
        "Net Income From Continuing And Discontinued Operation": -8895000.0,
        "Total Expenses": 11732000.0,
        "Total Operating Income As Reported": -11732000.0,
        "Diluted Average Shares": 67014183.0,
        "Basic Average Shares": 67014183.0,
        "Diluted EPS": -0.13,
        "Basic EPS": -0.13,
        "Diluted NI Availto Com Stockholders": -8895000.0,
        "Net Income Common Stockholders": -8895000.0,
        "Net Income": -8895000.0,
        "Net Income Including Noncontrolling Interests": -8895000.0,
        "Net Income Continuous Operations": -8895000.0,
        "Pretax Income": -8895000.0,
        "Other Income Expense": 2837000.0,
        "Other Non Operating Income Expenses": 2785000.0,
        "Special Income Charges": 0.0,
        "Other Special Charges": NaN,
        "Gain On Sale Of Security": 52000.0,
        "Net Non Operating Interest Income Expense": NaN,
        "Interest Income Non Operating": NaN,
        "Operating Income": -11732000.0,
        "Operating Expense": 11732000.0,
        "Research And Development": 6240000.0,
        "Selling General And Administration": 5492000.0,
        "General And Administrative Expense": 5492000.0,
        "Other Gand A": 5492000.0,
        "Total Revenue": 0.0,
        "Operating Revenue": 0.0
    },
    "2024-12-31": {
        "Tax Effect Of Unusual Items": 0.0,
        "Tax Rate For Calcs": 0.0,
        "Normalized EBITDA": -10885000.0,
        "Total Unusual Items": -26000.0,
        "Total Unusual Items Excluding Goodwill": -26000.0,
        "Net Income From Continuing Operation Net Minority Interest": -8416000.0,
        "EBITDA": -10911000.0,
        "EBIT": -10911000.0,
        "Net Interest Income": NaN,
        "Interest Income": NaN,
        "Normalized Income": -8390000.0,
        "Net Income From Continuing And Discontinued Operation": -8416000.0,
        "Total Expenses": 10911000.0,
        "Total Operating Income As Reported": -10911000.0,
        "Diluted Average Shares": 64738462.0,
        "Basic Average Shares": 64738462.0,
        "Diluted EPS": -0.13,
        "Basic EPS": -0.13,
        "Diluted NI Availto Com Stockholders": -8416000.0,
        "Net Income Common Stockholders": -8416000.0,
        "Net Income": -8416000.0,
        "Net Income Including Noncontrolling Interests": -8416000.0,
        "Net Income Continuous Operations": -8416000.0,
        "Pretax Income": -8416000.0,
        "Other Income Expense": -5637000.0,
        "Other Non Operating Income Expenses": NaN,
        "Special Income Charges": 0.0,
        "Other Special Charges": 0.0,
        "Gain On Sale Of Security": -26000.0,
        "Net Non Operating Interest Income Expense": NaN,
        "Interest Income Non Operating": NaN,
        "Operating Income": -10911000.0,
        "Operating Expense": 10911000.0,
        "Research And Development": 5959000.0,
        "Selling General And Administration": 4952000.0,
        "General And Administrative Expense": 4952000.0,
        "Other Gand A": 4952000.0,
        "Total Revenue": 0.0,
        "Operating Revenue": 0.0
    },
    "2025-03-31": {
        "Tax Effect Of Unusual Items": 0.0,
        "Tax Rate For Calcs": 0.0,
        "Normalized EBITDA": -22968000.0,
        "Total Unusual Items": -50000.0,
        "Total Unusual Items Excluding Goodwill": -50000.0,
        "Net Income From Continuing Operation Net Minority Interest": -20781000.0,
        "EBITDA": -23018000.0,
        "EBIT": -23018000.0,
        "Net Interest Income": 2287000.0,
        "Interest Income": 2287000.0,
        "Normalized Income": -20731000.0,
        "Net Income From Continuing And Discontinued Operation": -20781000.0,
        "Total Expenses": 23018000.0,
        "Total Operating Income As Reported": -23018000.0,
        "Diluted Average Shares": 67462450.0,
        "Basic Average Shares": 67462450.0,
        "Diluted EPS": -0.31,
        "Basic EPS": -0.31,
        "Diluted NI Availto Com Stockholders": -20781000.0,
        "Net Income Common Stockholders": -20781000.0,
        "Net Income": -20781000.0,
        "Net Income Including Noncontrolling Interests": -20781000.0,
        "Net Income Continuous Operations": -20781000.0,
        "Pretax Income": -20781000.0,
        "Other Income Expense": -50000.0,
        "Other Non Operating Income Expenses": NaN,
        "Special Income Charges": NaN,
        "Other Special Charges": NaN,
        "Gain On Sale Of Security": -50000.0,
        "Net Non Operating Interest Income Expense": 2287000.0,
        "Interest Income Non Operating": 2287000.0,
        "Operating Income": -23018000.0,
        "Operating Expense": 23018000.0,
        "Research And Development": 17327000.0,
        "Selling General And Administration": 5691000.0,
        "General And Administrative Expense": 5691000.0,
        "Other Gand A": 5691000.0,
        "Total Revenue": 0.0,
        "Operating Revenue": 0.0
    },
    "2025-06-30": {
        "Tax Effect Of Unusual Items": 0.0,
        "Tax Rate For Calcs": 0.0,
        "Normalized EBITDA": -10515000.0,
        "Total Unusual Items": -162000.0,
        "Total Unusual Items Excluding Goodwill": -162000.0,
        "Net Income From Continuing Operation Net Minority Interest": -8666000.0,
        "EBITDA": -10677000.0,
        "EBIT": -10677000.0,
        "Net Interest Income": 2173000.0,
        "Interest Income": 2173000.0,
        "Normalized Income": -8504000.0,
        "Net Income From Continuing And Discontinued Operation": -8666000.0,
        "Total Expenses": 10677000.0,
        "Total Operating Income As Reported": -10677000.0,
        "Diluted Average Shares": 67585121.0,
        "Basic Average Shares": 67585121.0,
        "Diluted EPS": -0.13,
        "Basic EPS": -0.13,
        "Diluted NI Availto Com Stockholders": -8666000.0,
        "Net Income Common Stockholders": -8666000.0,
        "Net Income": -8666000.0,
        "Net Income Including Noncontrolling Interests": -8666000.0,
        "Net Income Continuous Operations": -8666000.0,
        "Pretax Income": -8666000.0,
        "Other Income Expense": -162000.0,
        "Other Non Operating Income Expenses": NaN,
        "Special Income Charges": NaN,
        "Other Special Charges": NaN,
        "Gain On Sale Of Security": -162000.0,
        "Net Non Operating Interest Income Expense": 2173000.0,
        "Interest Income Non Operating": 2173000.0,
        "Operating Income": -10677000.0,
        "Operating Expense": 10677000.0,
        "Research And Development": 6575000.0,
        "Selling General And Administration": 4102000.0,
        "General And Administrative Expense": 4102000.0,
        "Other Gand A": 4102000.0,
        "Total Revenue": 0.0,
        "Operating Revenue": 0.0
    }
}