{
    "2023-04-30": {
        "Tax Effect Of Unusual Items": NaN,
        "Tax Rate For Calcs": NaN,
        "Total Unusual Items": NaN,
        "Total Unusual Items Excluding Goodwill": NaN,
        "Net Income From Continuing Operation Net Minority Interest": NaN,
        "Reconciled Depreciation": NaN,
        "Net Interest Income": NaN,
        "Interest Expense": NaN,
        "Interest Income": NaN,
        "Normalized Income": NaN,
        "Net Income From Continuing And Discontinued Operation": NaN,
        "Diluted Average Shares": 913219000.0,
        "Basic Average Shares": 912297000.0,
        "Diluted EPS": 1.76,
        "Basic EPS": 1.77,
        "Diluted NI Availto Com Stockholders": NaN,
        "Net Income Common Stockholders": NaN,
        "Preferred Stock Dividends": NaN,
        "Net Income": NaN,
        "Minority Interests": NaN,
        "Net Income Including Noncontrolling Interests": NaN,
        "Net Income Continuous Operations": NaN,
        "Tax Provision": NaN,
        "Pretax Income": NaN,
        "Special Income Charges": NaN,
        "Other Special Charges": NaN,
        "Gain On Sale Of Security": NaN,
        "Selling General And Administration": NaN,
        "Selling And Marketing Expense": NaN,
        "General And Administrative Expense": NaN,
        "Salaries And Wages": NaN,
        "Total Revenue": NaN,
        "Operating Revenue": NaN,
        "Occupancy And Equipment": NaN,
        "Professional Expense And Contract Services Expense": NaN,
        "Other Non Interest Expense": NaN
    },
    "2023-01-31": {
        "Tax Effect Of Unusual Items": NaN,
        "Tax Rate For Calcs": NaN,
        "Total Unusual Items": NaN,
        "Total Unusual Items Excluding Goodwill": NaN,
        "Net Income From Continuing Operation Net Minority Interest": NaN,
        "Reconciled Depreciation": NaN,
        "Net Interest Income": NaN,
        "Interest Expense": NaN,
        "Interest Income": NaN,
        "Normalized Income": NaN,
        "Net Income From Continuing And Discontinued Operation": NaN,
        "Diluted Average Shares": 907725000.0,
        "Basic Average Shares": 906770000.0,
        "Diluted EPS": 0.39,
        "Basic EPS": 0.39,
        "Diluted NI Availto Com Stockholders": NaN,
        "Net Income Common Stockholders": NaN,
        "Preferred Stock Dividends": NaN,
        "Net Income": NaN,
        "Minority Interests": NaN,
        "Net Income Including Noncontrolling Interests": NaN,
        "Net Income Continuous Operations": NaN,
        "Tax Provision": NaN,
        "Pretax Income": NaN,
        "Special Income Charges": NaN,
        "Other Special Charges": 1169000000.0,
        "Gain On Sale Of Security": NaN,
        "Selling General And Administration": NaN,
        "Selling And Marketing Expense": NaN,
        "General And Administrative Expense": NaN,
        "Salaries And Wages": NaN,
        "Total Revenue": NaN,
        "Operating Revenue": NaN,
        "Occupancy And Equipment": NaN,
        "Professional Expense And Contract Services Expense": NaN,
        "Other Non Interest Expense": NaN
    },
    "2022-10-31": {
        "Tax Effect Of Unusual Items": NaN,
        "Tax Rate For Calcs": NaN,
        "Total Unusual Items": NaN,
        "Total Unusual Items Excluding Goodwill": NaN,
        "Net Income From Continuing Operation Net Minority Interest": NaN,
        "Reconciled Depreciation": NaN,
        "Net Interest Income": NaN,
        "Interest Expense": NaN,
        "Interest Income": NaN,
        "Normalized Income": NaN,
        "Net Income From Continuing And Discontinued Operation": NaN,
        "Diluted Average Shares": NaN,
        "Basic Average Shares": NaN,
        "Diluted EPS": NaN,
        "Basic EPS": NaN,
        "Diluted NI Availto Com Stockholders": NaN,
        "Net Income Common Stockholders": NaN,
        "Preferred Stock Dividends": NaN,
        "Net Income": NaN,
        "Minority Interests": NaN,
        "Net Income Including Noncontrolling Interests": NaN,
        "Net Income Continuous Operations": NaN,
        "Tax Provision": NaN,
        "Pretax Income": NaN,
        "Special Income Charges": NaN,
        "Other Special Charges": NaN,
        "Restructuring And Mergern Acquisition": 12000000.0,
        "Gain On Sale Of Security": NaN,
        "Selling General And Administration": NaN,
        "Selling And Marketing Expense": NaN,
        "General And Administrative Expense": NaN,
        "Salaries And Wages": NaN,
        "Total Revenue": NaN,
        "Operating Revenue": NaN,
        "Occupancy And Equipment": NaN,
        "Professional Expense And Contract Services Expense": NaN,
        "Other Non Interest Expense": NaN
    },
    "2022-07-31": {
        "Tax Effect Of Unusual Items": -11150000.0,
        "Tax Rate For Calcs": 0.223,
        "Total Unusual Items": -50000000.0,
        "Total Unusual Items Excluding Goodwill": -50000000.0,
        "Net Income From Continuing Operation Net Minority Interest": 1660000000.0,
        "Reconciled Depreciation": 260000000.0,
        "Net Interest Income": 3236000000.0,
        "Interest Expense": 2564000000.0,
        "Interest Income": 5800000000.0,
        "Normalized Income": 1698850000.0,
        "Net Income From Continuing And Discontinued Operation": 1660000000.0,
        "Diluted Average Shares": 905618000.0,
        "Basic Average Shares": 903742000.0,
        "Diluted EPS": 1.78,
        "Basic EPS": 1.79,
        "Diluted NI Availto Com Stockholders": 1614000000.0,
        "Net Income Common Stockholders": 1614000000.0,
        "Preferred Stock Dividends": 46000000.0,
        "Net Income": 1660000000.0,
        "Minority Interests": -6000000.0,
        "Net Income Including Noncontrolling Interests": 1666000000.0,
        "Net Income Continuous Operations": 1666000000.0,
        "Tax Provision": 479000000.0,
        "Pretax Income": 2145000000.0,
        "Special Income Charges": -50000000.0,
        "Other Special Charges": NaN,
        "Restructuring And Mergern Acquisition": 50000000.0,
        "Gain On Sale Of Security": 324000000.0,
        "Selling General And Administration": 1857000000.0,
        "Selling And Marketing Expense": 90000000.0,
        "General And Administrative Expense": 1767000000.0,
        "Salaries And Wages": 1767000000.0,
        "Total Revenue": 5554000000.0,
        "Operating Revenue": 5554000000.0
    },
    "2023-07-31": {
        "Tax Effect Of Unusual Items": NaN,
        "Tax Rate For Calcs": NaN,
        "Total Unusual Items": NaN,
        "Total Unusual Items Excluding Goodwill": NaN,
        "Net Income From Continuing Operation Net Minority Interest": NaN,
        "Reconciled Depreciation": NaN,
        "Net Interest Income": NaN,
        "Interest Expense": NaN,
        "Interest Income": NaN,
        "Normalized Income": NaN,
        "Net Income From Continuing And Discontinued Operation": NaN,
        "Diluted Average Shares": 919063000.0,
        "Basic Average Shares": 918551000.0,
        "Diluted EPS": 1.47,
        "Basic EPS": 1.48,
        "Diluted NI Availto Com Stockholders": NaN,
        "Net Income Common Stockholders": NaN,
        "Preferred Stock Dividends": NaN,
        "Net Income": NaN,
        "Minority Interests": NaN,
        "Net Income Including Noncontrolling Interests": NaN,
        "Net Income Continuous Operations": NaN,
        "Tax Provision": NaN,
        "Pretax Income": NaN,
        "Special Income Charges": NaN,
        "Other Special Charges": NaN,
        "Gain On Sale Of Security": NaN,
        "Selling General And Administration": NaN,
        "Selling And Marketing Expense": NaN,
        "General And Administrative Expense": NaN,
        "Salaries And Wages": NaN,
        "Total Revenue": NaN,
        "Operating Revenue": NaN,
        "Occupancy And Equipment": NaN,
        "Professional Expense And Contract Services Expense": NaN,
        "Other Non Interest Expense": NaN
    },
    "2023-10-31": {
        "Tax Effect Of Unusual Items": 0.0,
        "Tax Rate For Calcs": 0.203972,
        "Total Unusual Items": 0.0,
        "Total Unusual Items Excluding Goodwill": 0.0,
        "Net Income From Continuing Operation Net Minority Interest": 1475000000.0,
        "Reconciled Depreciation": 310000000.0,
        "Net Interest Income": 3197000000.0,
        "Interest Expense": 9260000000.0,
        "Interest Income": 12457000000.0,
        "Normalized Income": 1475000000.0,
        "Net Income From Continuing And Discontinued Operation": 1475000000.0,
        "Diluted Average Shares": NaN,
        "Basic Average Shares": NaN,
        "Diluted EPS": NaN,
        "Basic EPS": NaN,
        "Diluted NI Availto Com Stockholders": 1413000000.0,
        "Net Income Common Stockholders": 1413000000.0,
        "Preferred Stock Dividends": 62000000.0,
        "Net Income": 1475000000.0,
        "Minority Interests": -8000000.0,
        "Net Income Including Noncontrolling Interests": 1483000000.0,
        "Net Income Continuous Operations": 1483000000.0,
        "Tax Provision": 380000000.0,
        "Pretax Income": 1863000000.0,
        "Special Income Charges": 0.0,
        "Other Special Charges": 0.0,
        "Gain On Sale Of Security": 626000000.0,
        "Selling General And Administration": 1977000000.0,
        "Selling And Marketing Expense": 87000000.0,
        "General And Administrative Expense": 1890000000.0,
        "Salaries And Wages": 1890000000.0,
        "Total Revenue": 5849000000.0,
        "Operating Revenue": 5849000000.0,
        "Occupancy And Equipment": 874000000.0,
        "Professional Expense And Contract Services Expense": 77000000.0,
        "Other Non Interest Expense": 512000000.0
    },
    "2024-01-31": {
        "Tax Effect Of Unusual Items": NaN,
        "Tax Rate For Calcs": NaN,
        "Total Unusual Items": NaN,
        "Total Unusual Items Excluding Goodwill": NaN,
        "Net Income From Continuing Operation Net Minority Interest": NaN,
        "Reconciled Depreciation": NaN,
        "Net Interest Income": NaN,
        "Interest Expense": NaN,
        "Interest Income": NaN,
        "Normalized Income": NaN,
        "Net Income From Continuing And Discontinued Operation": NaN,
        "Diluted Average Shares": 932330000.0,
        "Basic Average Shares": 931775000.0,
        "Diluted EPS": 1.77,
        "Basic EPS": 1.77,
        "Diluted NI Availto Com Stockholders": NaN,
        "Net Income Common Stockholders": NaN,
        "Preferred Stock Dividends": NaN,
        "Net Income": NaN,
        "Minority Interests": NaN,
        "Net Income Including Noncontrolling Interests": NaN,
        "Net Income Continuous Operations": NaN,
        "Tax Provision": NaN,
        "Pretax Income": NaN,
        "Special Income Charges": NaN,
        "Other Special Charges": NaN,
        "Gain On Sale Of Security": NaN,
        "Selling General And Administration": NaN,
        "Selling And Marketing Expense": NaN,
        "General And Administrative Expense": NaN,
        "Salaries And Wages": NaN,
        "Total Revenue": NaN,
        "Operating Revenue": NaN,
        "Occupancy And Equipment": NaN,
        "Professional Expense And Contract Services Expense": NaN,
        "Other Non Interest Expense": NaN
    },
    "2024-04-30": {
        "Tax Effect Of Unusual Items": -2419730.107027,
        "Tax Rate For Calcs": 0.186133,
        "Total Unusual Items": -13000000.0,
        "Total Unusual Items Excluding Goodwill": -13000000.0,
        "Net Income From Continuing Operation Net Minority Interest": 1739000000.0,
        "Reconciled Depreciation": 288000000.0,
        "Net Interest Income": 3281000000.0,
        "Interest Expense": 9492000000.0,
        "Interest Income": 12773000000.0,
        "Normalized Income": 1749580269.892973,
        "Net Income From Continuing And Discontinued Operation": 1739000000.0,
        "Diluted Average Shares": 939813000.0,
        "Basic Average Shares": 937849000.0,
        "Diluted EPS": 1.79,
        "Basic EPS": 1.79,
        "Diluted NI Availto Com Stockholders": 1678000000.0,
        "Net Income Common Stockholders": 1678000000.0,
        "Preferred Stock Dividends": 61000000.0,
        "Net Income": 1739000000.0,
        "Minority Interests": -10000000.0,
        "Net Income Including Noncontrolling Interests": 1749000000.0,
        "Net Income Continuous Operations": 1749000000.0,
        "Tax Provision": 400000000.0,
        "Pretax Income": 2149000000.0,
        "Special Income Charges": -13000000.0,
        "Other Special Charges": 13000000.0,
        "Gain On Sale Of Security": 716000000.0,
        "Selling General And Administration": 2095000000.0,
        "Selling And Marketing Expense": 86000000.0,
        "General And Administrative Expense": 2009000000.0,
        "Salaries And Wages": 2009000000.0,
        "Total Revenue": 6139000000.0,
        "Operating Revenue": 6139000000.0,
        "Occupancy And Equipment": 861000000.0,
        "Professional Expense And Contract Services Expense": 64000000.0,
        "Other Non Interest Expense": 468000000.0
    },
    "2024-07-31": {
        "Tax Effect Of Unusual Items": -528000.0,
        "Tax Rate For Calcs": 0.264,
        "Total Unusual Items": -2000000.0,
        "Total Unusual Items Excluding Goodwill": -2000000.0,
        "Net Income From Continuing Operation Net Minority Interest": 1786000000.0,
        "Reconciled Depreciation": 317000000.0,
        "Net Interest Income": 3532000000.0,
        "Interest Expense": 9915000000.0,
        "Interest Income": 13447000000.0,
        "Normalized Income": 1787472000.0,
        "Net Income From Continuing And Discontinued Operation": 1786000000.0,
        "Diluted Average Shares": 945784000.0,
        "Basic Average Shares": 943467000.0,
        "Diluted EPS": 1.82,
        "Basic EPS": 1.83,
        "Diluted NI Availto Com Stockholders": 1723000000.0,
        "Net Income Common Stockholders": 1723000000.0,
        "Preferred Stock Dividends": 63000000.0,
        "Net Income": 1786000000.0,
        "Minority Interests": -9000000.0,
        "Net Income Including Noncontrolling Interests": 1795000000.0,
        "Net Income Continuous Operations": 1795000000.0,
        "Tax Provision": 644000000.0,
        "Pretax Income": 2439000000.0,
        "Special Income Charges": -2000000.0,
        "Other Special Charges": 2000000.0,
        "Gain On Sale Of Security": 872000000.0,
        "Selling General And Administration": 2173000000.0,
        "Selling And Marketing Expense": 78000000.0,
        "General And Administrative Expense": 2095000000.0,
        "Salaries And Wages": 2095000000.0,
        "Total Revenue": 6584000000.0,
        "Operating Revenue": 6584000000.0,
        "Occupancy And Equipment": 919000000.0,
        "Professional Expense And Contract Services Expense": 67000000.0,
        "Other Non Interest Expense": 521000000.0
    },
    "2024-10-31": {
        "Tax Effect Of Unusual Items": 872455.338596,
        "Tax Rate For Calcs": 0.218114,
        "Total Unusual Items": 4000000.0,
        "Total Unusual Items Excluding Goodwill": 4000000.0,
        "Net Income From Continuing Operation Net Minority Interest": 1874000000.0,
        "Reconciled Depreciation": 289000000.0,
        "Net Interest Income": 3633000000.0,
        "Interest Expense": 9598000000.0,
        "Interest Income": 13231000000.0,
        "Normalized Income": 1870872455.338596,
        "Net Income From Continuing And Discontinued Operation": 1874000000.0,
        "Diluted Average Shares": NaN,
        "Basic Average Shares": NaN,
        "Diluted EPS": NaN,
        "Basic EPS": NaN,
        "Diluted NI Availto Com Stockholders": 1802000000.0,
        "Net Income Common Stockholders": 1802000000.0,
        "Preferred Stock Dividends": 72000000.0,
        "Net Income": 1874000000.0,
        "Minority Interests": -8000000.0,
        "Net Income Including Noncontrolling Interests": 1882000000.0,
        "Net Income Continuous Operations": 1882000000.0,
        "Tax Provision": 525000000.0,
        "Pretax Income": 2407000000.0,
        "Special Income Charges": 4000000.0,
        "Other Special Charges": -4000000.0,
        "Gain On Sale Of Security": 821000000.0,
        "Selling General And Administration": 2310000000.0,
        "Selling And Marketing Expense": 103000000.0,
        "General And Administrative Expense": 2207000000.0,
        "Salaries And Wages": 2207000000.0,
        "Total Revenue": 6598000000.0,
        "Operating Revenue": 6598000000.0,
        "Occupancy And Equipment": 931000000.0,
        "Professional Expense And Contract Services Expense": 74000000.0,
        "Other Non Interest Expense": 479000000.0
    },
    "2025-01-31": {
        "Tax Effect Of Unusual Items": 699000.0,
        "Tax Rate For Calcs": 0.233,
        "Total Unusual Items": 3000000.0,
        "Total Unusual Items Excluding Goodwill": 3000000.0,
        "Net Income From Continuing Operation Net Minority Interest": 2163000000.0,
        "Reconciled Depreciation": 286000000.0,
        "Net Interest Income": 3801000000.0,
        "Interest Expense": 8918000000.0,
        "Interest Income": 12719000000.0,
        "Normalized Income": 2160699000.0,
        "Net Income From Continuing And Discontinued Operation": 2163000000.0,
        "Diluted Average Shares": 947345000.0,
        "Basic Average Shares": 942039000.0,
        "Diluted EPS": 2.19,
        "Basic EPS": 2.2,
        "Diluted NI Availto Com Stockholders": 2075000000.0,
        "Net Income Common Stockholders": 2075000000.0,
        "Preferred Stock Dividends": 88000000.0,
        "Net Income": 2163000000.0,
        "Minority Interests": -8000000.0,
        "Net Income Including Noncontrolling Interests": 2171000000.0,
        "Net Income Continuous Operations": 2171000000.0,
        "Tax Provision": 659000000.0,
        "Pretax Income": 2830000000.0,
        "Special Income Charges": 3000000.0,
        "Other Special Charges": -3000000.0,
        "Gain On Sale Of Security": 1174000000.0,
        "Selling General And Administration": 2365000000.0,
        "Selling And Marketing Expense": 88000000.0,
        "General And Administrative Expense": 2277000000.0,
        "Salaries And Wages": 2277000000.0,
        "Total Revenue": 7252000000.0,
        "Operating Revenue": 7252000000.0,
        "Occupancy And Equipment": 897000000.0,
        "Professional Expense And Contract Services Expense": 65000000.0,
        "Other Non Interest Expense": 551000000.0
    },
    "2025-04-30": {
        "Tax Effect Of Unusual Items": -227000.0,
        "Tax Rate For Calcs": 0.227,
        "Total Unusual Items": -1000000.0,
        "Total Unusual Items Excluding Goodwill": -1000000.0,
        "Net Income From Continuing Operation Net Minority Interest": 1998000000.0,
        "Reconciled Depreciation": 281000000.0,
        "Net Interest Income": 3788000000.0,
        "Interest Expense": 8071000000.0,
        "Interest Income": 11859000000.0,
        "Normalized Income": 1998773000.0,
        "Net Income From Continuing And Discontinued Operation": 1998000000.0,
        "Diluted Average Shares": 942748000.0,
        "Basic Average Shares": 938495000.0,
        "Diluted EPS": 2.04,
        "Basic EPS": 2.05,
        "Diluted NI Availto Com Stockholders": 1920000000.0,
        "Net Income Common Stockholders": 1920000000.0,
        "Preferred Stock Dividends": 78000000.0,
        "Net Income": 1998000000.0,
        "Minority Interests": -9000000.0,
        "Net Income Including Noncontrolling Interests": 2007000000.0,
        "Net Income Continuous Operations": 2007000000.0,
        "Tax Provision": 591000000.0,
        "Pretax Income": 2598000000.0,
        "Special Income Charges": -1000000.0,
        "Other Special Charges": 1000000.0,
        "Gain On Sale Of Security": 1006000000.0,
        "Selling General And Administration": 2347000000.0,
        "Selling And Marketing Expense": 92000000.0,
        "General And Administrative Expense": 2255000000.0,
        "Salaries And Wages": 2255000000.0,
        "Total Revenue": 6986000000.0,
        "Operating Revenue": 6986000000.0,
        "Occupancy And Equipment": 893000000.0,
        "Professional Expense And Contract Services Expense": 63000000.0,
        "Other Non Interest Expense": 515000000.0
    }
}