{
    "2023-06-30": {
        "Tax Effect Of Unusual Items": NaN,
        "Tax Rate For Calcs": NaN,
        "Total Unusual Items": -8000000.0,
        "Total Unusual Items Excluding Goodwill": -8000000.0,
        "Net Income From Continuing Operation Net Minority Interest": NaN,
        "Reconciled Depreciation": NaN,
        "Net Interest Income": NaN,
        "Interest Expense": NaN,
        "Interest Income": NaN,
        "Normalized Income": NaN,
        "Net Income From Continuing And Discontinued Operation": NaN,
        "Diluted Average Shares": NaN,
        "Basic Average Shares": NaN,
        "Diluted EPS": NaN,
        "Basic EPS": NaN,
        "Diluted NI Availto Com Stockholders": NaN,
        "Net Income Common Stockholders": NaN,
        "Otherunder Preferred Stock Dividend": NaN,
        "Preferred Stock Dividends": NaN,
        "Net Income": NaN,
        "Net Income Including Noncontrolling Interests": NaN,
        "Net Income Continuous Operations": NaN,
        "Tax Provision": NaN,
        "Pretax Income": NaN,
        "Special Income Charges": -8000000.0,
        "Other Special Charges": 8000000.0,
        "Gain On Sale Of Security": NaN,
        "Selling General And Administration": NaN,
        "Selling And Marketing Expense": NaN,
        "General And Administrative Expense": NaN,
        "Insurance And Claims": NaN,
        "Salaries And Wages": NaN,
        "Total Revenue": NaN,
        "Operating Revenue": NaN,
        "Occupancy And Equipment": NaN,
        "Other Non Interest Expense": NaN
    },
    "2023-03-31": {
        "Tax Effect Of Unusual Items": NaN,
        "Tax Rate For Calcs": NaN,
        "Total Unusual Items": 0.0,
        "Total Unusual Items Excluding Goodwill": 0.0,
        "Net Income From Continuing Operation Net Minority Interest": NaN,
        "Reconciled Depreciation": NaN,
        "Net Interest Income": NaN,
        "Interest Expense": NaN,
        "Interest Income": NaN,
        "Normalized Income": NaN,
        "Net Income From Continuing And Discontinued Operation": NaN,
        "Diluted Average Shares": NaN,
        "Basic Average Shares": NaN,
        "Diluted EPS": NaN,
        "Basic EPS": NaN,
        "Diluted NI Availto Com Stockholders": NaN,
        "Net Income Common Stockholders": NaN,
        "Otherunder Preferred Stock Dividend": NaN,
        "Preferred Stock Dividends": NaN,
        "Net Income": NaN,
        "Net Income Including Noncontrolling Interests": NaN,
        "Net Income Continuous Operations": NaN,
        "Tax Provision": NaN,
        "Pretax Income": NaN,
        "Special Income Charges": 0.0,
        "Other Special Charges": NaN,
        "Gain On Sale Of Security": NaN,
        "Selling General And Administration": NaN,
        "Selling And Marketing Expense": NaN,
        "General And Administrative Expense": NaN,
        "Insurance And Claims": NaN,
        "Salaries And Wages": NaN,
        "Total Revenue": NaN,
        "Operating Revenue": NaN,
        "Occupancy And Equipment": NaN,
        "Other Non Interest Expense": NaN
    },
    "2022-12-31": {
        "Tax Effect Of Unusual Items": 0.0,
        "Tax Rate For Calcs": 0.215247,
        "Total Unusual Items": NaN,
        "Total Unusual Items Excluding Goodwill": NaN,
        "Net Income From Continuing Operation Net Minority Interest": 350000000.0,
        "Reconciled Depreciation": 21000000.0,
        "Net Interest Income": 742000000.0,
        "Interest Expense": 134000000.0,
        "Interest Income": 876000000.0,
        "Normalized Income": 350000000.0,
        "Net Income From Continuing And Discontinued Operation": 350000000.0,
        "Diluted Average Shares": 132382000.0,
        "Basic Average Shares": 131034483.0,
        "Diluted EPS": 2.58,
        "Basic EPS": 2.61,
        "Diluted NI Availto Com Stockholders": 342000000.0,
        "Net Income Common Stockholders": 342000000.0,
        "Otherunder Preferred Stock Dividend": 2000000.0,
        "Preferred Stock Dividends": 6000000.0,
        "Net Income": 350000000.0,
        "Net Income Including Noncontrolling Interests": 350000000.0,
        "Net Income Continuous Operations": 350000000.0,
        "Tax Provision": 96000000.0,
        "Pretax Income": 446000000.0,
        "Special Income Charges": NaN,
        "Other Special Charges": NaN,
        "Gain On Sale Of Security": 30000000.0,
        "Selling General And Administration": 339000000.0,
        "Selling And Marketing Expense": 14000000.0,
        "General And Administrative Expense": 325000000.0,
        "Insurance And Claims": 7000000.0,
        "Salaries And Wages": 318000000.0,
        "Total Revenue": 1020000000.0,
        "Operating Revenue": 1020000000.0
    },
    "2022-09-30": {
        "Tax Effect Of Unusual Items": 0.0,
        "Tax Rate For Calcs": 0.228571,
        "Total Unusual Items": NaN,
        "Total Unusual Items Excluding Goodwill": NaN,
        "Net Income From Continuing Operation Net Minority Interest": 351000000.0,
        "Reconciled Depreciation": 25000000.0,
        "Net Interest Income": 707000000.0,
        "Interest Expense": 43000000.0,
        "Interest Income": 750000000.0,
        "Normalized Income": 351000000.0,
        "Net Income From Continuing And Discontinued Operation": 351000000.0,
        "Diluted Average Shares": 132000000.0,
        "Basic Average Shares": 131000000.0,
        "Diluted EPS": 2.6,
        "Basic EPS": 2.63,
        "Diluted NI Availto Com Stockholders": 343000000.0,
        "Net Income Common Stockholders": 343000000.0,
        "Otherunder Preferred Stock Dividend": 2000000.0,
        "Preferred Stock Dividends": 6000000.0,
        "Net Income": 351000000.0,
        "Net Income Including Noncontrolling Interests": 351000000.0,
        "Net Income Continuous Operations": 351000000.0,
        "Tax Provision": 104000000.0,
        "Pretax Income": 455000000.0,
        "Special Income Charges": NaN,
        "Other Special Charges": NaN,
        "Gain On Sale Of Security": 35000000.0,
        "Selling General And Administration": 324000000.0,
        "Selling And Marketing Expense": 9000000.0,
        "General And Administrative Expense": 315000000.0,
        "Insurance And Claims": 8000000.0,
        "Salaries And Wages": 307000000.0,
        "Total Revenue": 985000000.0,
        "Operating Revenue": 985000000.0
    },
    "2022-06-30": {
        "Tax Effect Of Unusual Items": 0.0,
        "Tax Rate For Calcs": 0.225519,
        "Total Unusual Items": NaN,
        "Total Unusual Items Excluding Goodwill": NaN,
        "Net Income From Continuing Operation Net Minority Interest": 261000000.0,
        "Reconciled Depreciation": 23000000.0,
        "Net Interest Income": 561000000.0,
        "Interest Expense": 16000000.0,
        "Interest Income": 577000000.0,
        "Normalized Income": 261000000.0,
        "Net Income From Continuing And Discontinued Operation": 261000000.0,
        "Diluted Average Shares": 132000000.0,
        "Basic Average Shares": 131000000.0,
        "Diluted EPS": 1.92,
        "Basic EPS": 1.94,
        "Diluted NI Availto Com Stockholders": 255000000.0,
        "Net Income Common Stockholders": 255000000.0,
        "Otherunder Preferred Stock Dividend": 1000000.0,
        "Preferred Stock Dividends": 5000000.0,
        "Net Income": 261000000.0,
        "Net Income Including Noncontrolling Interests": 261000000.0,
        "Net Income Continuous Operations": 261000000.0,
        "Tax Provision": 76000000.0,
        "Pretax Income": 337000000.0,
        "Special Income Charges": NaN,
        "Other Special Charges": NaN,
        "Gain On Sale Of Security": 29000000.0,
        "Selling General And Administration": 310000000.0,
        "Selling And Marketing Expense": 8000000.0,
        "General And Administrative Expense": 302000000.0,
        "Insurance And Claims": 8000000.0,
        "Salaries And Wages": 294000000.0,
        "Total Revenue": 829000000.0,
        "Operating Revenue": 829000000.0
    },
    "2022-03-31": {
        "Diluted EPS": 1.37,
        "Total Revenue": 713,
        "Gross Profit": 700,
        "Operating Income": 238,
        "EBIT": NaN,
        "Net Income": 182
    },
    "2021-12-31": {
        "Diluted EPS": 1.7,
        "Total Revenue": 763,
        "Gross Profit": 750,
        "Operating Income": 289,
        "EBIT": NaN,
        "Net Income": 221
    },
    "2021-09-30": {
        "Diluted EPS": 1.9,
        "Total Revenue": 769,
        "Gross Profit": 755,
        "Operating Income": 332,
        "EBIT": NaN,
        "Net Income": 255
    },
    "2021-06-30": {
        "Diluted EPS": 2.32,
        "Total Revenue": 763,
        "Gross Profit": 749,
        "Operating Income": 421,
        "EBIT": NaN,
        "Net Income": 321
    },
    "2021-03-31": {
        "Diluted EPS": 2.43,
        "Total Revenue": 729,
        "Gross Profit": 713,
        "Operating Income": 448,
        "EBIT": NaN,
        "Net Income": 343
    },
    "2020-12-31": {
        "Diluted EPS": 1.53,
        "Total Revenue": 754,
        "Gross Profit": 734,
        "Operating Income": 286,
        "EBIT": NaN,
        "Net Income": 215
    },
    "2020-09-30": {
        "Diluted EPS": 1.48,
        "Total Revenue": 736,
        "Gross Profit": 710,
        "Operating Income": 267,
        "EBIT": NaN,
        "Net Income": 209
    },
    "2020-06-30": {
        "Diluted EPS": 0.84,
        "Total Revenue": 758,
        "Gross Profit": 718,
        "Operating Income": 146,
        "EBIT": NaN,
        "Net Income": 117
    },
    "2020-03-31": {
        "Diluted EPS": -0.42,
        "Total Revenue": 846,
        "Gross Profit": 750,
        "Operating Income": -78,
        "EBIT": NaN,
        "Net Income": -59
    },
    "2019-12-31": {
        "Diluted EPS": 1.89,
        "Total Revenue": 925,
        "Gross Profit": 810,
        "Operating Income": 357,
        "EBIT": NaN,
        "Net Income": 271
    },
    "2019-09-30": {
        "Diluted EPS": 1.96,
        "Total Revenue": 967,
        "Gross Profit": 842,
        "Operating Income": 372,
        "EBIT": NaN,
        "Net Income": 290
    },
    "2019-06-30": {
        "Diluted EPS": 1.94,
        "Total Revenue": 977,
        "Gross Profit": 853,
        "Operating Income": 385,
        "EBIT": NaN,
        "Net Income": 297
    },
    "2019-03-31": {
        "Diluted EPS": 2.11,
        "Total Revenue": 948,
        "Gross Profit": 844,
        "Operating Income": 424,
        "EBIT": NaN,
        "Net Income": 337
    },
    "2018-12-31": {
        "Diluted EPS": 1.88,
        "Total Revenue": 954,
        "Gross Profit": 864,
        "Operating Income": 414,
        "EBIT": NaN,
        "Net Income": 308
    },
    "2018-09-30": {
        "Diluted EPS": 1.86,
        "Total Revenue": 909,
        "Gross Profit": 833,
        "Operating Income": 393,
        "EBIT": NaN,
        "Net Income": 316
    },
    "2018-06-30": {
        "Diluted EPS": 1.87,
        "Total Revenue": 898,
        "Gross Profit": 838,
        "Operating Income": 430,
        "EBIT": NaN,
        "Net Income": 324
    },
    "2018-03-31": {
        "Diluted EPS": 1.59,
        "Total Revenue": 834,
        "Gross Profit": 793,
        "Operating Income": 351,
        "EBIT": NaN,
        "Net Income": 279
    },
    "2017-12-31": {
        "Diluted EPS": 0.64,
        "Total Revenue": 863,
        "Gross Profit": 830,
        "Operating Income": 343,
        "EBIT": NaN,
        "Net Income": 112
    },
    "2017-09-30": {
        "Diluted EPS": 1.26,
        "Total Revenue": 854,
        "Gross Profit": 821,
        "Operating Income": 341,
        "EBIT": NaN,
        "Net Income": 224
    },
    "2017-06-30": {
        "Diluted EPS": 1.13,
        "Total Revenue": 805,
        "Gross Profit": 776,
        "Operating Income": 316,
        "EBIT": NaN,
        "Net Income": 202
    },
    "2017-03-31": {
        "Diluted EPS": 1.11,
        "Total Revenue": 767,
        "Gross Profit": 741,
        "Operating Income": 279,
        "EBIT": NaN,
        "Net Income": 200
    },
    "2016-12-31": {
        "Diluted EPS": 0.92,
        "Total Revenue": 751,
        "Gross Profit": 722,
        "Operating Income": 246,
        "EBIT": NaN,
        "Net Income": 163
    },
    "2016-09-30": {
        "Diluted EPS": 0.84,
        "Total Revenue": 752,
        "Gross Profit": 722,
        "Operating Income": 233,
        "EBIT": NaN,
        "Net Income": 148
    },
    "2016-06-30": {
        "Diluted EPS": 0.58,
        "Total Revenue": 741,
        "Gross Profit": 713,
        "Operating Income": 199,
        "EBIT": NaN,
        "Net Income": 103
    },
    "2016-03-31": {
        "Diluted EPS": 0.34,
        "Total Revenue": 716,
        "Gross Profit": 691,
        "Operating Income": 85,
        "EBIT": NaN,
        "Net Income": 59
    },
    "2015-12-31": {
        "Diluted EPS": 0.64,
        "Total Revenue": 722,
        "Gross Profit": 698,
        "Operating Income": 157,
        "EBIT": NaN,
        "Net Income": 115
    },
    "2015-09-30": {
        "Diluted EPS": 0.74,
        "Total Revenue": 708,
        "Gross Profit": 682,
        "Operating Income": 199,
        "EBIT": NaN,
        "Net Income": 134
    },
    "2015-06-30": {
        "Diluted EPS": 0.73,
        "Total Revenue": 702,
        "Gross Profit": 679,
        "Operating Income": 199,
        "EBIT": NaN,
        "Net Income": 134
    },
    "2015-03-31": {
        "Diluted EPS": 0.73,
        "Total Revenue": 687,
        "Gross Profit": 665,
        "Operating Income": 195,
        "EBIT": NaN,
        "Net Income": 132
    },
    "2014-12-31": {
        "Diluted EPS": 0.81,
        "Total Revenue": 652,
        "Gross Profit": 629,
        "Operating Income": 219,
        "EBIT": NaN,
        "Net Income": 148
    },
    "2014-09-30": {
        "Diluted EPS": 0.82,
        "Total Revenue": 651,
        "Gross Profit": 629,
        "Operating Income": 227,
        "EBIT": NaN,
        "Net Income": 152
    },
    "2014-06-30": {
        "Diluted EPS": 0.8,
        "Total Revenue": 661,
        "Gross Profit": 636,
        "Operating Income": 221,
        "EBIT": NaN,
        "Net Income": 149
    },
    "2014-03-31": {
        "Diluted EPS": 0.73,
        "Total Revenue": 643,
        "Gross Profit": 618,
        "Operating Income": 203,
        "EBIT": NaN,
        "Net Income": 137
    },
    "2013-12-31": {
        "Diluted EPS": 0.61,
        "Total Revenue": 675,
        "Gross Profit": 649,
        "Operating Income": 167,
        "EBIT": NaN,
        "Net Income": 115
    },
    "2013-09-30": {
        "Diluted EPS": 0.78,
        "Total Revenue": 667,
        "Gross Profit": 640,
        "Operating Income": 215,
        "EBIT": NaN,
        "Net Income": 145
    },
    "2013-06-30": {
        "Diluted EPS": 0.76,
        "Total Revenue": 665,
        "Gross Profit": 636,
        "Operating Income": 207,
        "EBIT": NaN,
        "Net Income": 141
    },
    "2013-03-31": {
        "Diluted EPS": 0.7,
        "Total Revenue": 659,
        "Gross Profit": 629,
        "Operating Income": 197,
        "EBIT": NaN,
        "Net Income": 132
    },
    "2012-12-31": {
        "Diluted EPS": 0.67,
        "Total Revenue": 712,
        "Gross Profit": 680,
        "Operating Income": 233,
        "EBIT": NaN,
        "Net Income": 129
    },
    "2012-09-30": {
        "Diluted EPS": 0.61,
        "Total Revenue": 657,
        "Gross Profit": 624,
        "Operating Income": 178,
        "EBIT": NaN,
        "Net Income": 116
    },
    "2012-06-30": {
        "Diluted EPS": 0.73,
        "Total Revenue": 681,
        "Gross Profit": 646,
        "Operating Income": 201,
        "EBIT": NaN,
        "Net Income": 141
    },
    "2012-03-31": {
        "Diluted EPS": 0.66,
        "Total Revenue": 683,
        "Gross Profit": 648,
        "Operating Income": 178,
        "EBIT": NaN,
        "Net Income": 129
    },
    "2011-12-31": {
        "Diluted EPS": 0.48,
        "Total Revenue": 663,
        "Gross Profit": 626,
        "Operating Income": 166,
        "EBIT": NaN,
        "Net Income": 95
    },
    "2011-09-30": {
        "Diluted EPS": 0.51,
        "Total Revenue": 664,
        "Gross Profit": 624,
        "Operating Income": 159,
        "EBIT": NaN,
        "Net Income": 97
    },
    "2011-06-30": {
        "Diluted EPS": 0.53,
        "Total Revenue": 633,
        "Gross Profit": 593,
        "Operating Income": 142,
        "EBIT": NaN,
        "Net Income": 95
    },
    "2011-03-31": {
        "Diluted EPS": 0.57,
        "Total Revenue": 641,
        "Gross Profit": 602,
        "Operating Income": 138,
        "EBIT": NaN,
        "Net Income": 102
    },
    "2010-12-31": {
        "Diluted EPS": 0.62,
        "Total Revenue": 660,
        "Gross Profit": 620,
        "Operating Income": 126,
        "EBIT": NaN,
        "Net Income": 96
    },
    "2010-09-30": {
        "Diluted EPS": 0.33,
        "Total Revenue": 642,
        "Gross Profit": 590,
        "Operating Income": 66,
        "EBIT": NaN,
        "Net Income": 59
    },
    "2010-06-30": {
        "Diluted EPS": 0.39,
        "Total Revenue": 670,
        "Gross Profit": 616,
        "Operating Income": 93,
        "EBIT": NaN,
        "Net Income": 69
    },
    "2010-03-31": {
        "Diluted EPS": -0.46,
        "Total Revenue": 670,
        "Gross Profit": 609,
        "Operating Income": 30,
        "EBIT": NaN,
        "Net Income": -71
    },
    "2009-12-31": {
        "Diluted EPS": -0.42,
        "Total Revenue": 693,
        "Gross Profit": 610,
        "Operating Income": -71,
        "EBIT": NaN,
        "Net Income": -62
    },
    "2009-09-30": {
        "Diluted EPS": -0.1,
        "Total Revenue": 826,
        "Gross Profit": 700,
        "Operating Income": -10,
        "EBIT": NaN,
        "Net Income": -16
    },
    "2009-06-30": {
        "Diluted EPS": -0.11,
        "Total Revenue": 850,
        "Gross Profit": 700,
        "Operating Income": -41,
        "EBIT": NaN,
        "Net Income": -16
    },
    "2009-03-31": {
        "Diluted EPS": -0.16,
        "Total Revenue": 786,
        "Gross Profit": 607,
        "Operating Income": 7,
        "EBIT": NaN,
        "Net Income": -24
    },
    "2023-09-30": {
        "Tax Effect Of Unusual Items": NaN,
        "Tax Rate For Calcs": NaN,
        "Total Unusual Items": -10000000.0,
        "Total Unusual Items Excluding Goodwill": -10000000.0,
        "Net Income From Continuing Operation Net Minority Interest": NaN,
        "Reconciled Depreciation": NaN,
        "Net Interest Income": NaN,
        "Interest Expense": NaN,
        "Interest Income": NaN,
        "Normalized Income": NaN,
        "Net Income From Continuing And Discontinued Operation": NaN,
        "Diluted Average Shares": NaN,
        "Basic Average Shares": NaN,
        "Diluted EPS": NaN,
        "Basic EPS": NaN,
        "Diluted NI Availto Com Stockholders": NaN,
        "Net Income Common Stockholders": NaN,
        "Otherunder Preferred Stock Dividend": NaN,
        "Preferred Stock Dividends": NaN,
        "Net Income": NaN,
        "Net Income Including Noncontrolling Interests": NaN,
        "Net Income Continuous Operations": NaN,
        "Tax Provision": NaN,
        "Pretax Income": NaN,
        "Special Income Charges": -10000000.0,
        "Other Special Charges": 10000000.0,
        "Gain On Sale Of Security": NaN,
        "Selling General And Administration": NaN,
        "Selling And Marketing Expense": NaN,
        "General And Administrative Expense": NaN,
        "Insurance And Claims": NaN,
        "Salaries And Wages": NaN,
        "Total Revenue": NaN,
        "Operating Revenue": NaN,
        "Occupancy And Equipment": NaN,
        "Other Non Interest Expense": NaN
    },
    "2023-12-31": {
        "Tax Effect Of Unusual Items": NaN,
        "Tax Rate For Calcs": NaN,
        "Total Unusual Items": -130000000.0,
        "Total Unusual Items Excluding Goodwill": -130000000.0,
        "Net Income From Continuing Operation Net Minority Interest": NaN,
        "Reconciled Depreciation": NaN,
        "Net Interest Income": NaN,
        "Interest Expense": NaN,
        "Interest Income": NaN,
        "Normalized Income": NaN,
        "Net Income From Continuing And Discontinued Operation": NaN,
        "Diluted Average Shares": NaN,
        "Basic Average Shares": NaN,
        "Diluted EPS": NaN,
        "Basic EPS": NaN,
        "Diluted NI Availto Com Stockholders": NaN,
        "Net Income Common Stockholders": NaN,
        "Otherunder Preferred Stock Dividend": NaN,
        "Preferred Stock Dividends": NaN,
        "Net Income": NaN,
        "Net Income Including Noncontrolling Interests": NaN,
        "Net Income Continuous Operations": NaN,
        "Tax Provision": NaN,
        "Pretax Income": NaN,
        "Special Income Charges": -130000000.0,
        "Other Special Charges": 99000000.0,
        "Gain On Sale Of Security": NaN,
        "Selling General And Administration": NaN,
        "Selling And Marketing Expense": NaN,
        "General And Administrative Expense": NaN,
        "Insurance And Claims": NaN,
        "Salaries And Wages": NaN,
        "Total Revenue": NaN,
        "Operating Revenue": NaN,
        "Occupancy And Equipment": NaN,
        "Other Non Interest Expense": NaN
    },
    "2024-03-31": {
        "Tax Effect Of Unusual Items": NaN,
        "Tax Rate For Calcs": NaN,
        "Total Unusual Items": -16000000.0,
        "Total Unusual Items Excluding Goodwill": -16000000.0,
        "Net Income From Continuing Operation Net Minority Interest": NaN,
        "Reconciled Depreciation": NaN,
        "Net Interest Income": NaN,
        "Interest Expense": NaN,
        "Interest Income": NaN,
        "Normalized Income": NaN,
        "Net Income From Continuing And Discontinued Operation": NaN,
        "Diluted Average Shares": NaN,
        "Basic Average Shares": NaN,
        "Diluted EPS": NaN,
        "Basic EPS": NaN,
        "Diluted NI Availto Com Stockholders": NaN,
        "Net Income Common Stockholders": NaN,
        "Otherunder Preferred Stock Dividend": NaN,
        "Preferred Stock Dividends": NaN,
        "Net Income": NaN,
        "Net Income Including Noncontrolling Interests": NaN,
        "Net Income Continuous Operations": NaN,
        "Tax Provision": NaN,
        "Pretax Income": NaN,
        "Special Income Charges": -16000000.0,
        "Other Special Charges": 16000000.0,
        "Gain On Sale Of Security": NaN,
        "Selling General And Administration": NaN,
        "Selling And Marketing Expense": NaN,
        "General And Administrative Expense": NaN,
        "Insurance And Claims": NaN,
        "Salaries And Wages": NaN,
        "Total Revenue": NaN,
        "Operating Revenue": NaN,
        "Occupancy And Equipment": NaN,
        "Other Non Interest Expense": NaN
    },
    "2024-06-30": {
        "Tax Effect Of Unusual Items": NaN,
        "Tax Rate For Calcs": NaN,
        "Total Unusual Items": NaN,
        "Total Unusual Items Excluding Goodwill": NaN,
        "Net Income From Continuing Operation Net Minority Interest": NaN,
        "Reconciled Depreciation": NaN,
        "Net Interest Income": NaN,
        "Interest Expense": NaN,
        "Interest Income": NaN,
        "Normalized Income": NaN,
        "Net Income From Continuing And Discontinued Operation": NaN,
        "Diluted Average Shares": NaN,
        "Basic Average Shares": NaN,
        "Diluted EPS": NaN,
        "Basic EPS": NaN,
        "Diluted NI Availto Com Stockholders": NaN,
        "Net Income Common Stockholders": NaN,
        "Otherunder Preferred Stock Dividend": NaN,
        "Preferred Stock Dividends": 5000000.0,
        "Net Income": NaN,
        "Net Income Including Noncontrolling Interests": NaN,
        "Net Income Continuous Operations": NaN,
        "Tax Provision": NaN,
        "Pretax Income": NaN,
        "Special Income Charges": NaN,
        "Other Special Charges": NaN,
        "Gain On Sale Of Security": NaN,
        "Selling General And Administration": NaN,
        "Selling And Marketing Expense": NaN,
        "General And Administrative Expense": NaN,
        "Insurance And Claims": NaN,
        "Salaries And Wages": NaN,
        "Total Revenue": NaN,
        "Operating Revenue": NaN,
        "Occupancy And Equipment": NaN,
        "Other Non Interest Expense": NaN
    },
    "2024-09-30": {
        "Tax Effect Of Unusual Items": 0.0,
        "Tax Rate For Calcs": 0.217021,
        "Total Unusual Items": NaN,
        "Total Unusual Items Excluding Goodwill": NaN,
        "Net Income From Continuing Operation Net Minority Interest": 184000000.0,
        "Reconciled Depreciation": 23000000.0,
        "Net Interest Income": 534000000.0,
        "Interest Expense": 448000000.0,
        "Interest Income": 982000000.0,
        "Normalized Income": 184000000.0,
        "Net Income From Continuing And Discontinued Operation": 184000000.0,
        "Diluted Average Shares": 134039000.0,
        "Basic Average Shares": 132089552.0,
        "Diluted EPS": 1.33,
        "Basic EPS": 1.34,
        "Diluted NI Availto Com Stockholders": 177000000.0,
        "Net Income Common Stockholders": 177000000.0,
        "Otherunder Preferred Stock Dividend": 1000000.0,
        "Preferred Stock Dividends": 6000000.0,
        "Net Income": 184000000.0,
        "Net Income Including Noncontrolling Interests": 184000000.0,
        "Net Income Continuous Operations": 184000000.0,
        "Tax Provision": 51000000.0,
        "Pretax Income": 235000000.0,
        "Special Income Charges": NaN,
        "Other Special Charges": NaN,
        "Gain On Sale Of Security": 7000000.0,
        "Selling General And Administration": 356000000.0,
        "Selling And Marketing Expense": 10000000.0,
        "General And Administrative Expense": 346000000.0,
        "Insurance And Claims": 11000000.0,
        "Salaries And Wages": 335000000.0,
        "Total Revenue": 811000000.0,
        "Operating Revenue": 811000000.0,
        "Occupancy And Equipment": 59000000.0,
        "Other Non Interest Expense": 147000000.0
    },
    "2024-12-31": {
        "Tax Effect Of Unusual Items": 0.0,
        "Tax Rate For Calcs": 0.21659,
        "Total Unusual Items": NaN,
        "Total Unusual Items Excluding Goodwill": NaN,
        "Net Income From Continuing Operation Net Minority Interest": 170000000.0,
        "Reconciled Depreciation": 26000000.0,
        "Net Interest Income": 575000000.0,
        "Interest Expense": 392000000.0,
        "Interest Income": 967000000.0,
        "Normalized Income": 170000000.0,
        "Net Income From Continuing And Discontinued Operation": 170000000.0,
        "Diluted Average Shares": 133361000.0,
        "Basic Average Shares": 132520325.0,
        "Diluted EPS": 1.22,
        "Basic EPS": 1.23,
        "Diluted NI Availto Com Stockholders": 163000000.0,
        "Net Income Common Stockholders": 163000000.0,
        "Otherunder Preferred Stock Dividend": 1000000.0,
        "Preferred Stock Dividends": 6000000.0,
        "Net Income": 170000000.0,
        "Net Income Including Noncontrolling Interests": 170000000.0,
        "Net Income Continuous Operations": 170000000.0,
        "Tax Provision": 47000000.0,
        "Pretax Income": 217000000.0,
        "Special Income Charges": NaN,
        "Other Special Charges": NaN,
        "Gain On Sale Of Security": -10000000.0,
        "Selling General And Administration": 354000000.0,
        "Selling And Marketing Expense": 11000000.0,
        "General And Administrative Expense": 343000000.0,
        "Insurance And Claims": -3000000.0,
        "Salaries And Wages": 346000000.0,
        "Total Revenue": 825000000.0,
        "Operating Revenue": 825000000.0,
        "Occupancy And Equipment": 61000000.0,
        "Other Non Interest Expense": 159000000.0
    },
    "2025-03-31": {
        "Tax Effect Of Unusual Items": 0.0,
        "Tax Rate For Calcs": 0.235556,
        "Total Unusual Items": NaN,
        "Total Unusual Items Excluding Goodwill": NaN,
        "Net Income From Continuing Operation Net Minority Interest": 172000000.0,
        "Reconciled Depreciation": 25000000.0,
        "Net Interest Income": 575000000.0,
        "Interest Expense": 349000000.0,
        "Interest Income": 924000000.0,
        "Normalized Income": 172000000.0,
        "Net Income From Continuing And Discontinued Operation": 172000000.0,
        "Diluted Average Shares": 132700000.0,
        "Basic Average Shares": 130952381.0,
        "Diluted EPS": 1.25,
        "Basic EPS": 1.26,
        "Diluted NI Availto Com Stockholders": 165000000.0,
        "Net Income Common Stockholders": 165000000.0,
        "Otherunder Preferred Stock Dividend": 1000000.0,
        "Preferred Stock Dividends": 6000000.0,
        "Net Income": 172000000.0,
        "Net Income Including Noncontrolling Interests": 172000000.0,
        "Net Income Continuous Operations": 172000000.0,
        "Tax Provision": 53000000.0,
        "Pretax Income": 225000000.0,
        "Special Income Charges": NaN,
        "Other Special Charges": NaN,
        "Gain On Sale Of Security": 7000000.0,
        "Selling General And Administration": 390000000.0,
        "Selling And Marketing Expense": 8000000.0,
        "General And Administrative Expense": 382000000.0,
        "Insurance And Claims": 14000000.0,
        "Salaries And Wages": 368000000.0,
        "Total Revenue": 829000000.0,
        "Operating Revenue": 829000000.0,
        "Occupancy And Equipment": 59000000.0,
        "Other Non Interest Expense": 135000000.0
    },
    "2025-06-30": {
        "Tax Effect Of Unusual Items": 2397540.983607,
        "Tax Rate For Calcs": 0.184426,
        "Total Unusual Items": 13000000.0,
        "Total Unusual Items Excluding Goodwill": 13000000.0,
        "Net Income From Continuing Operation Net Minority Interest": 199000000.0,
        "Reconciled Depreciation": 25000000.0,
        "Net Interest Income": 575000000.0,
        "Interest Expense": 356000000.0,
        "Interest Income": 931000000.0,
        "Normalized Income": 188397540.983607,
        "Net Income From Continuing And Discontinued Operation": 199000000.0,
        "Diluted Average Shares": 131731000.0,
        "Basic Average Shares": 130769231.0,
        "Diluted EPS": 1.42,
        "Basic EPS": 1.43,
        "Diluted NI Availto Com Stockholders": 187000000.0,
        "Net Income Common Stockholders": 187000000.0,
        "Otherunder Preferred Stock Dividend": 1000000.0,
        "Preferred Stock Dividends": 11000000.0,
        "Net Income": 199000000.0,
        "Net Income Including Noncontrolling Interests": 199000000.0,
        "Net Income Continuous Operations": 199000000.0,
        "Tax Provision": 45000000.0,
        "Pretax Income": 244000000.0,
        "Special Income Charges": 13000000.0,
        "Other Special Charges": -13000000.0,
        "Gain On Sale Of Security": 5000000.0,
        "Selling General And Administration": 380000000.0,
        "Selling And Marketing Expense": 11000000.0,
        "General And Administrative Expense": 369000000.0,
        "Insurance And Claims": 11000000.0,
        "Salaries And Wages": 358000000.0,
        "Total Revenue": 849000000.0,
        "Operating Revenue": 849000000.0,
        "Occupancy And Equipment": 59000000.0,
        "Other Non Interest Expense": 135000000.0
    },
    "2025-09-30": {
        "Tax Effect Of Unusual Items": 0.0,
        "Tax Rate For Calcs": 0.22467,
        "Total Unusual Items": NaN,
        "Total Unusual Items Excluding Goodwill": NaN,
        "Net Income From Continuing Operation Net Minority Interest": 176000000.0,
        "Reconciled Depreciation": 24000000.0,
        "Net Interest Income": 574000000.0,
        "Interest Expense": 372000000.0,
        "Interest Income": 946000000.0,
        "Normalized Income": 176000000.0,
        "Net Income From Continuing And Discontinued Operation": 176000000.0,
        "Diluted Average Shares": 129802000.0,
        "Basic Average Shares": 128676471.0,
        "Diluted EPS": 1.35,
        "Basic EPS": 1.36,
        "Diluted NI Availto Com Stockholders": 175000000.0,
        "Net Income Common Stockholders": 175000000.0,
        "Otherunder Preferred Stock Dividend": 1000000.0,
        "Preferred Stock Dividends": NaN,
        "Net Income": 176000000.0,
        "Net Income Including Noncontrolling Interests": 176000000.0,
        "Net Income Continuous Operations": 176000000.0,
        "Tax Provision": 51000000.0,
        "Pretax Income": 227000000.0,
        "Special Income Charges": NaN,
        "Other Special Charges": NaN,
        "Gain On Sale Of Security": 4000000.0,
        "Selling General And Administration": 373000000.0,
        "Selling And Marketing Expense": 10000000.0,
        "General And Administrative Expense": 363000000.0,
        "Insurance And Claims": 10000000.0,
        "Salaries And Wages": 353000000.0,
        "Total Revenue": 838000000.0,
        "Operating Revenue": 838000000.0,
        "Occupancy And Equipment": 61000000.0,
        "Other Non Interest Expense": 155000000.0
    }
}