{
    "2023-03-31": {
        "Tax Effect Of Unusual Items": NaN,
        "Tax Rate For Calcs": NaN,
        "Normalized EBITDA": NaN,
        "Total Unusual Items": NaN,
        "Total Unusual Items Excluding Goodwill": NaN,
        "Net Income From Continuing Operation Net Minority Interest": NaN,
        "Reconciled Depreciation": NaN,
        "Reconciled Cost Of Revenue": NaN,
        "EBITDA": NaN,
        "EBIT": NaN,
        "Net Interest Income": NaN,
        "Interest Expense": NaN,
        "Normalized Income": NaN,
        "Net Income From Continuing And Discontinued Operation": NaN,
        "Total Expenses": NaN,
        "Total Operating Income As Reported": NaN,
        "Diluted Average Shares": 3712027.0,
        "Basic Average Shares": 3712027.0,
        "Diluted EPS": -22.11,
        "Basic EPS": -22.11,
        "Diluted NI Availto Com Stockholders": NaN,
        "Net Income Common Stockholders": NaN,
        "Net Income": NaN,
        "Net Income Including Noncontrolling Interests": NaN,
        "Net Income Continuous Operations": NaN,
        "Tax Provision": NaN,
        "Pretax Income": NaN,
        "Other Income Expense": NaN,
        "Other Non Operating Income Expenses": NaN,
        "Special Income Charges": NaN,
        "Impairment Of Capital Assets": NaN,
        "Restructuring And Mergern Acquisition": NaN,
        "Gain On Sale Of Security": NaN,
        "Net Non Operating Interest Income Expense": NaN,
        "Interest Expense Non Operating": NaN,
        "Operating Income": NaN,
        "Operating Expense": NaN,
        "Depreciation Amortization Depletion Income Statement": NaN,
        "Depreciation And Amortization In Income Statement": NaN,
        "Selling General And Administration": NaN,
        "Selling And Marketing Expense": NaN,
        "General And Administrative Expense": NaN,
        "Other Gand A": NaN,
        "Gross Profit": NaN,
        "Cost Of Revenue": NaN,
        "Total Revenue": NaN,
        "Operating Revenue": NaN
    },
    "2022-12-31": {
        "Tax Effect Of Unusual Items": NaN,
        "Tax Rate For Calcs": NaN,
        "Normalized EBITDA": NaN,
        "Total Unusual Items": NaN,
        "Total Unusual Items Excluding Goodwill": NaN,
        "Net Income From Continuing Operation Net Minority Interest": NaN,
        "Reconciled Depreciation": NaN,
        "Reconciled Cost Of Revenue": NaN,
        "EBITDA": NaN,
        "EBIT": NaN,
        "Net Interest Income": NaN,
        "Interest Expense": NaN,
        "Normalized Income": NaN,
        "Net Income From Continuing And Discontinued Operation": NaN,
        "Total Expenses": NaN,
        "Total Operating Income As Reported": NaN,
        "Diluted Average Shares": NaN,
        "Basic Average Shares": NaN,
        "Diluted EPS": NaN,
        "Basic EPS": NaN,
        "Diluted NI Availto Com Stockholders": NaN,
        "Net Income Common Stockholders": NaN,
        "Net Income": NaN,
        "Net Income Including Noncontrolling Interests": NaN,
        "Net Income Continuous Operations": NaN,
        "Tax Provision": NaN,
        "Pretax Income": NaN,
        "Other Income Expense": NaN,
        "Other Non Operating Income Expenses": NaN,
        "Special Income Charges": NaN,
        "Other Special Charges": 0.0,
        "Impairment Of Capital Assets": NaN,
        "Restructuring And Mergern Acquisition": NaN,
        "Gain On Sale Of Security": NaN,
        "Net Non Operating Interest Income Expense": NaN,
        "Interest Expense Non Operating": NaN,
        "Operating Income": NaN,
        "Operating Expense": NaN,
        "Depreciation Amortization Depletion Income Statement": NaN,
        "Depreciation And Amortization In Income Statement": NaN,
        "Selling General And Administration": NaN,
        "Selling And Marketing Expense": NaN,
        "General And Administrative Expense": NaN,
        "Other Gand A": NaN,
        "Gross Profit": NaN,
        "Cost Of Revenue": NaN,
        "Total Revenue": NaN,
        "Operating Revenue": NaN
    },
    "2022-09-30": {
        "Tax Effect Of Unusual Items": -3130000.0,
        "Tax Rate For Calcs": 0.4,
        "Normalized EBITDA": -3398000.0,
        "Total Unusual Items": -7825000.0,
        "Total Unusual Items Excluding Goodwill": -7825000.0,
        "Net Income From Continuing Operation Net Minority Interest": -22053000.0,
        "Reconciled Depreciation": 4573000.0,
        "Reconciled Cost Of Revenue": 137113000.0,
        "EBITDA": -11223000.0,
        "EBIT": -15796000.0,
        "Net Interest Income": -6076000.0,
        "Interest Expense": 6076000.0,
        "Normalized Income": -17358000.0,
        "Net Income From Continuing And Discontinued Operation": -22053000.0,
        "Total Expenses": 165728000.0,
        "Total Operating Income As Reported": -8552000.0,
        "Diluted Average Shares": 87408605.0,
        "Basic Average Shares": 87408605.0,
        "Diluted EPS": -0.25,
        "Basic EPS": -0.25,
        "Diluted NI Availto Com Stockholders": -22053000.0,
        "Net Income Common Stockholders": -22053000.0,
        "Net Income": -22053000.0,
        "Net Income Including Noncontrolling Interests": -22053000.0,
        "Net Income Continuous Operations": -22053000.0,
        "Tax Provision": 181000.0,
        "Pretax Income": -21872000.0,
        "Other Income Expense": -7738000.0,
        "Other Non Operating Income Expenses": 87000.0,
        "Special Income Charges": -494000.0,
        "Gain On Sale Of Ppe": NaN,
        "Other Special Charges": NaN,
        "Impairment Of Capital Assets": NaN,
        "Restructuring And Mergern Acquisition": 494000.0,
        "Gain On Sale Of Security": -7331000.0,
        "Net Non Operating Interest Income Expense": -6076000.0,
        "Interest Expense Non Operating": 6076000.0,
        "Operating Income": -8058000.0,
        "Operating Expense": 28615000.0,
        "Depreciation Amortization Depletion Income Statement": 4573000.0,
        "Depreciation And Amortization In Income Statement": 4573000.0,
        "Selling General And Administration": 24042000.0,
        "Selling And Marketing Expense": 2355000.0,
        "General And Administrative Expense": 21687000.0,
        "Other Gand A": 21687000.0,
        "Gross Profit": 20557000.0,
        "Cost Of Revenue": 137113000.0,
        "Total Revenue": 157670000.0,
        "Operating Revenue": 157670000.0
    },
    "2022-06-30": {
        "Tax Effect Of Unusual Items": -3584400.0,
        "Tax Rate For Calcs": 0.4,
        "Normalized EBITDA": 8551000.0,
        "Total Unusual Items": -8961000.0,
        "Total Unusual Items Excluding Goodwill": -8961000.0,
        "Net Income From Continuing Operation Net Minority Interest": -9381000.0,
        "Reconciled Depreciation": 4903000.0,
        "Reconciled Cost Of Revenue": 150712000.0,
        "EBITDA": -410000.0,
        "EBIT": -5313000.0,
        "Net Interest Income": -3896000.0,
        "Interest Expense": 3896000.0,
        "Normalized Income": -4004400.0,
        "Net Income From Continuing And Discontinued Operation": -9381000.0,
        "Total Expenses": 175977000.0,
        "Total Operating Income As Reported": -6488000.0,
        "Diluted Average Shares": 87422917.0,
        "Basic Average Shares": 87422917.0,
        "Diluted EPS": -0.11,
        "Basic EPS": -0.11,
        "Diluted NI Availto Com Stockholders": -9381000.0,
        "Net Income Common Stockholders": -9381000.0,
        "Net Income": -9381000.0,
        "Net Income Including Noncontrolling Interests": -9381000.0,
        "Net Income Continuous Operations": -9381000.0,
        "Tax Provision": 171000.0,
        "Pretax Income": -9209000.0,
        "Other Income Expense": -1615000.0,
        "Other Non Operating Income Expenses": 7346000.0,
        "Special Income Charges": -8961000.0,
        "Gain On Sale Of Ppe": NaN,
        "Other Special Charges": 6172000.0,
        "Impairment Of Capital Assets": NaN,
        "Restructuring And Mergern Acquisition": 2789000.0,
        "Gain On Sale Of Security": NaN,
        "Net Non Operating Interest Income Expense": -3896000.0,
        "Interest Expense Non Operating": 3896000.0,
        "Operating Income": -3698000.0,
        "Operating Expense": 25265000.0,
        "Depreciation Amortization Depletion Income Statement": 4903000.0,
        "Depreciation And Amortization In Income Statement": 4903000.0,
        "Selling General And Administration": 20362000.0,
        "Selling And Marketing Expense": 2299000.0,
        "General And Administrative Expense": 18063000.0,
        "Other Gand A": 18063000.0,
        "Gross Profit": 21567000.0,
        "Cost Of Revenue": 150712000.0,
        "Total Revenue": 172279000.0,
        "Operating Revenue": 172279000.0
    },
    "2022-03-31": {
        "Diluted EPS": -0.19,
        "Total Revenue": 137,
        "Gross Profit": 17,
        "Operating Income": -11,
        "EBIT": -5,
        "Net Income": -17
    },
    "2021-12-31": {
        "Diluted EPS": -0.4,
        "Total Revenue": 118,
        "Gross Profit": 16,
        "Operating Income": -10,
        "EBIT": -3,
        "Net Income": -4
    },
    "2021-09-30": {
        "Diluted EPS": -0.18,
        "Total Revenue": 105,
        "Gross Profit": 10,
        "Operating Income": -11,
        "EBIT": -6,
        "Net Income": -14
    },
    "2021-06-30": {
        "Diluted EPS": 0.33,
        "Total Revenue": 45,
        "Gross Profit": 2,
        "Operating Income": -10,
        "EBIT": -8,
        "Net Income": 10
    },
    "2021-03-31": {
        "Diluted EPS": 0.12,
        "Total Revenue": 28,
        "Gross Profit": 4,
        "Operating Income": 2,
        "EBIT": 2,
        "Net Income": 1
    },
    "2020-12-31": {
        "Diluted EPS": 0.0,
        "Total Revenue": NaN,
        "Gross Profit": NaN,
        "Operating Income": NaN,
        "EBIT": NaN,
        "Net Income": NaN
    },
    "2020-09-30": {
        "Diluted EPS": -0.03,
        "Total Revenue": 24,
        "Gross Profit": 3,
        "Operating Income": 0,
        "EBIT": 0,
        "Net Income": 0
    },
    "2020-06-30": {
        "Diluted EPS": 0.31,
        "Total Revenue": 26,
        "Gross Profit": 6,
        "Operating Income": 4,
        "EBIT": 4,
        "Net Income": 3
    },
    "2023-06-30": {
        "Tax Effect Of Unusual Items": -3315060.0,
        "Tax Rate For Calcs": 0.21,
        "Normalized EBITDA": 6728000.0,
        "Total Unusual Items": -15786000.0,
        "Total Unusual Items Excluding Goodwill": -15786000.0,
        "Net Income From Continuing Operation Net Minority Interest": -32376000.0,
        "Reconciled Depreciation": 9945000.0,
        "Reconciled Cost Of Revenue": 194070000.0,
        "EBITDA": -9058000.0,
        "EBIT": -19003000.0,
        "Net Interest Income": -13197000.0,
        "Interest Expense": 13197000.0,
        "Normalized Income": -19905060.0,
        "Net Income From Continuing And Discontinued Operation": -32376000.0,
        "Total Expenses": 228191000.0,
        "Total Operating Income As Reported": -3750000.0,
        "Diluted Average Shares": 3722377.0,
        "Basic Average Shares": 3722377.0,
        "Diluted EPS": -8.7,
        "Basic EPS": -8.7,
        "Diluted NI Availto Com Stockholders": -32376000.0,
        "Net Income Common Stockholders": -32376000.0,
        "Net Income": -32376000.0,
        "Net Income Including Noncontrolling Interests": -32376000.0,
        "Net Income Continuous Operations": -32376000.0,
        "Tax Provision": 177000.0,
        "Pretax Income": -32200000.0,
        "Other Income Expense": -15252000.0,
        "Other Non Operating Income Expenses": 534000.0,
        "Special Income Charges": -16220000.0,
        "Impairment Of Capital Assets": 0.0,
        "Restructuring And Mergern Acquisition": 16220000.0,
        "Gain On Sale Of Security": 434000.0,
        "Net Non Operating Interest Income Expense": -13197000.0,
        "Interest Expense Non Operating": 13197000.0,
        "Operating Income": -3751000.0,
        "Operating Expense": 31004000.0,
        "Depreciation Amortization Depletion Income Statement": 6828000.0,
        "Depreciation And Amortization In Income Statement": 6828000.0,
        "Selling General And Administration": 24176000.0,
        "Selling And Marketing Expense": 3327000.0,
        "General And Administrative Expense": 20849000.0,
        "Other Gand A": 20849000.0,
        "Gross Profit": 27253000.0,
        "Cost Of Revenue": 197187000.0,
        "Total Revenue": 224440000.0,
        "Operating Revenue": 207746000.0
    },
    "2023-09-30": {
        "Tax Effect Of Unusual Items": -157168.0,
        "Tax Rate For Calcs": 0.002,
        "Normalized EBITDA": -499000.0,
        "Total Unusual Items": -78584000.0,
        "Total Unusual Items Excluding Goodwill": -78584000.0,
        "Net Income From Continuing Operation Net Minority Interest": -103123000.0,
        "Reconciled Depreciation": 9863000.0,
        "Reconciled Cost Of Revenue": 179935000.0,
        "EBITDA": -79083000.0,
        "EBIT": -88946000.0,
        "Net Interest Income": -14000000.0,
        "Interest Expense": 14000000.0,
        "Normalized Income": -24696168.0,
        "Net Income From Continuing And Discontinued Operation": -103123000.0,
        "Total Expenses": 212581000.0,
        "Total Operating Income As Reported": -90772000.0,
        "Diluted Average Shares": 3736171.0,
        "Basic Average Shares": 3736171.0,
        "Diluted EPS": -27.6,
        "Basic EPS": -27.6,
        "Diluted NI Availto Com Stockholders": -103123000.0,
        "Net Income Common Stockholders": -103123000.0,
        "Net Income": -103123000.0,
        "Net Income Including Noncontrolling Interests": -103123000.0,
        "Net Income Continuous Operations": -103123000.0,
        "Tax Provision": 177000.0,
        "Pretax Income": -102946000.0,
        "Other Income Expense": -78208000.0,
        "Other Non Operating Income Expenses": 376000.0,
        "Special Income Charges": -80034000.0,
        "Impairment Of Capital Assets": 80000000.0,
        "Restructuring And Mergern Acquisition": 34000.0,
        "Gain On Sale Of Security": 1450000.0,
        "Net Non Operating Interest Income Expense": -14000000.0,
        "Interest Expense Non Operating": 14000000.0,
        "Operating Income": -10738000.0,
        "Operating Expense": 29616000.0,
        "Depreciation Amortization Depletion Income Statement": 6833000.0,
        "Depreciation And Amortization In Income Statement": 6833000.0,
        "Selling General And Administration": 22783000.0,
        "Selling And Marketing Expense": 3501000.0,
        "General And Administrative Expense": 19282000.0,
        "Other Gand A": 19282000.0,
        "Gross Profit": 18878000.0,
        "Cost Of Revenue": 182965000.0,
        "Total Revenue": 201843000.0,
        "Operating Revenue": 186122000.0
    },
    "2023-12-31": {
        "Tax Effect Of Unusual Items": -1099602.076791,
        "Tax Rate For Calcs": 0.002986,
        "Normalized EBITDA": -72193000.0,
        "Total Unusual Items": -368239000.0,
        "Total Unusual Items Excluding Goodwill": -368239000.0,
        "Net Income From Continuing Operation Net Minority Interest": -465767000.0,
        "Reconciled Depreciation": 10205000.0,
        "Reconciled Cost Of Revenue": 205094000.0,
        "EBITDA": -440432000.0,
        "EBIT": -450637000.0,
        "Net Interest Income": -16526000.0,
        "Interest Expense": 16526000.0,
        "Normalized Income": -98627602.076791,
        "Net Income From Continuing And Discontinued Operation": -465767000.0,
        "Total Expenses": 235643000.0,
        "Total Operating Income As Reported": -453007000.0,
        "Diluted Average Shares": NaN,
        "Basic Average Shares": NaN,
        "Diluted EPS": NaN,
        "Basic EPS": NaN,
        "Diluted NI Availto Com Stockholders": -465767000.0,
        "Net Income Common Stockholders": -465767000.0,
        "Net Income": -465767000.0,
        "Net Income Including Noncontrolling Interests": -465767000.0,
        "Net Income Continuous Operations": -465767000.0,
        "Tax Provision": -1395000.0,
        "Pretax Income": -467163000.0,
        "Other Income Expense": -366829000.0,
        "Other Non Operating Income Expenses": 1410000.0,
        "Special Income Charges": -369200000.0,
        "Impairment Of Capital Assets": 369200000.0,
        "Restructuring And Mergern Acquisition": 0.0,
        "Gain On Sale Of Security": 961000.0,
        "Net Non Operating Interest Income Expense": -16526000.0,
        "Interest Expense Non Operating": 16526000.0,
        "Operating Income": -83808000.0,
        "Operating Expense": 27894000.0,
        "Depreciation Amortization Depletion Income Statement": 7550000.0,
        "Depreciation And Amortization In Income Statement": 7550000.0,
        "Selling General And Administration": 20344000.0,
        "Selling And Marketing Expense": 3681000.0,
        "General And Administrative Expense": 16663000.0,
        "Other Gand A": 16663000.0,
        "Gross Profit": -55914000.0,
        "Cost Of Revenue": 207749000.0,
        "Total Revenue": 151835000.0,
        "Operating Revenue": 142337000.0
    },
    "2024-03-31": {
        "Tax Effect Of Unusual Items": -500010.0,
        "Tax Rate For Calcs": 0.21,
        "Normalized EBITDA": -11715000.0,
        "Total Unusual Items": -2381000.0,
        "Total Unusual Items Excluding Goodwill": -2381000.0,
        "Net Income From Continuing Operation Net Minority Interest": -43408000.0,
        "Reconciled Depreciation": 9380000.0,
        "Reconciled Cost Of Revenue": 221399000.0,
        "EBITDA": -14096000.0,
        "EBIT": -23476000.0,
        "Net Interest Income": -19756000.0,
        "Interest Expense": 19756000.0,
        "Normalized Income": -41527010.0,
        "Net Income From Continuing And Discontinued Operation": -43408000.0,
        "Total Expenses": 253951000.0,
        "Total Operating Income As Reported": -21705000.0,
        "Diluted Average Shares": 3778600.0,
        "Basic Average Shares": 3778600.0,
        "Diluted EPS": -11.49,
        "Basic EPS": -11.49,
        "Diluted NI Availto Com Stockholders": -43408000.0,
        "Net Income Common Stockholders": -43408000.0,
        "Net Income": -43408000.0,
        "Net Income Including Noncontrolling Interests": -43408000.0,
        "Net Income Continuous Operations": -43408000.0,
        "Tax Provision": 177000.0,
        "Pretax Income": -43232000.0,
        "Other Income Expense": -1771000.0,
        "Other Non Operating Income Expenses": 610000.0,
        "Special Income Charges": 0.0,
        "Impairment Of Capital Assets": 0.0,
        "Restructuring And Mergern Acquisition": 0.0,
        "Gain On Sale Of Security": -2381000.0,
        "Net Non Operating Interest Income Expense": -19756000.0,
        "Interest Expense Non Operating": 19756000.0,
        "Operating Income": -21705000.0,
        "Operating Expense": 29877000.0,
        "Depreciation Amortization Depletion Income Statement": 6705000.0,
        "Depreciation And Amortization In Income Statement": 6705000.0,
        "Selling General And Administration": 23172000.0,
        "Selling And Marketing Expense": 3064000.0,
        "General And Administrative Expense": 20108000.0,
        "Other Gand A": 20108000.0,
        "Gross Profit": 8172000.0,
        "Cost Of Revenue": 224074000.0,
        "Total Revenue": 232246000.0,
        "Operating Revenue": 224970000.0
    },
    "2024-06-30": {
        "Tax Effect Of Unusual Items": -27433350.0,
        "Tax Rate For Calcs": 0.21,
        "Normalized EBITDA": -10206000.0,
        "Total Unusual Items": -130635000.0,
        "Total Unusual Items Excluding Goodwill": -130635000.0,
        "Net Income From Continuing Operation Net Minority Interest": -170558000.0,
        "Reconciled Depreciation": 9163000.0,
        "Reconciled Cost Of Revenue": 193057000.0,
        "EBITDA": -140841000.0,
        "EBIT": -150004000.0,
        "Net Interest Income": -20376000.0,
        "Interest Expense": 20376000.0,
        "Normalized Income": -67356350.0,
        "Net Income From Continuing And Discontinued Operation": -170558000.0,
        "Total Expenses": 218378000.0,
        "Total Operating Income As Reported": -152741000.0,
        "Diluted Average Shares": 3807551.0,
        "Basic Average Shares": 3807551.0,
        "Diluted EPS": -44.79,
        "Basic EPS": -44.79,
        "Diluted NI Availto Com Stockholders": -170558000.0,
        "Net Income Common Stockholders": -170558000.0,
        "Net Income": -170558000.0,
        "Net Income Including Noncontrolling Interests": -170558000.0,
        "Net Income Continuous Operations": -170558000.0,
        "Tax Provision": 177000.0,
        "Pretax Income": -170380000.0,
        "Other Income Expense": -130253000.0,
        "Other Non Operating Income Expenses": 382000.0,
        "Special Income Charges": -132990000.0,
        "Impairment Of Capital Assets": 132990000.0,
        "Restructuring And Mergern Acquisition": 0.0,
        "Gain On Sale Of Security": 2355000.0,
        "Net Non Operating Interest Income Expense": -20376000.0,
        "Interest Expense Non Operating": 20376000.0,
        "Operating Income": -19751000.0,
        "Operating Expense": 22670000.0,
        "Depreciation Amortization Depletion Income Statement": 6512000.0,
        "Depreciation And Amortization In Income Statement": 6512000.0,
        "Selling General And Administration": 16158000.0,
        "Selling And Marketing Expense": 1378000.0,
        "General And Administrative Expense": 14780000.0,
        "Other Gand A": 14780000.0,
        "Gross Profit": 2919000.0,
        "Cost Of Revenue": 195708000.0,
        "Total Revenue": 198627000.0,
        "Operating Revenue": 192412000.0
    }
}