{
    "2023-03-31": {
        "Tax Effect Of Unusual Items": 0.0,
        "Tax Rate For Calcs": 0.112,
        "Normalized EBITDA": 7506000.0,
        "Net Income From Continuing Operation Net Minority Interest": 4276000.0,
        "Reconciled Depreciation": 2095000.0,
        "Reconciled Cost Of Revenue": 37142000.0,
        "EBITDA": 7506000.0,
        "EBIT": 5411000.0,
        "Net Interest Income": -597000.0,
        "Interest Expense": 597000.0,
        "Normalized Income": 4276000.0,
        "Net Income From Continuing And Discontinued Operation": 4276000.0,
        "Total Expenses": 71836000.0,
        "Total Operating Income As Reported": 5565000.0,
        "Diluted Average Shares": 28452855.0,
        "Basic Average Shares": 27341013.0,
        "Diluted EPS": 0.15,
        "Basic EPS": 0.16,
        "Diluted NI Availto Com Stockholders": 4276000.0,
        "Net Income Common Stockholders": 4276000.0,
        "Net Income": 4276000.0,
        "Net Income Including Noncontrolling Interests": 4276000.0,
        "Net Income Continuous Operations": 4276000.0,
        "Tax Provision": 538000.0,
        "Pretax Income": 4814000.0,
        "Other Income Expense": -154000.0,
        "Other Non Operating Income Expenses": -154000.0,
        "Net Non Operating Interest Income Expense": -597000.0,
        "Interest Expense Non Operating": 597000.0,
        "Operating Income": 5565000.0,
        "Operating Expense": 34095000.0,
        "Depreciation Amortization Depletion Income Statement": 1496000.0,
        "Depreciation And Amortization In Income Statement": 1496000.0,
        "Research And Development": 14262000.0,
        "Selling General And Administration": 18337000.0,
        "Selling And Marketing Expense": 11670000.0,
        "General And Administrative Expense": 6667000.0,
        "Other Gand A": 6667000.0,
        "Gross Profit": 39660000.0,
        "Cost Of Revenue": 37741000.0,
        "Total Revenue": 77401000.0,
        "Operating Revenue": 77401000.0
    },
    "2022-12-31": {
        "Tax Effect Of Unusual Items": 0.0,
        "Tax Rate For Calcs": 0.21,
        "Normalized EBITDA": 11407000.0,
        "Net Income From Continuing Operation Net Minority Interest": 10011000.0,
        "Reconciled Depreciation": 1972000.0,
        "Reconciled Cost Of Revenue": 42641000.0,
        "EBITDA": 11407000.0,
        "EBIT": 9435000.0,
        "Net Interest Income": -559000.0,
        "Interest Expense": 559000.0,
        "Normalized Income": 10011000.0,
        "Net Income From Continuing And Discontinued Operation": 10011000.0,
        "Total Expenses": 75057000.0,
        "Total Operating Income As Reported": 9450000.0,
        "Diluted Average Shares": 28273786.0,
        "Basic Average Shares": 27109926.0,
        "Diluted EPS": 0.35,
        "Basic EPS": 0.37,
        "Diluted NI Availto Com Stockholders": 10011000.0,
        "Net Income Common Stockholders": 10011000.0,
        "Net Income": 10011000.0,
        "Net Income Including Noncontrolling Interests": 10011000.0,
        "Net Income Continuous Operations": 10011000.0,
        "Tax Provision": -1135000.0,
        "Pretax Income": 8876000.0,
        "Other Income Expense": -15000.0,
        "Other Non Operating Income Expenses": -15000.0,
        "Net Non Operating Interest Income Expense": -559000.0,
        "Interest Expense Non Operating": 559000.0,
        "Operating Income": 9450000.0,
        "Operating Expense": 31919000.0,
        "Depreciation Amortization Depletion Income Statement": 1475000.0,
        "Depreciation And Amortization In Income Statement": 1475000.0,
        "Research And Development": 15440000.0,
        "Selling General And Administration": 15004000.0,
        "Selling And Marketing Expense": 12958000.0,
        "General And Administrative Expense": 2046000.0,
        "Other Gand A": 2046000.0,
        "Gross Profit": 41369000.0,
        "Cost Of Revenue": 43138000.0,
        "Total Revenue": 84507000.0,
        "Operating Revenue": 84507000.0
    },
    "2022-09-30": {
        "Tax Effect Of Unusual Items": NaN,
        "Tax Rate For Calcs": NaN,
        "Normalized EBITDA": NaN,
        "Net Income From Continuing Operation Net Minority Interest": NaN,
        "Reconciled Depreciation": NaN,
        "Reconciled Cost Of Revenue": NaN,
        "EBITDA": NaN,
        "EBIT": NaN,
        "Net Interest Income": NaN,
        "Interest Expense": NaN,
        "Normalized Income": NaN,
        "Net Income From Continuing And Discontinued Operation": NaN,
        "Total Expenses": NaN,
        "Total Operating Income As Reported": NaN,
        "Diluted Average Shares": NaN,
        "Basic Average Shares": NaN,
        "Diluted EPS": NaN,
        "Basic EPS": NaN,
        "Diluted NI Availto Com Stockholders": NaN,
        "Net Income Common Stockholders": NaN,
        "Net Income": NaN,
        "Net Income Including Noncontrolling Interests": NaN,
        "Net Income Continuous Operations": NaN,
        "Tax Provision": NaN,
        "Pretax Income": NaN,
        "Other Income Expense": NaN,
        "Other Non Operating Income Expenses": NaN,
        "Net Non Operating Interest Income Expense": NaN,
        "Interest Expense Non Operating": NaN,
        "Operating Income": NaN,
        "Operating Expense": NaN,
        "Depreciation Amortization Depletion Income Statement": NaN,
        "Depreciation And Amortization In Income Statement": NaN,
        "Research And Development": NaN,
        "Selling General And Administration": NaN,
        "Selling And Marketing Expense": NaN,
        "General And Administrative Expense": NaN,
        "Other Gand A": NaN,
        "Salaries And Wages": 1551000.0,
        "Gross Profit": NaN,
        "Cost Of Revenue": NaN,
        "Total Revenue": NaN,
        "Operating Revenue": NaN
    },
    "2022-06-30": {
        "Tax Effect Of Unusual Items": 0.0,
        "Tax Rate For Calcs": 0.189,
        "Normalized EBITDA": 4940000.0,
        "Net Income From Continuing Operation Net Minority Interest": 2322000.0,
        "Reconciled Depreciation": 1904000.0,
        "Reconciled Cost Of Revenue": 35487000.0,
        "EBITDA": 4940000.0,
        "EBIT": 3036000.0,
        "Net Interest Income": -407000.0,
        "Interest Expense": 407000.0,
        "Normalized Income": 2322000.0,
        "Net Income From Continuing And Discontinued Operation": 2322000.0,
        "Total Expenses": 66631000.0,
        "Total Operating Income As Reported": 2665000.0,
        "Diluted Average Shares": 27588772.0,
        "Basic Average Shares": 26836853.0,
        "Diluted EPS": 0.08,
        "Basic EPS": 0.09,
        "Diluted NI Availto Com Stockholders": 2322000.0,
        "Net Income Common Stockholders": 2322000.0,
        "Net Income": 2322000.0,
        "Net Income Including Noncontrolling Interests": 2322000.0,
        "Net Income Continuous Operations": 2322000.0,
        "Tax Provision": 307000.0,
        "Pretax Income": 2629000.0,
        "Other Income Expense": 371000.0,
        "Other Non Operating Income Expenses": 371000.0,
        "Net Non Operating Interest Income Expense": -407000.0,
        "Interest Expense Non Operating": 407000.0,
        "Operating Income": 2665000.0,
        "Operating Expense": 30774000.0,
        "Depreciation Amortization Depletion Income Statement": 1534000.0,
        "Depreciation And Amortization In Income Statement": 1534000.0,
        "Research And Development": 10576000.0,
        "Selling General And Administration": 18664000.0,
        "Selling And Marketing Expense": 10579000.0,
        "General And Administrative Expense": 8085000.0,
        "Other Gand A": 8085000.0,
        "Salaries And Wages": NaN,
        "Gross Profit": 33439000.0,
        "Cost Of Revenue": 35857000.0,
        "Total Revenue": 69296000.0,
        "Operating Revenue": 69296000.0
    },
    "2023-06-30": {
        "Tax Effect Of Unusual Items": 0.0,
        "Tax Rate For Calcs": 0.2104,
        "Normalized EBITDA": -545000.0,
        "Net Income From Continuing Operation Net Minority Interest": -2642000.0,
        "Reconciled Depreciation": 2222000.0,
        "Reconciled Cost Of Revenue": 29651000.0,
        "EBITDA": -545000.0,
        "EBIT": -2767000.0,
        "Net Interest Income": -579000.0,
        "Interest Expense": 579000.0,
        "Normalized Income": -2642000.0,
        "Net Income From Continuing And Discontinued Operation": -2642000.0,
        "Total Expenses": 62245000.0,
        "Total Operating Income As Reported": -2703000.0,
        "Diluted Average Shares": 27432705.0,
        "Basic Average Shares": 27432705.0,
        "Diluted EPS": -0.1,
        "Basic EPS": -0.1,
        "Diluted NI Availto Com Stockholders": -2642000.0,
        "Net Income Common Stockholders": -2642000.0,
        "Net Income": -2642000.0,
        "Net Income Including Noncontrolling Interests": -2642000.0,
        "Net Income Continuous Operations": -2642000.0,
        "Tax Provision": -704000.0,
        "Pretax Income": -3346000.0,
        "Other Income Expense": -64000.0,
        "Other Non Operating Income Expenses": -64000.0,
        "Net Non Operating Interest Income Expense": -579000.0,
        "Interest Expense Non Operating": 579000.0,
        "Operating Income": -2703000.0,
        "Operating Expense": 31945000.0,
        "Depreciation Amortization Depletion Income Statement": 1573000.0,
        "Depreciation And Amortization In Income Statement": 1573000.0,
        "Research And Development": 13008000.0,
        "Selling General And Administration": 17364000.0,
        "Selling And Marketing Expense": 11528000.0,
        "General And Administrative Expense": 5836000.0,
        "Other Gand A": 5836000.0,
        "Gross Profit": 29242000.0,
        "Cost Of Revenue": 30300000.0,
        "Total Revenue": 59542000.0,
        "Operating Revenue": 59542000.0
    },
    "2022-03-31": {
        "Diluted EPS": -0.06,
        "Total Revenue": 62,
        "Gross Profit": 29,
        "Operating Income": -2,
        "EBIT": 0,
        "Net Income": -2
    },
    "2021-12-31": {
        "Diluted EPS": 0.05,
        "Total Revenue": 79,
        "Gross Profit": 35,
        "Operating Income": 3,
        "EBIT": 5,
        "Net Income": 1
    },
    "2021-09-30": {
        "Diluted EPS": 0.16,
        "Total Revenue": 76,
        "Gross Profit": 36,
        "Operating Income": 6,
        "EBIT": 8,
        "Net Income": 5
    },
    "2021-06-30": {
        "Diluted EPS": 0.4,
        "Total Revenue": 93,
        "Gross Profit": 46,
        "Operating Income": 14,
        "EBIT": 16,
        "Net Income": 12
    },
    "2021-03-31": {
        "Diluted EPS": 0.7,
        "Total Revenue": 89,
        "Gross Profit": 44,
        "Operating Income": 13,
        "EBIT": 15,
        "Net Income": 20
    },
    "2020-12-31": {
        "Diluted EPS": 0.39,
        "Total Revenue": 83,
        "Gross Profit": 42,
        "Operating Income": 11,
        "EBIT": 13,
        "Net Income": 11
    },
    "2020-09-30": {
        "Diluted EPS": 0.21,
        "Total Revenue": 73,
        "Gross Profit": 36,
        "Operating Income": 7,
        "EBIT": 9,
        "Net Income": 6
    },
    "2020-06-30": {
        "Diluted EPS": 0.13,
        "Total Revenue": 62,
        "Gross Profit": 30,
        "Operating Income": 5,
        "EBIT": 7,
        "Net Income": 3
    },
    "2020-03-31": {
        "Diluted EPS": -0.03,
        "Total Revenue": 60,
        "Gross Profit": 31,
        "Operating Income": 0,
        "EBIT": 2,
        "Net Income": -1
    },
    "2019-12-31": {
        "Diluted EPS": 0.36,
        "Total Revenue": 64,
        "Gross Profit": 33,
        "Operating Income": 2,
        "EBIT": 4,
        "Net Income": -1
    },
    "2019-09-30": {
        "Diluted EPS": 0.08,
        "Total Revenue": 66,
        "Gross Profit": 32,
        "Operating Income": 4,
        "EBIT": 6,
        "Net Income": 2
    },
    "2019-06-30": {
        "Diluted EPS": -1.47,
        "Total Revenue": 69,
        "Gross Profit": 34,
        "Operating Income": -9,
        "EBIT": -8,
        "Net Income": -20
    },
    "2019-03-31": {
        "Diluted EPS": 0.14,
        "Total Revenue": 68,
        "Gross Profit": 32,
        "Operating Income": 5,
        "EBIT": 6,
        "Net Income": 2
    },
    "2018-12-31": {
        "Diluted EPS": 0.0,
        "Total Revenue": NaN,
        "Gross Profit": NaN,
        "Operating Income": NaN,
        "EBIT": NaN,
        "Net Income": NaN
    },
    "2018-09-30": {
        "Diluted EPS": -0.19,
        "Total Revenue": 59,
        "Gross Profit": 28,
        "Operating Income": -1,
        "EBIT": 2,
        "Net Income": -3
    },
    "2018-06-30": {
        "Diluted EPS": 0.04,
        "Total Revenue": 61,
        "Gross Profit": 29,
        "Operating Income": 3,
        "EBIT": 3,
        "Net Income": 1
    },
    "2017-12-31": {
        "Diluted EPS": 0.0,
        "Total Revenue": NaN,
        "Gross Profit": NaN,
        "Operating Income": NaN,
        "EBIT": NaN,
        "Net Income": NaN
    },
    "2023-09-30": {
        "Tax Effect Of Unusual Items": 0.0,
        "Tax Rate For Calcs": 0.21,
        "Normalized EBITDA": -19869000.0,
        "Net Income From Continuing Operation Net Minority Interest": -26200000.0,
        "Reconciled Depreciation": 2294000.0,
        "Reconciled Cost Of Revenue": 31338000.0,
        "EBITDA": -19869000.0,
        "EBIT": -22163000.0,
        "Net Interest Income": -620000.0,
        "Interest Expense": 620000.0,
        "Normalized Income": -26200000.0,
        "Net Income From Continuing And Discontinued Operation": -26200000.0,
        "Total Expenses": 65146000.0,
        "Total Operating Income As Reported": -22100000.0,
        "Diluted Average Shares": 27619281.0,
        "Basic Average Shares": 27619281.0,
        "Diluted EPS": -0.95,
        "Basic EPS": -0.95,
        "Diluted NI Availto Com Stockholders": -26200000.0,
        "Net Income Common Stockholders": -26200000.0,
        "Net Income": -26200000.0,
        "Net Income Including Noncontrolling Interests": -26200000.0,
        "Net Income Continuous Operations": -26200000.0,
        "Tax Provision": 3417000.0,
        "Pretax Income": -22783000.0,
        "Other Income Expense": -63000.0,
        "Other Non Operating Income Expenses": -63000.0,
        "Net Non Operating Interest Income Expense": -620000.0,
        "Interest Expense Non Operating": 620000.0,
        "Operating Income": -22100000.0,
        "Operating Expense": 33059000.0,
        "Depreciation Amortization Depletion Income Statement": 1545000.0,
        "Depreciation And Amortization In Income Statement": 1545000.0,
        "Research And Development": 13151000.0,
        "Selling General And Administration": 18363000.0,
        "Selling And Marketing Expense": 9675000.0,
        "General And Administrative Expense": 8688000.0,
        "Other Gand A": 8688000.0,
        "Gross Profit": 10959000.0,
        "Cost Of Revenue": 32087000.0,
        "Total Revenue": 43046000.0,
        "Operating Revenue": 43046000.0
    },
    "2023-12-31": {
        "Tax Effect Of Unusual Items": 0.0,
        "Tax Rate For Calcs": 0.21,
        "Normalized EBITDA": -39192000.0,
        "Net Income From Continuing Operation Net Minority Interest": -52854000.0,
        "Reconciled Depreciation": 2414000.0,
        "Reconciled Cost Of Revenue": 50418000.0,
        "EBITDA": -39192000.0,
        "EBIT": -41606000.0,
        "Net Interest Income": -725000.0,
        "Interest Expense": 725000.0,
        "Normalized Income": -52854000.0,
        "Net Income From Continuing And Discontinued Operation": -52854000.0,
        "Total Expenses": 81822000.0,
        "Total Operating Income As Reported": -41616000.0,
        "Diluted Average Shares": 27680080.0,
        "Basic Average Shares": 27680080.0,
        "Diluted EPS": -1.41,
        "Basic EPS": -1.41,
        "Diluted NI Availto Com Stockholders": -52854000.0,
        "Net Income Common Stockholders": -52854000.0,
        "Net Income": -52854000.0,
        "Net Income Including Noncontrolling Interests": -52854000.0,
        "Net Income Continuous Operations": -52854000.0,
        "Tax Provision": 10523000.0,
        "Pretax Income": -42331000.0,
        "Other Income Expense": 10000.0,
        "Other Non Operating Income Expenses": 10000.0,
        "Net Non Operating Interest Income Expense": -725000.0,
        "Interest Expense Non Operating": 725000.0,
        "Operating Income": -41616000.0,
        "Operating Expense": 30586000.0,
        "Depreciation Amortization Depletion Income Statement": 1596000.0,
        "Depreciation And Amortization In Income Statement": 1596000.0,
        "Research And Development": 13057000.0,
        "Selling General And Administration": 15933000.0,
        "Selling And Marketing Expense": 9726000.0,
        "General And Administrative Expense": 6207000.0,
        "Other Gand A": 6207000.0,
        "Gross Profit": -11030000.0,
        "Cost Of Revenue": 51236000.0,
        "Total Revenue": 40206000.0,
        "Operating Revenue": 40206000.0
    },
    "2024-03-31": {
        "Tax Effect Of Unusual Items": 0.0,
        "Tax Rate For Calcs": 0.21,
        "Normalized EBITDA": -18501000.0,
        "Net Income From Continuing Operation Net Minority Interest": -26447000.0,
        "Reconciled Depreciation": 2536000.0,
        "Reconciled Cost Of Revenue": 32749000.0,
        "EBITDA": -18501000.0,
        "EBIT": -21037000.0,
        "Net Interest Income": -881000.0,
        "Interest Expense": 881000.0,
        "Normalized Income": -26447000.0,
        "Net Income From Continuing And Discontinued Operation": -26447000.0,
        "Total Expenses": 63315000.0,
        "Total Operating Income As Reported": -20978000.0,
        "Diluted Average Shares": 27849604.0,
        "Basic Average Shares": 27849604.0,
        "Diluted EPS": -0.95,
        "Basic EPS": -0.95,
        "Diluted NI Availto Com Stockholders": -26447000.0,
        "Net Income Common Stockholders": -26447000.0,
        "Net Income": -26447000.0,
        "Net Income Including Noncontrolling Interests": -26447000.0,
        "Net Income Continuous Operations": -26447000.0,
        "Tax Provision": 4529000.0,
        "Pretax Income": -21918000.0,
        "Other Income Expense": -59000.0,
        "Other Non Operating Income Expenses": -59000.0,
        "Net Non Operating Interest Income Expense": -881000.0,
        "Interest Expense Non Operating": 881000.0,
        "Operating Income": -20978000.0,
        "Operating Expense": 29663000.0,
        "Depreciation Amortization Depletion Income Statement": 1633000.0,
        "Depreciation And Amortization In Income Statement": 1633000.0,
        "Research And Development": 10799000.0,
        "Selling General And Administration": 17231000.0,
        "Selling And Marketing Expense": 9721000.0,
        "General And Administrative Expense": 7510000.0,
        "Other Gand A": 7510000.0,
        "Gross Profit": 8685000.0,
        "Cost Of Revenue": 33652000.0,
        "Total Revenue": 42337000.0,
        "Operating Revenue": 42337000.0
    },
    "2024-06-30": {
        "Tax Effect Of Unusual Items": 0.0,
        "Tax Rate For Calcs": 0.318,
        "Normalized EBITDA": -9521000.0,
        "Net Income From Continuing Operation Net Minority Interest": -9143000.0,
        "Reconciled Depreciation": 2584000.0,
        "Reconciled Cost Of Revenue": 30621000.0,
        "EBITDA": -9521000.0,
        "EBIT": -12105000.0,
        "Net Interest Income": -1304000.0,
        "Interest Expense": 1304000.0,
        "Normalized Income": -9143000.0,
        "Net Income From Continuing And Discontinued Operation": -9143000.0,
        "Total Expenses": 58048000.0,
        "Total Operating Income As Reported": -12102000.0,
        "Diluted Average Shares": 27902956.0,
        "Basic Average Shares": 27902956.0,
        "Diluted EPS": -0.33,
        "Basic EPS": -0.33,
        "Diluted NI Availto Com Stockholders": -9143000.0,
        "Net Income Common Stockholders": -9143000.0,
        "Net Income": -9143000.0,
        "Net Income Including Noncontrolling Interests": -9143000.0,
        "Net Income Continuous Operations": -9143000.0,
        "Tax Provision": -4266000.0,
        "Pretax Income": -13409000.0,
        "Other Income Expense": -3000.0,
        "Other Non Operating Income Expenses": -3000.0,
        "Net Non Operating Interest Income Expense": -1304000.0,
        "Interest Expense Non Operating": 1304000.0,
        "Operating Income": -12102000.0,
        "Operating Expense": 26512000.0,
        "Depreciation Amortization Depletion Income Statement": 1669000.0,
        "Depreciation And Amortization In Income Statement": 1669000.0,
        "Research And Development": 9149000.0,
        "Selling General And Administration": 15694000.0,
        "Selling And Marketing Expense": 9706000.0,
        "General And Administrative Expense": 5988000.0,
        "Other Gand A": 5988000.0,
        "Gross Profit": 14410000.0,
        "Cost Of Revenue": 31536000.0,
        "Total Revenue": 45946000.0,
        "Operating Revenue": 45946000.0
    },
    "2024-09-30": {
        "Tax Effect Of Unusual Items": 0.0,
        "Tax Rate For Calcs": 0.21,
        "Normalized EBITDA": -5371000.0,
        "Net Income From Continuing Operation Net Minority Interest": -9676000.0,
        "Reconciled Depreciation": 2696000.0,
        "Reconciled Cost Of Revenue": 25267000.0,
        "EBITDA": -5371000.0,
        "EBIT": -8067000.0,
        "Net Interest Income": -1403000.0,
        "Interest Expense": 1403000.0,
        "Normalized Income": -9676000.0,
        "Net Income From Continuing And Discontinued Operation": -9676000.0,
        "Total Expenses": 51785000.0,
        "Total Operating Income As Reported": -8059000.0,
        "Diluted Average Shares": 28217453.0,
        "Basic Average Shares": 28217453.0,
        "Diluted EPS": -0.34,
        "Basic EPS": -0.34,
        "Diluted NI Availto Com Stockholders": -9676000.0,
        "Net Income Common Stockholders": -9676000.0,
        "Net Income": -9676000.0,
        "Net Income Including Noncontrolling Interests": -9676000.0,
        "Net Income Continuous Operations": -9676000.0,
        "Tax Provision": 206000.0,
        "Pretax Income": -9470000.0,
        "Other Income Expense": -8000.0,
        "Other Non Operating Income Expenses": -8000.0,
        "Net Non Operating Interest Income Expense": -1403000.0,
        "Interest Expense Non Operating": 1403000.0,
        "Operating Income": -8059000.0,
        "Operating Expense": 25504000.0,
        "Depreciation Amortization Depletion Income Statement": 1682000.0,
        "Depreciation And Amortization In Income Statement": 1682000.0,
        "Research And Development": 9275000.0,
        "Selling General And Administration": 14547000.0,
        "Selling And Marketing Expense": 8398000.0,
        "General And Administrative Expense": 6149000.0,
        "Other Gand A": 6149000.0,
        "Gross Profit": 17445000.0,
        "Cost Of Revenue": 26281000.0,
        "Total Revenue": 43726000.0,
        "Operating Revenue": 43726000.0
    }
}