{
    "2022-06-30": {
        "Diluted EPS": 0.0,
        "Total Revenue": NaN,
        "Gross Profit": NaN,
        "Operating Income": NaN,
        "Net Income": NaN
    },
    "2021-12-31": {
        "Diluted EPS": -2.09,
        "Total Revenue": 30,
        "Gross Profit": 18,
        "Operating Income": -8,
        "EBIT": -8,
        "Net Income": -59
    },
    "2021-09-30": {
        "Diluted EPS": -0.25,
        "Total Revenue": 30,
        "Gross Profit": 19,
        "Operating Income": -10,
        "EBIT": -10,
        "Net Income": -8
    },
    "2021-06-30": {
        "Diluted EPS": 0.0,
        "Total Revenue": 33,
        "Gross Profit": 25,
        "Operating Income": -9,
        "EBIT": -9,
        "Net Income": 0
    },
    "2021-03-31": {
        "Diluted EPS": 0.4,
        "Total Revenue": 30,
        "Gross Profit": 21,
        "Operating Income": -9,
        "EBIT": -9,
        "Net Income": 12
    },
    "2020-12-31": {
        "Diluted EPS": 0.39,
        "Total Revenue": 54,
        "Gross Profit": 35,
        "Operating Income": -16,
        "EBIT": -16,
        "Net Income": 13
    },
    "2020-09-30": {
        "Diluted EPS": 1.35,
        "Total Revenue": 54,
        "Gross Profit": 37,
        "Operating Income": -19,
        "EBIT": -19,
        "Net Income": 38
    },
    "2020-06-30": {
        "Diluted EPS": 1.0,
        "Total Revenue": 56,
        "Gross Profit": 40,
        "Operating Income": -26,
        "EBIT": -26,
        "Net Income": 27
    },
    "2020-03-31": {
        "Diluted EPS": -0.55,
        "Total Revenue": 75,
        "Gross Profit": 54,
        "Operating Income": -21,
        "EBIT": -21,
        "Net Income": -15
    },
    "2019-12-31": {
        "Diluted EPS": -4.26,
        "Total Revenue": 84,
        "Gross Profit": 59,
        "Operating Income": -113,
        "EBIT": -113,
        "Net Income": -116
    },
    "2019-09-30": {
        "Diluted EPS": 2.25,
        "Total Revenue": 129,
        "Gross Profit": 78,
        "Operating Income": -36,
        "EBIT": -36,
        "Net Income": 63
    },
    "2019-06-30": {
        "Diluted EPS": 0.2,
        "Total Revenue": 141,
        "Gross Profit": 94,
        "Operating Income": -8,
        "EBIT": -8,
        "Net Income": 7
    },
    "2019-03-31": {
        "Diluted EPS": 0.0,
        "Total Revenue": 162,
        "Gross Profit": 107,
        "Operating Income": -3,
        "EBIT": -3,
        "Net Income": 1
    },
    "2018-12-31": {
        "Diluted EPS": 3.6,
        "Total Revenue": 178,
        "Gross Profit": 125,
        "Operating Income": 8,
        "EBIT": 8,
        "Net Income": 105
    },
    "2018-09-30": {
        "Diluted EPS": 0.8,
        "Total Revenue": 197,
        "Gross Profit": 141,
        "Operating Income": 19,
        "EBIT": 19,
        "Net Income": 24
    },
    "2018-06-30": {
        "Diluted EPS": 0.95,
        "Total Revenue": 167,
        "Gross Profit": 114,
        "Operating Income": 19,
        "EBIT": 19,
        "Net Income": 30
    },
    "2018-03-31": {
        "Diluted EPS": 0.35,
        "Total Revenue": 183,
        "Gross Profit": 120,
        "Operating Income": 22,
        "EBIT": 22,
        "Net Income": 11
    },
    "2017-12-31": {
        "Diluted EPS": 5.7,
        "Total Revenue": 235,
        "Gross Profit": 156,
        "Operating Income": 35,
        "EBIT": 35,
        "Net Income": 163
    },
    "2017-09-30": {
        "Diluted EPS": 0.7,
        "Total Revenue": 180,
        "Gross Profit": 119,
        "Operating Income": 20,
        "EBIT": 20,
        "Net Income": 21
    },
    "2017-06-30": {
        "Diluted EPS": 0.35,
        "Total Revenue": 177,
        "Gross Profit": 109,
        "Operating Income": 10,
        "EBIT": 10,
        "Net Income": 10
    },
    "2017-03-31": {
        "Diluted EPS": 0.45,
        "Total Revenue": 173,
        "Gross Profit": 106,
        "Operating Income": 4,
        "EBIT": 4,
        "Net Income": 13
    },
    "2016-12-31": {
        "Diluted EPS": 0.33,
        "Total Revenue": 158,
        "Gross Profit": 99,
        "Operating Income": 9,
        "EBIT": 9,
        "Net Income": 9
    },
    "2016-09-30": {
        "Diluted EPS": 0.0,
        "Total Revenue": 169,
        "Gross Profit": 109,
        "Operating Income": -5,
        "EBIT": -5,
        "Net Income": 0
    },
    "2016-06-30": {
        "Diluted EPS": -0.8,
        "Total Revenue": 157,
        "Gross Profit": 104,
        "Operating Income": -9,
        "EBIT": -9,
        "Net Income": -23
    },
    "2016-03-31": {
        "Diluted EPS": 0.05,
        "Total Revenue": 173,
        "Gross Profit": 123,
        "Operating Income": 3,
        "EBIT": 3,
        "Net Income": 2
    },
    "2015-12-31": {
        "Diluted EPS": 0.3,
        "Total Revenue": 174,
        "Gross Profit": 132,
        "Operating Income": 28,
        "EBIT": 28,
        "Net Income": 9
    },
    "2015-09-30": {
        "Diluted EPS": 0.15,
        "Total Revenue": 159,
        "Gross Profit": 116,
        "Operating Income": 3,
        "EBIT": 3,
        "Net Income": 5
    },
    "2015-06-30": {
        "Diluted EPS": 0.35,
        "Total Revenue": 140,
        "Gross Profit": 105,
        "Operating Income": 6,
        "EBIT": 6,
        "Net Income": 10
    },
    "2015-03-31": {
        "Diluted EPS": 0.15,
        "Total Revenue": 108,
        "Gross Profit": 85,
        "Operating Income": 8,
        "EBIT": 8,
        "Net Income": 5
    },
    "2014-12-31": {
        "Diluted EPS": 0.2,
        "Total Revenue": 95,
        "Gross Profit": 72,
        "Operating Income": 10,
        "EBIT": 10,
        "Net Income": 5
    },
    "2014-09-30": {
        "Diluted EPS": 0.05,
        "Total Revenue": 78,
        "Gross Profit": 60,
        "Operating Income": -1,
        "EBIT": -1,
        "Net Income": 1
    },
    "2014-06-30": {
        "Diluted EPS": 0.1,
        "Total Revenue": 61,
        "Gross Profit": 48,
        "Operating Income": 2,
        "EBIT": 2,
        "Net Income": 2
    },
    "2014-03-31": {
        "Diluted EPS": 0.1,
        "Total Revenue": 51,
        "Gross Profit": 39,
        "Operating Income": 3,
        "EBIT": 3,
        "Net Income": 3
    },
    "2013-12-31": {
        "Diluted EPS": 0.15,
        "Total Revenue": 44,
        "Gross Profit": 44,
        "Operating Income": 44,
        "EBIT": 44,
        "Net Income": 4
    },
    "2013-09-30": {
        "Diluted EPS": 0.05,
        "Total Revenue": 30,
        "Gross Profit": 30,
        "Operating Income": 30,
        "EBIT": 30,
        "Net Income": 1
    },
    "2013-06-30": {
        "Diluted EPS": 0.0,
        "Total Revenue": 26,
        "Gross Profit": 26,
        "Operating Income": 26,
        "EBIT": 26,
        "Net Income": 0
    },
    "2013-03-31": {
        "Diluted EPS": 0.2,
        "Total Revenue": 22,
        "Gross Profit": 22,
        "Operating Income": 22,
        "EBIT": 22,
        "Net Income": 5
    },
    "2023-12-31": {
        "Tax Effect Of Unusual Items": 2382559.585047,
        "Tax Rate For Calcs": 0.136866,
        "Normalized EBITDA": -78355000.0,
        "Total Unusual Items": 17408000.0,
        "Total Unusual Items Excluding Goodwill": 17408000.0,
        "Net Income From Continuing Operation Net Minority Interest": -301213000.0,
        "Reconciled Cost Of Revenue": 68243000.0,
        "EBITDA": -60947000.0,
        "EBIT": -60947000.0,
        "Net Interest Income": 15828000.0,
        "Interest Income": 15828000.0,
        "Normalized Income": -316238440.414953,
        "Net Income From Continuing And Discontinued Operation": -301213000.0,
        "Total Expenses": 228261000.0,
        "Total Operating Income As Reported": -60947000.0,
        "Diluted Average Shares": 29861491.0,
        "Basic Average Shares": 29861491.0,
        "Diluted EPS": -10.965,
        "Basic EPS": -10.96,
        "Diluted NI Availto Com Stockholders": -302019000.0,
        "Net Income Common Stockholders": -301320000.0,
        "Net Income": -301213000.0,
        "Minority Interests": -18000.0,
        "Net Income Including Noncontrolling Interests": -301195000.0,
        "Net Income Continuous Operations": -301195000.0,
        "Tax Provision": -47760000.0,
        "Pretax Income": -348955000.0,
        "Other Income Expense": -303836000.0,
        "Other Non Operating Income Expenses": -321244000.0,
        "Gain On Sale Of Security": 17408000.0,
        "Net Non Operating Interest Income Expense": 15828000.0,
        "Interest Income Non Operating": 15828000.0,
        "Operating Income": -60947000.0,
        "Operating Expense": 160018000.0,
        "Other Operating Expenses": 186000.0,
        "Research And Development": 39584000.0,
        "Selling General And Administration": 120248000.0,
        "Selling And Marketing Expense": 56746000.0,
        "General And Administrative Expense": 63502000.0,
        "Other Gand A": 63502000.0,
        "Gross Profit": 99071000.0,
        "Cost Of Revenue": 68243000.0,
        "Total Revenue": 167314000.0,
        "Operating Revenue": 167314000.0
    },
    "2024-03-31": {
        "Tax Effect Of Unusual Items": -819250.0,
        "Tax Rate For Calcs": 0.25,
        "Normalized EBITDA": -77295000.0,
        "Total Unusual Items": -3277000.0,
        "Total Unusual Items Excluding Goodwill": -3277000.0,
        "Net Income From Continuing Operation Net Minority Interest": -80035000.0,
        "Reconciled Cost Of Revenue": 76952000.0,
        "EBITDA": -80572000.0,
        "EBIT": -80572000.0,
        "Net Interest Income": 15316000.0,
        "Interest Income": 15316000.0,
        "Normalized Income": -77577250.0,
        "Net Income From Continuing And Discontinued Operation": -80035000.0,
        "Total Expenses": 270860000.0,
        "Total Operating Income As Reported": -80572000.0,
        "Diluted Average Shares": 29884277.0,
        "Basic Average Shares": 29884277.0,
        "Diluted EPS": -2.75,
        "Basic EPS": -2.745,
        "Diluted NI Availto Com Stockholders": -80035000.0,
        "Net Income Common Stockholders": -80035000.0,
        "Net Income": -80035000.0,
        "Minority Interests": -3709000.0,
        "Net Income Including Noncontrolling Interests": -76326000.0,
        "Net Income Continuous Operations": -76326000.0,
        "Tax Provision": 198000.0,
        "Pretax Income": -76128000.0,
        "Other Income Expense": -10872000.0,
        "Other Non Operating Income Expenses": -7595000.0,
        "Gain On Sale Of Security": -3277000.0,
        "Net Non Operating Interest Income Expense": 15316000.0,
        "Interest Income Non Operating": 15316000.0,
        "Operating Income": -80572000.0,
        "Operating Expense": 193908000.0,
        "Other Operating Expenses": -508000.0,
        "Research And Development": 57331000.0,
        "Selling General And Administration": 137085000.0,
        "Selling And Marketing Expense": 67940000.0,
        "General And Administrative Expense": 69145000.0,
        "Other Gand A": 69145000.0,
        "Gross Profit": 113336000.0,
        "Cost Of Revenue": 76952000.0,
        "Total Revenue": 190288000.0,
        "Operating Revenue": 190288000.0
    },
    "2023-06-30": {
        "Tax Effect Of Unusual Items": -12171000.0,
        "Tax Rate For Calcs": 0.25,
        "Normalized EBITDA": -16927000.0,
        "Total Unusual Items": -48684000.0,
        "Total Unusual Items Excluding Goodwill": -48684000.0,
        "Net Income From Continuing Operation Net Minority Interest": -258794000.0,
        "Reconciled Cost Of Revenue": 57186000.0,
        "EBITDA": -65611000.0,
        "EBIT": -65611000.0,
        "Net Interest Income": 14896000.0,
        "Interest Income": 14896000.0,
        "Normalized Income": -222281000.0,
        "Net Income From Continuing And Discontinued Operation": -258794000.0,
        "Total Expenses": 232562000.0,
        "Total Operating Income As Reported": -65611000.0,
        "Diluted Average Shares": 29081809.0,
        "Basic Average Shares": 29081809.0,
        "Diluted EPS": -8.87,
        "Basic EPS": -8.86,
        "Diluted NI Availto Com Stockholders": -258794000.0,
        "Net Income Common Stockholders": -258794000.0,
        "Net Income": -258794000.0,
        "Minority Interests": -3461000.0,
        "Net Income Including Noncontrolling Interests": -255333000.0,
        "Net Income Continuous Operations": -255333000.0,
        "Tax Provision": 3583000.0,
        "Pretax Income": -251750000.0,
        "Other Income Expense": -201035000.0,
        "Other Non Operating Income Expenses": -152351000.0,
        "Gain On Sale Of Security": -48684000.0,
        "Net Non Operating Interest Income Expense": 14896000.0,
        "Interest Income Non Operating": 14896000.0,
        "Operating Income": -65611000.0,
        "Operating Expense": 175376000.0,
        "Other Operating Expenses": -944000.0,
        "Research And Development": 47426000.0,
        "Selling General And Administration": 128894000.0,
        "Selling And Marketing Expense": 62561000.0,
        "General And Administrative Expense": 66333000.0,
        "Other Gand A": 66333000.0,
        "Gross Profit": 109765000.0,
        "Cost Of Revenue": 57186000.0,
        "Total Revenue": 166951000.0,
        "Operating Revenue": 166951000.0
    },
    "2023-03-31": {
        "Tax Effect Of Unusual Items": 3615750.0,
        "Tax Rate For Calcs": 0.25,
        "Normalized EBITDA": -56741000.0,
        "Total Unusual Items": 14463000.0,
        "Total Unusual Items Excluding Goodwill": 14463000.0,
        "Net Income From Continuing Operation Net Minority Interest": -18599000.0,
        "Reconciled Cost Of Revenue": 56163000.0,
        "EBITDA": -42278000.0,
        "EBIT": -42278000.0,
        "Net Interest Income": 12342000.0,
        "Interest Income": 12342000.0,
        "Normalized Income": -29446250.0,
        "Net Income From Continuing And Discontinued Operation": -18599000.0,
        "Total Expenses": 212712000.0,
        "Total Operating Income As Reported": -42278000.0,
        "Diluted Average Shares": 28990363.0,
        "Basic Average Shares": 28990363.0,
        "Diluted EPS": -0.645,
        "Basic EPS": -0.63,
        "Diluted NI Availto Com Stockholders": -18599000.0,
        "Net Income Common Stockholders": -18599000.0,
        "Net Income": -18599000.0,
        "Minority Interests": -1147000.0,
        "Net Income Including Noncontrolling Interests": -17452000.0,
        "Net Income Continuous Operations": -17452000.0,
        "Tax Provision": 178000.0,
        "Pretax Income": -17274000.0,
        "Other Income Expense": 12662000.0,
        "Other Non Operating Income Expenses": -1801000.0,
        "Gain On Sale Of Security": 14463000.0,
        "Net Non Operating Interest Income Expense": 12342000.0,
        "Interest Income Non Operating": 12342000.0,
        "Operating Income": -42278000.0,
        "Operating Expense": 156549000.0,
        "Other Operating Expenses": -1271000.0,
        "Research And Development": 45428000.0,
        "Selling General And Administration": 112392000.0,
        "Selling And Marketing Expense": 68266000.0,
        "General And Administrative Expense": 44126000.0,
        "Other Gand A": 44126000.0,
        "Gross Profit": 114271000.0,
        "Cost Of Revenue": 56163000.0,
        "Total Revenue": 170434000.0,
        "Operating Revenue": 170434000.0
    },
    "2024-06-30": {
        "Tax Effect Of Unusual Items": -380809.837409,
        "Tax Rate For Calcs": 0.050345,
        "Normalized EBITDA": -69977000.0,
        "Total Unusual Items": -7564000.0,
        "Total Unusual Items Excluding Goodwill": -7564000.0,
        "Net Income From Continuing Operation Net Minority Interest": -123841000.0,
        "Reconciled Cost Of Revenue": 65895000.0,
        "EBITDA": -77541000.0,
        "EBIT": -77541000.0,
        "Net Interest Income": 9773000.0,
        "Interest Income": 9773000.0,
        "Normalized Income": -116657809.837409,
        "Net Income From Continuing And Discontinued Operation": -123841000.0,
        "Total Expenses": 264958000.0,
        "Total Operating Income As Reported": -77541000.0,
        "Diluted Average Shares": 29919253.0,
        "Basic Average Shares": 29919253.0,
        "Diluted EPS": -4.205,
        "Basic EPS": -4.205,
        "Diluted NI Availto Com Stockholders": -123841000.0,
        "Net Income Common Stockholders": -123841000.0,
        "Net Income": -123841000.0,
        "Minority Interests": -3288000.0,
        "Net Income Including Noncontrolling Interests": -120553000.0,
        "Net Income Continuous Operations": -120553000.0,
        "Tax Provision": -6391000.0,
        "Pretax Income": -126944000.0,
        "Other Income Expense": -59176000.0,
        "Other Non Operating Income Expenses": -51612000.0,
        "Gain On Sale Of Security": -7564000.0,
        "Net Non Operating Interest Income Expense": 9773000.0,
        "Interest Income Non Operating": 9773000.0,
        "Operating Income": -77541000.0,
        "Operating Expense": 199063000.0,
        "Other Operating Expenses": -228000.0,
        "Research And Development": 54285000.0,
        "Selling General And Administration": 145006000.0,
        "Selling And Marketing Expense": 73396000.0,
        "General And Administrative Expense": 71610000.0,
        "Other Gand A": 71610000.0,
        "Gross Profit": 121522000.0,
        "Cost Of Revenue": 65895000.0,
        "Total Revenue": 187417000.0,
        "Operating Revenue": 187417000.0
    },
    "2024-09-30": {
        "Tax Effect Of Unusual Items": 5337750.0,
        "Tax Rate For Calcs": 0.25,
        "Normalized EBITDA": -93360000.0,
        "Total Unusual Items": 21351000.0,
        "Total Unusual Items Excluding Goodwill": 21351000.0,
        "Net Income From Continuing Operation Net Minority Interest": -46897000.0,
        "Reconciled Cost Of Revenue": 61714000.0,
        "EBITDA": -72009000.0,
        "EBIT": -72009000.0,
        "Net Interest Income": 9471000.0,
        "Interest Income": 9471000.0,
        "Normalized Income": -62910250.0,
        "Net Income From Continuing And Discontinued Operation": -46897000.0,
        "Total Expenses": 264092000.0,
        "Total Operating Income As Reported": -72009000.0,
        "Diluted Average Shares": 30181157.0,
        "Basic Average Shares": 30181157.0,
        "Diluted EPS": -1.615,
        "Basic EPS": -1.615,
        "Diluted NI Availto Com Stockholders": -46897000.0,
        "Net Income Common Stockholders": -46897000.0,
        "Net Income": -46897000.0,
        "Minority Interests": -5061000.0,
        "Net Income Including Noncontrolling Interests": -41836000.0,
        "Net Income Continuous Operations": -41836000.0,
        "Tax Provision": 2387000.0,
        "Pretax Income": -39449000.0,
        "Other Income Expense": 23089000.0,
        "Other Non Operating Income Expenses": 1738000.0,
        "Gain On Sale Of Security": 21351000.0,
        "Net Non Operating Interest Income Expense": 9471000.0,
        "Interest Income Non Operating": 9471000.0,
        "Operating Income": -72009000.0,
        "Operating Expense": 202378000.0,
        "Other Operating Expenses": -278000.0,
        "Research And Development": 66269000.0,
        "Selling General And Administration": 136387000.0,
        "Selling And Marketing Expense": 89038000.0,
        "General And Administrative Expense": 47349000.0,
        "Other Gand A": 47349000.0,
        "Gross Profit": 130369000.0,
        "Cost Of Revenue": 61714000.0,
        "Total Revenue": 192083000.0,
        "Operating Revenue": 192083000.0
    },
    "2023-09-30": {
        "Tax Effect Of Unusual Items": NaN,
        "Tax Rate For Calcs": NaN,
        "Normalized EBITDA": NaN,
        "Total Unusual Items": NaN,
        "Total Unusual Items Excluding Goodwill": NaN,
        "Net Income From Continuing Operation Net Minority Interest": NaN,
        "Reconciled Cost Of Revenue": NaN,
        "EBITDA": NaN,
        "EBIT": NaN,
        "Net Interest Income": NaN,
        "Interest Income": NaN,
        "Normalized Income": NaN,
        "Net Income From Continuing And Discontinued Operation": NaN,
        "Total Expenses": NaN,
        "Total Operating Income As Reported": NaN,
        "Diluted Average Shares": 29851980.0,
        "Basic Average Shares": 29851980.0,
        "Diluted EPS": -0.72,
        "Basic EPS": -0.72,
        "Diluted NI Availto Com Stockholders": NaN,
        "Net Income Common Stockholders": NaN,
        "Net Income": NaN,
        "Minority Interests": NaN,
        "Net Income Including Noncontrolling Interests": NaN,
        "Net Income Continuous Operations": NaN,
        "Tax Provision": NaN,
        "Pretax Income": NaN,
        "Other Income Expense": NaN,
        "Other Non Operating Income Expenses": NaN,
        "Gain On Sale Of Security": NaN,
        "Net Non Operating Interest Income Expense": NaN,
        "Interest Income Non Operating": NaN,
        "Operating Income": NaN,
        "Operating Expense": NaN,
        "Other Operating Expenses": NaN,
        "Research And Development": NaN,
        "Selling General And Administration": NaN,
        "Selling And Marketing Expense": NaN,
        "General And Administrative Expense": NaN,
        "Other Gand A": NaN,
        "Gross Profit": NaN,
        "Cost Of Revenue": NaN,
        "Total Revenue": NaN,
        "Operating Revenue": NaN
    },
    "2024-12-31": {
        "Tax Effect Of Unusual Items": -46281500.0,
        "Tax Rate For Calcs": 0.25,
        "Normalized EBITDA": 130883000.0,
        "Total Unusual Items": -185126000.0,
        "Total Unusual Items Excluding Goodwill": -185126000.0,
        "Net Income From Continuing Operation Net Minority Interest": -366784000.0,
        "Reconciled Cost Of Revenue": 64317000.0,
        "EBITDA": -54243000.0,
        "EBIT": -54243000.0,
        "Net Interest Income": 9862000.0,
        "Interest Income": 9862000.0,
        "Normalized Income": -227939500.0,
        "Net Income From Continuing And Discontinued Operation": -366784000.0,
        "Total Expenses": 291332000.0,
        "Total Operating Income As Reported": -207133000.0,
        "Diluted Average Shares": NaN,
        "Basic Average Shares": NaN,
        "Diluted EPS": NaN,
        "Basic EPS": NaN,
        "Diluted NI Availto Com Stockholders": -795383000.0,
        "Net Income Common Stockholders": -374625000.0,
        "Net Income": -366784000.0,
        "Minority Interests": -3913000.0,
        "Net Income Including Noncontrolling Interests": -362871000.0,
        "Net Income Continuous Operations": -362871000.0,
        "Tax Provision": 51064000.0,
        "Pretax Income": -311807000.0,
        "Other Income Expense": -267426000.0,
        "Other Non Operating Income Expenses": -82300000.0,
        "Gain On Sale Of Security": -32236000.0,
        "Net Non Operating Interest Income Expense": 9862000.0,
        "Interest Income Non Operating": 9862000.0,
        "Operating Income": -54243000.0,
        "Operating Expense": 227015000.0,
        "Other Operating Expenses": 377000.0,
        "Research And Development": 65506000.0,
        "Selling General And Administration": 161132000.0,
        "Selling And Marketing Expense": 104851000.0,
        "General And Administrative Expense": 56281000.0,
        "Other Gand A": 56281000.0,
        "Gross Profit": 172772000.0,
        "Cost Of Revenue": 64317000.0,
        "Total Revenue": 237089000.0,
        "Operating Revenue": 237089000.0
    }
}