{
    "2023-03-31": {
        "Tax Effect Of Unusual Items": NaN,
        "Tax Rate For Calcs": NaN,
        "Normalized EBITDA": NaN,
        "Total Unusual Items": NaN,
        "Total Unusual Items Excluding Goodwill": NaN,
        "Net Income From Continuing Operation Net Minority Interest": NaN,
        "Reconciled Depreciation": NaN,
        "Reconciled Cost Of Revenue": NaN,
        "EBITDA": NaN,
        "EBIT": NaN,
        "Net Interest Income": NaN,
        "Interest Expense": NaN,
        "Normalized Income": NaN,
        "Net Income From Continuing And Discontinued Operation": NaN,
        "Total Expenses": NaN,
        "Total Operating Income As Reported": NaN,
        "Diluted Average Shares": NaN,
        "Basic Average Shares": NaN,
        "Diluted EPS": NaN,
        "Basic EPS": NaN,
        "Diluted NI Availto Com Stockholders": NaN,
        "Net Income Common Stockholders": NaN,
        "Net Income": NaN,
        "Net Income Including Noncontrolling Interests": NaN,
        "Net Income Continuous Operations": NaN,
        "Tax Provision": NaN,
        "Pretax Income": NaN,
        "Other Income Expense": NaN,
        "Other Non Operating Income Expenses": NaN,
        "Special Income Charges": 0.0,
        "Gain On Sale Of Security": NaN,
        "Net Non Operating Interest Income Expense": NaN,
        "Interest Expense Non Operating": NaN,
        "Operating Income": NaN,
        "Operating Expense": NaN,
        "Depreciation Amortization Depletion Income Statement": NaN,
        "Depreciation And Amortization In Income Statement": NaN,
        "Amortization": NaN,
        "Amortization Of Intangibles Income Statement": NaN,
        "Research And Development": NaN,
        "Selling General And Administration": NaN,
        "Selling And Marketing Expense": NaN,
        "General And Administrative Expense": NaN,
        "Other Gand A": NaN,
        "Gross Profit": NaN,
        "Cost Of Revenue": NaN,
        "Total Revenue": NaN,
        "Operating Revenue": NaN
    },
    "2022-12-31": {
        "Tax Effect Of Unusual Items": NaN,
        "Tax Rate For Calcs": NaN,
        "Normalized EBITDA": NaN,
        "Total Unusual Items": NaN,
        "Total Unusual Items Excluding Goodwill": NaN,
        "Net Income From Continuing Operation Net Minority Interest": NaN,
        "Reconciled Depreciation": NaN,
        "Reconciled Cost Of Revenue": NaN,
        "EBITDA": NaN,
        "EBIT": NaN,
        "Net Interest Income": NaN,
        "Interest Expense": NaN,
        "Normalized Income": NaN,
        "Net Income From Continuing And Discontinued Operation": NaN,
        "Total Expenses": NaN,
        "Total Operating Income As Reported": NaN,
        "Diluted Average Shares": 28778000.0,
        "Basic Average Shares": 28626000.0,
        "Diluted EPS": 0.42,
        "Basic EPS": 0.42,
        "Diluted NI Availto Com Stockholders": NaN,
        "Net Income Common Stockholders": NaN,
        "Net Income": NaN,
        "Net Income Including Noncontrolling Interests": NaN,
        "Net Income Continuous Operations": NaN,
        "Tax Provision": NaN,
        "Pretax Income": NaN,
        "Other Income Expense": NaN,
        "Other Non Operating Income Expenses": NaN,
        "Special Income Charges": 0.0,
        "Gain On Sale Of Security": NaN,
        "Net Non Operating Interest Income Expense": NaN,
        "Interest Expense Non Operating": NaN,
        "Operating Income": NaN,
        "Operating Expense": NaN,
        "Depreciation Amortization Depletion Income Statement": NaN,
        "Depreciation And Amortization In Income Statement": NaN,
        "Amortization": NaN,
        "Amortization Of Intangibles Income Statement": NaN,
        "Research And Development": NaN,
        "Selling General And Administration": NaN,
        "Selling And Marketing Expense": NaN,
        "General And Administrative Expense": NaN,
        "Other Gand A": NaN,
        "Gross Profit": NaN,
        "Cost Of Revenue": NaN,
        "Total Revenue": NaN,
        "Operating Revenue": NaN
    },
    "2022-09-30": {
        "Tax Effect Of Unusual Items": NaN,
        "Tax Rate For Calcs": NaN,
        "Normalized EBITDA": NaN,
        "Total Unusual Items": NaN,
        "Total Unusual Items Excluding Goodwill": NaN,
        "Net Income From Continuing Operation Net Minority Interest": NaN,
        "Reconciled Depreciation": NaN,
        "Reconciled Cost Of Revenue": NaN,
        "EBITDA": NaN,
        "EBIT": NaN,
        "Net Interest Income": NaN,
        "Interest Expense": NaN,
        "Normalized Income": NaN,
        "Net Income From Continuing And Discontinued Operation": NaN,
        "Total Expenses": NaN,
        "Total Operating Income As Reported": NaN,
        "Diluted Average Shares": 28748000.0,
        "Basic Average Shares": 28619000.0,
        "Diluted EPS": 0.49,
        "Basic EPS": 0.49,
        "Diluted NI Availto Com Stockholders": NaN,
        "Net Income Common Stockholders": NaN,
        "Net Income": NaN,
        "Net Income Including Noncontrolling Interests": NaN,
        "Net Income Continuous Operations": NaN,
        "Tax Provision": NaN,
        "Pretax Income": NaN,
        "Other Income Expense": NaN,
        "Other Non Operating Income Expenses": NaN,
        "Special Income Charges": 0.0,
        "Gain On Sale Of Security": NaN,
        "Net Non Operating Interest Income Expense": NaN,
        "Interest Expense Non Operating": NaN,
        "Operating Income": NaN,
        "Operating Expense": NaN,
        "Depreciation Amortization Depletion Income Statement": NaN,
        "Depreciation And Amortization In Income Statement": NaN,
        "Amortization": NaN,
        "Amortization Of Intangibles Income Statement": NaN,
        "Research And Development": NaN,
        "Selling General And Administration": NaN,
        "Selling And Marketing Expense": NaN,
        "General And Administrative Expense": NaN,
        "Other Gand A": NaN,
        "Gross Profit": NaN,
        "Cost Of Revenue": NaN,
        "Total Revenue": NaN,
        "Operating Revenue": NaN
    },
    "2022-06-30": {
        "Tax Effect Of Unusual Items": -195960.0,
        "Tax Rate For Calcs": 0.12,
        "Normalized EBITDA": 35589000.0,
        "Total Unusual Items": -1633000.0,
        "Total Unusual Items Excluding Goodwill": -1633000.0,
        "Net Income From Continuing Operation Net Minority Interest": 8391000.0,
        "Reconciled Depreciation": 10469000.0,
        "Reconciled Cost Of Revenue": 133834000.0,
        "EBITDA": 33956000.0,
        "EBIT": 23487000.0,
        "Net Interest Income": -6203000.0,
        "Interest Expense": 6203000.0,
        "Normalized Income": 9828040.0,
        "Net Income From Continuing And Discontinued Operation": 8391000.0,
        "Total Expenses": 197470000.0,
        "Total Operating Income As Reported": 22817000.0,
        "Diluted Average Shares": 28699000.0,
        "Basic Average Shares": 28544000.0,
        "Diluted EPS": 0.29,
        "Basic EPS": 0.29,
        "Diluted NI Availto Com Stockholders": 8391000.0,
        "Net Income Common Stockholders": 8391000.0,
        "Net Income": 8391000.0,
        "Net Income Including Noncontrolling Interests": 8391000.0,
        "Net Income Continuous Operations": 8391000.0,
        "Tax Provision": 8893000.0,
        "Pretax Income": 17284000.0,
        "Other Income Expense": 670000.0,
        "Other Non Operating Income Expenses": 2303000.0,
        "Special Income Charges": 0.0,
        "Gain On Sale Of Security": -1633000.0,
        "Net Non Operating Interest Income Expense": -6203000.0,
        "Interest Expense Non Operating": 6203000.0,
        "Operating Income": 22817000.0,
        "Operating Expense": 59702000.0,
        "Depreciation Amortization Depletion Income Statement": 6535000.0,
        "Depreciation And Amortization In Income Statement": 6535000.0,
        "Amortization": 6535000.0,
        "Amortization Of Intangibles Income Statement": 6535000.0,
        "Research And Development": 5130000.0,
        "Selling General And Administration": 48037000.0,
        "Selling And Marketing Expense": 26156000.0,
        "General And Administrative Expense": 21881000.0,
        "Other Gand A": 21881000.0,
        "Gross Profit": 82519000.0,
        "Cost Of Revenue": 137768000.0,
        "Total Revenue": 220287000.0,
        "Operating Revenue": 220287000.0
    },
    "2023-06-30": {
        "Tax Effect Of Unusual Items": NaN,
        "Tax Rate For Calcs": NaN,
        "Normalized EBITDA": NaN,
        "Total Unusual Items": NaN,
        "Total Unusual Items Excluding Goodwill": NaN,
        "Net Income From Continuing Operation Net Minority Interest": NaN,
        "Reconciled Depreciation": NaN,
        "Reconciled Cost Of Revenue": NaN,
        "EBITDA": NaN,
        "EBIT": NaN,
        "Net Interest Income": NaN,
        "Interest Expense": NaN,
        "Normalized Income": NaN,
        "Net Income From Continuing And Discontinued Operation": NaN,
        "Total Expenses": NaN,
        "Total Operating Income As Reported": NaN,
        "Diluted Average Shares": 28906000.0,
        "Basic Average Shares": 28662000.0,
        "Diluted EPS": 0.32,
        "Basic EPS": 0.32,
        "Diluted NI Availto Com Stockholders": NaN,
        "Net Income Common Stockholders": NaN,
        "Net Income": NaN,
        "Net Income Including Noncontrolling Interests": NaN,
        "Net Income Continuous Operations": NaN,
        "Tax Provision": NaN,
        "Pretax Income": NaN,
        "Other Income Expense": NaN,
        "Other Non Operating Income Expenses": NaN,
        "Gain On Sale Of Security": NaN,
        "Net Non Operating Interest Income Expense": NaN,
        "Interest Expense Non Operating": NaN,
        "Operating Income": NaN,
        "Operating Expense": NaN,
        "Depreciation Amortization Depletion Income Statement": NaN,
        "Depreciation And Amortization In Income Statement": NaN,
        "Amortization": NaN,
        "Amortization Of Intangibles Income Statement": NaN,
        "Research And Development": NaN,
        "Selling General And Administration": NaN,
        "Selling And Marketing Expense": NaN,
        "General And Administrative Expense": NaN,
        "Other Gand A": NaN,
        "Gross Profit": NaN,
        "Cost Of Revenue": NaN,
        "Total Revenue": NaN,
        "Operating Revenue": NaN
    },
    "2022-03-31": {
        "Diluted EPS": 0.44,
        "Total Revenue": 253,
        "Gross Profit": 85,
        "Operating Income": 24,
        "EBIT": 35,
        "Net Income": 12
    },
    "2021-12-31": {
        "Diluted EPS": 0.34,
        "Total Revenue": 216,
        "Gross Profit": 75,
        "Operating Income": 15,
        "EBIT": 26,
        "Net Income": 10
    },
    "2021-09-30": {
        "Diluted EPS": 0.53,
        "Total Revenue": 224,
        "Gross Profit": 81,
        "Operating Income": 24,
        "EBIT": 35,
        "Net Income": 15
    },
    "2021-06-30": {
        "Diluted EPS": -0.27,
        "Total Revenue": 213,
        "Gross Profit": 74,
        "Operating Income": 11,
        "EBIT": 22,
        "Net Income": -7
    },
    "2021-03-31": {
        "Diluted EPS": 0.4,
        "Total Revenue": 186,
        "Gross Profit": 64,
        "Operating Income": 14,
        "EBIT": 22,
        "Net Income": 10
    },
    "2020-12-31": {
        "Diluted EPS": 0.27,
        "Total Revenue": 167,
        "Gross Profit": 55,
        "Operating Income": 10,
        "EBIT": 18,
        "Net Income": 7
    },
    "2020-09-30": {
        "Diluted EPS": -0.17,
        "Total Revenue": 158,
        "Gross Profit": 56,
        "Operating Income": 16,
        "EBIT": 24,
        "Net Income": -4
    },
    "2020-06-30": {
        "Diluted EPS": -0.12,
        "Total Revenue": 139,
        "Gross Profit": 45,
        "Operating Income": 2,
        "EBIT": 10,
        "Net Income": -3
    },
    "2020-03-31": {
        "Diluted EPS": 0.4,
        "Total Revenue": 189,
        "Gross Profit": 66,
        "Operating Income": 17,
        "EBIT": 25,
        "Net Income": 9
    },
    "2019-12-31": {
        "Diluted EPS": 0.63,
        "Total Revenue": 199,
        "Gross Profit": 68,
        "Operating Income": 21,
        "EBIT": 29,
        "Net Income": 15
    },
    "2019-09-30": {
        "Diluted EPS": 0.69,
        "Total Revenue": 208,
        "Gross Profit": 73,
        "Operating Income": 25,
        "EBIT": 33,
        "Net Income": 17
    },
    "2019-06-30": {
        "Diluted EPS": 0.78,
        "Total Revenue": 213,
        "Gross Profit": 76,
        "Operating Income": 27,
        "EBIT": 35,
        "Net Income": 19
    },
    "2019-03-31": {
        "Diluted EPS": 0.83,
        "Total Revenue": 217,
        "Gross Profit": 76,
        "Operating Income": 24,
        "EBIT": 33,
        "Net Income": 20
    },
    "2018-12-31": {
        "Diluted EPS": -0.03,
        "Total Revenue": 217,
        "Gross Profit": 73,
        "Operating Income": 7,
        "EBIT": 15,
        "Net Income": -1
    },
    "2018-09-30": {
        "Diluted EPS": 0.67,
        "Total Revenue": 217,
        "Gross Profit": 76,
        "Operating Income": 25,
        "EBIT": 34,
        "Net Income": 16
    },
    "2018-06-30": {
        "Diluted EPS": 0.33,
        "Total Revenue": 225,
        "Gross Profit": 80,
        "Operating Income": 14,
        "EBIT": 23,
        "Net Income": 8
    },
    "2018-03-31": {
        "Diluted EPS": 0.36,
        "Total Revenue": 214,
        "Gross Profit": 76,
        "Operating Income": 16,
        "EBIT": 26,
        "Net Income": 8
    },
    "2017-12-31": {
        "Diluted EPS": -0.46,
        "Total Revenue": 209,
        "Gross Profit": 69,
        "Operating Income": 14,
        "EBIT": 24,
        "Net Income": -11
    },
    "2017-09-30": {
        "Diluted EPS": 0.54,
        "Total Revenue": 213,
        "Gross Profit": 71,
        "Operating Income": 19,
        "EBIT": 29,
        "Net Income": 13
    },
    "2017-06-30": {
        "Diluted EPS": 0.51,
        "Total Revenue": 204,
        "Gross Profit": 69,
        "Operating Income": 20,
        "EBIT": 29,
        "Net Income": 12
    },
    "2017-03-31": {
        "Diluted EPS": -0.24,
        "Total Revenue": 184,
        "Gross Profit": 50,
        "Operating Income": -5,
        "EBIT": 3,
        "Net Income": -5
    },
    "2016-12-31": {
        "Diluted EPS": 0.02,
        "Total Revenue": 152,
        "Gross Profit": 45,
        "Operating Income": 5,
        "EBIT": 11,
        "Net Income": 1
    },
    "2016-09-30": {
        "Diluted EPS": 0.33,
        "Total Revenue": 152,
        "Gross Profit": 50,
        "Operating Income": 13,
        "EBIT": 19,
        "Net Income": 7
    },
    "2016-06-30": {
        "Diluted EPS": 0.32,
        "Total Revenue": 149,
        "Gross Profit": 48,
        "Operating Income": 11,
        "EBIT": 17,
        "Net Income": 6
    },
    "2016-03-31": {
        "Diluted EPS": 0.28,
        "Total Revenue": 155,
        "Gross Profit": 48,
        "Operating Income": 12,
        "EBIT": 19,
        "Net Income": 6
    },
    "2015-12-31": {
        "Diluted EPS": 0.36,
        "Total Revenue": 160,
        "Gross Profit": 48,
        "Operating Income": 11,
        "EBIT": 16,
        "Net Income": 7
    },
    "2015-09-30": {
        "Diluted EPS": -0.02,
        "Total Revenue": 146,
        "Gross Profit": 47,
        "Operating Income": 7,
        "EBIT": 11,
        "Net Income": 0
    },
    "2015-06-30": {
        "Diluted EPS": 0.34,
        "Total Revenue": 136,
        "Gross Profit": 44,
        "Operating Income": 11,
        "EBIT": 15,
        "Net Income": 7
    },
    "2015-03-31": {
        "Diluted EPS": 0.08,
        "Total Revenue": 149,
        "Gross Profit": 45,
        "Operating Income": 13,
        "EBIT": 17,
        "Net Income": 2
    },
    "2014-12-31": {
        "Diluted EPS": 0.39,
        "Total Revenue": 141,
        "Gross Profit": 43,
        "Operating Income": 13,
        "EBIT": 16,
        "Net Income": 8
    },
    "2014-09-30": {
        "Diluted EPS": 0.53,
        "Total Revenue": 147,
        "Gross Profit": 47,
        "Operating Income": 16,
        "EBIT": 20,
        "Net Income": 11
    },
    "2014-06-30": {
        "Diluted EPS": 0.34,
        "Total Revenue": 143,
        "Gross Profit": 46,
        "Operating Income": 13,
        "EBIT": 17,
        "Net Income": 7
    },
    "2014-03-31": {
        "Diluted EPS": 0.48,
        "Total Revenue": 160,
        "Gross Profit": 50,
        "Operating Income": 18,
        "EBIT": 22,
        "Net Income": 10
    },
    "2013-12-31": {
        "Diluted EPS": 0.33,
        "Total Revenue": 145,
        "Gross Profit": 43,
        "Operating Income": 11,
        "EBIT": 15,
        "Net Income": 7
    },
    "2013-09-30": {
        "Diluted EPS": 0.36,
        "Total Revenue": 139,
        "Gross Profit": 44,
        "Operating Income": 12,
        "EBIT": 16,
        "Net Income": 7
    },
    "2013-06-30": {
        "Diluted EPS": 0.35,
        "Total Revenue": 139,
        "Gross Profit": 43,
        "Operating Income": 13,
        "EBIT": 17,
        "Net Income": 7
    },
    "2013-03-31": {
        "Diluted EPS": 2.64,
        "Total Revenue": 145,
        "Gross Profit": 44,
        "Operating Income": 14,
        "EBIT": 18,
        "Net Income": 52
    },
    "2012-12-31": {
        "Diluted EPS": 0.49,
        "Total Revenue": 153,
        "Gross Profit": 44,
        "Operating Income": 14,
        "EBIT": 17,
        "Net Income": 10
    },
    "2012-09-30": {
        "Diluted EPS": 0.42,
        "Total Revenue": 146,
        "Gross Profit": 42,
        "Operating Income": 13,
        "EBIT": 16,
        "Net Income": 8
    },
    "2012-06-30": {
        "Diluted EPS": 0.43,
        "Total Revenue": 153,
        "Gross Profit": 44,
        "Operating Income": 13,
        "EBIT": 16,
        "Net Income": 8
    },
    "2012-03-31": {
        "Diluted EPS": 0.46,
        "Total Revenue": 160,
        "Gross Profit": 44,
        "Operating Income": 14,
        "EBIT": 17,
        "Net Income": 9
    },
    "2011-12-31": {
        "Diluted EPS": 0.44,
        "Total Revenue": 143,
        "Gross Profit": 39,
        "Operating Income": 12,
        "EBIT": 15,
        "Net Income": 9
    },
    "2011-09-30": {
        "Diluted EPS": 0.34,
        "Total Revenue": 150,
        "Gross Profit": 39,
        "Operating Income": 12,
        "EBIT": 15,
        "Net Income": 7
    },
    "2011-06-30": {
        "Diluted EPS": 0.14,
        "Total Revenue": 140,
        "Gross Profit": 36,
        "Operating Income": 7,
        "EBIT": 10,
        "Net Income": 3
    },
    "2011-03-31": {
        "Diluted EPS": 0.13,
        "Total Revenue": 144,
        "Gross Profit": 37,
        "Operating Income": 9,
        "EBIT": 12,
        "Net Income": 3
    },
    "2010-12-31": {
        "Diluted EPS": -2.08,
        "Total Revenue": 129,
        "Gross Profit": 29,
        "Operating Income": 3,
        "EBIT": 6,
        "Net Income": -40
    },
    "2010-09-30": {
        "Diluted EPS": 0.1,
        "Total Revenue": 132,
        "Gross Profit": 31,
        "Operating Income": 5,
        "EBIT": 8,
        "Net Income": 2
    },
    "2010-06-30": {
        "Diluted EPS": -0.04,
        "Total Revenue": 119,
        "Gross Profit": 28,
        "Operating Income": 1,
        "EBIT": 4,
        "Net Income": -1
    },
    "2010-03-31": {
        "Diluted EPS": 0.02,
        "Total Revenue": 123,
        "Gross Profit": 32,
        "Operating Income": 0,
        "EBIT": 3,
        "Net Income": 0
    },
    "2009-12-31": {
        "Diluted EPS": -0.12,
        "Total Revenue": 119,
        "Gross Profit": 27,
        "Operating Income": -3,
        "EBIT": 1,
        "Net Income": -2
    },
    "2009-09-30": {
        "Diluted EPS": -0.14,
        "Total Revenue": 115,
        "Gross Profit": 28,
        "Operating Income": 1,
        "EBIT": 4,
        "Net Income": -3
    },
    "2009-06-30": {
        "Diluted EPS": -0.13,
        "Total Revenue": 119,
        "Gross Profit": 29,
        "Operating Income": -2,
        "EBIT": 1,
        "Net Income": -2
    },
    "2009-03-31": {
        "Diluted EPS": -5.41,
        "Total Revenue": 136,
        "Gross Profit": 35,
        "Operating Income": -101,
        "EBIT": -97,
        "Net Income": -103
    },
    "2023-09-30": {
        "Tax Effect Of Unusual Items": NaN,
        "Tax Rate For Calcs": NaN,
        "Normalized EBITDA": NaN,
        "Total Unusual Items": NaN,
        "Total Unusual Items Excluding Goodwill": NaN,
        "Net Income From Continuing Operation Net Minority Interest": NaN,
        "Reconciled Depreciation": NaN,
        "Reconciled Cost Of Revenue": NaN,
        "EBITDA": NaN,
        "EBIT": NaN,
        "Net Interest Income": NaN,
        "Interest Expense": NaN,
        "Normalized Income": NaN,
        "Net Income From Continuing And Discontinued Operation": NaN,
        "Total Expenses": NaN,
        "Total Operating Income As Reported": NaN,
        "Diluted Average Shares": 29001000.0,
        "Basic Average Shares": 28725000.0,
        "Diluted EPS": 0.55,
        "Basic EPS": 0.55,
        "Diluted NI Availto Com Stockholders": NaN,
        "Net Income Common Stockholders": NaN,
        "Net Income": NaN,
        "Net Income Including Noncontrolling Interests": NaN,
        "Net Income Continuous Operations": NaN,
        "Tax Provision": NaN,
        "Pretax Income": NaN,
        "Other Income Expense": NaN,
        "Other Non Operating Income Expenses": NaN,
        "Gain On Sale Of Security": NaN,
        "Net Non Operating Interest Income Expense": NaN,
        "Interest Expense Non Operating": NaN,
        "Operating Income": NaN,
        "Operating Expense": NaN,
        "Depreciation Amortization Depletion Income Statement": NaN,
        "Depreciation And Amortization In Income Statement": NaN,
        "Amortization": NaN,
        "Amortization Of Intangibles Income Statement": NaN,
        "Research And Development": NaN,
        "Selling General And Administration": NaN,
        "Selling And Marketing Expense": NaN,
        "General And Administrative Expense": NaN,
        "Other Gand A": NaN,
        "Gross Profit": NaN,
        "Cost Of Revenue": NaN,
        "Total Revenue": NaN,
        "Operating Revenue": NaN
    },
    "2023-12-31": {
        "Tax Effect Of Unusual Items": NaN,
        "Tax Rate For Calcs": NaN,
        "Normalized EBITDA": NaN,
        "Total Unusual Items": NaN,
        "Total Unusual Items Excluding Goodwill": NaN,
        "Net Income From Continuing Operation Net Minority Interest": NaN,
        "Reconciled Depreciation": NaN,
        "Reconciled Cost Of Revenue": NaN,
        "EBITDA": NaN,
        "EBIT": NaN,
        "Net Interest Income": NaN,
        "Interest Expense": NaN,
        "Normalized Income": NaN,
        "Net Income From Continuing And Discontinued Operation": NaN,
        "Total Expenses": NaN,
        "Total Operating Income As Reported": NaN,
        "Diluted Average Shares": 28991000.0,
        "Basic Average Shares": 28744000.0,
        "Diluted EPS": 0.34,
        "Basic EPS": 0.34,
        "Diluted NI Availto Com Stockholders": NaN,
        "Net Income Common Stockholders": NaN,
        "Net Income": NaN,
        "Net Income Including Noncontrolling Interests": NaN,
        "Net Income Continuous Operations": NaN,
        "Tax Provision": NaN,
        "Pretax Income": NaN,
        "Other Income Expense": NaN,
        "Other Non Operating Income Expenses": NaN,
        "Gain On Sale Of Security": NaN,
        "Net Non Operating Interest Income Expense": NaN,
        "Interest Expense Non Operating": NaN,
        "Operating Income": NaN,
        "Operating Expense": NaN,
        "Depreciation Amortization Depletion Income Statement": NaN,
        "Depreciation And Amortization In Income Statement": NaN,
        "Amortization": NaN,
        "Amortization Of Intangibles Income Statement": NaN,
        "Research And Development": NaN,
        "Selling General And Administration": NaN,
        "Selling And Marketing Expense": NaN,
        "General And Administrative Expense": NaN,
        "Other Gand A": NaN,
        "Gross Profit": NaN,
        "Cost Of Revenue": NaN,
        "Total Revenue": NaN,
        "Operating Revenue": NaN
    },
    "2024-03-31": {
        "Tax Effect Of Unusual Items": -35781.14078,
        "Tax Rate For Calcs": 0.174542,
        "Normalized EBITDA": 35573000.0,
        "Total Unusual Items": -205000.0,
        "Total Unusual Items Excluding Goodwill": -205000.0,
        "Net Income From Continuing Operation Net Minority Interest": 11809000.0,
        "Reconciled Depreciation": 11893000.0,
        "Reconciled Cost Of Revenue": 166821000.0,
        "EBITDA": 35368000.0,
        "EBIT": 23475000.0,
        "Net Interest Income": -9169000.0,
        "Interest Expense": 9169000.0,
        "Normalized Income": 11978218.85922,
        "Net Income From Continuing And Discontinued Operation": 11809000.0,
        "Total Expenses": 240067000.0,
        "Total Operating Income As Reported": 25437000.0,
        "Diluted Average Shares": NaN,
        "Basic Average Shares": NaN,
        "Diluted EPS": NaN,
        "Basic EPS": NaN,
        "Diluted NI Availto Com Stockholders": 11809000.0,
        "Net Income Common Stockholders": 11809000.0,
        "Net Income": 11809000.0,
        "Net Income Including Noncontrolling Interests": 11809000.0,
        "Net Income Continuous Operations": 11809000.0,
        "Tax Provision": 2497000.0,
        "Pretax Income": 14306000.0,
        "Other Income Expense": -1962000.0,
        "Other Non Operating Income Expenses": -1757000.0,
        "Gain On Sale Of Security": -205000.0,
        "Net Non Operating Interest Income Expense": -9169000.0,
        "Interest Expense Non Operating": 9169000.0,
        "Operating Income": 25437000.0,
        "Operating Expense": 68878000.0,
        "Depreciation Amortization Depletion Income Statement": 7525000.0,
        "Depreciation And Amortization In Income Statement": 7525000.0,
        "Amortization": 7525000.0,
        "Amortization Of Intangibles Income Statement": 7525000.0,
        "Research And Development": 7059000.0,
        "Selling General And Administration": 54294000.0,
        "Selling And Marketing Expense": 26941000.0,
        "General And Administrative Expense": 27353000.0,
        "Other Gand A": 27353000.0,
        "Gross Profit": 94315000.0,
        "Cost Of Revenue": 171189000.0,
        "Total Revenue": 265504000.0,
        "Operating Revenue": 265504000.0
    },
    "2024-06-30": {
        "Tax Effect Of Unusual Items": -52805.477178,
        "Tax Rate For Calcs": 0.2839,
        "Normalized EBITDA": 32311000.0,
        "Total Unusual Items": -186000.0,
        "Total Unusual Items Excluding Goodwill": -186000.0,
        "Net Income From Continuing Operation Net Minority Interest": 8629000.0,
        "Reconciled Depreciation": 11840000.0,
        "Reconciled Cost Of Revenue": 146356000.0,
        "EBITDA": 32125000.0,
        "EBIT": 20285000.0,
        "Net Interest Income": -8235000.0,
        "Interest Expense": 8235000.0,
        "Normalized Income": 8762194.522822,
        "Net Income From Continuing And Discontinued Operation": 8629000.0,
        "Total Expenses": 218579000.0,
        "Total Operating Income As Reported": 21147000.0,
        "Diluted Average Shares": 29127000.0,
        "Basic Average Shares": 28834000.0,
        "Diluted EPS": 0.3,
        "Basic EPS": 0.3,
        "Diluted NI Availto Com Stockholders": 8629000.0,
        "Net Income Common Stockholders": 8629000.0,
        "Net Income": 8629000.0,
        "Net Income Including Noncontrolling Interests": 8629000.0,
        "Net Income Continuous Operations": 8629000.0,
        "Tax Provision": 3421000.0,
        "Pretax Income": 12050000.0,
        "Other Income Expense": -862000.0,
        "Other Non Operating Income Expenses": -676000.0,
        "Gain On Sale Of Security": -186000.0,
        "Net Non Operating Interest Income Expense": -8235000.0,
        "Interest Expense Non Operating": 8235000.0,
        "Operating Income": 21147000.0,
        "Operating Expense": 67883000.0,
        "Depreciation Amortization Depletion Income Statement": 7500000.0,
        "Depreciation And Amortization In Income Statement": 7500000.0,
        "Amortization": 7500000.0,
        "Amortization Of Intangibles Income Statement": 7500000.0,
        "Research And Development": 6166000.0,
        "Selling General And Administration": 54217000.0,
        "Selling And Marketing Expense": 27770000.0,
        "General And Administrative Expense": 26447000.0,
        "Other Gand A": 26447000.0,
        "Gross Profit": 89030000.0,
        "Cost Of Revenue": 150696000.0,
        "Total Revenue": 239726000.0,
        "Operating Revenue": 239726000.0
    },
    "2024-09-30": {
        "Tax Effect Of Unusual Items": 344895.794697,
        "Tax Rate For Calcs": 0.246003,
        "Normalized EBITDA": -813000.0,
        "Total Unusual Items": 1402000.0,
        "Total Unusual Items Excluding Goodwill": 1402000.0,
        "Net Income From Continuing Operation Net Minority Interest": -15043000.0,
        "Reconciled Depreciation": 12188000.0,
        "Reconciled Cost Of Revenue": 162890000.0,
        "EBITDA": 589000.0,
        "EBIT": -11599000.0,
        "Net Interest Income": -8352000.0,
        "Interest Expense": 8352000.0,
        "Normalized Income": -16100104.205303,
        "Net Income From Continuing And Discontinued Operation": -15043000.0,
        "Total Expenses": 231469000.0,
        "Total Operating Income As Reported": 10805000.0,
        "Diluted Average Shares": 28869000.0,
        "Basic Average Shares": 28869000.0,
        "Diluted EPS": -0.52,
        "Basic EPS": -0.52,
        "Diluted NI Availto Com Stockholders": -15043000.0,
        "Net Income Common Stockholders": -15043000.0,
        "Net Income": -15043000.0,
        "Net Income Including Noncontrolling Interests": -15043000.0,
        "Net Income Continuous Operations": -15043000.0,
        "Tax Provision": -4908000.0,
        "Pretax Income": -19951000.0,
        "Other Income Expense": -22404000.0,
        "Other Non Operating Income Expenses": -23806000.0,
        "Gain On Sale Of Security": 1402000.0,
        "Net Non Operating Interest Income Expense": -8352000.0,
        "Interest Expense Non Operating": 8352000.0,
        "Operating Income": 10805000.0,
        "Operating Expense": 63938000.0,
        "Depreciation Amortization Depletion Income Statement": 7547000.0,
        "Depreciation And Amortization In Income Statement": 7547000.0,
        "Amortization": 7547000.0,
        "Amortization Of Intangibles Income Statement": 7547000.0,
        "Research And Development": 6102000.0,
        "Selling General And Administration": 50289000.0,
        "Selling And Marketing Expense": 26926000.0,
        "General And Administrative Expense": 23363000.0,
        "Other Gand A": 23363000.0,
        "Gross Profit": 74743000.0,
        "Cost Of Revenue": 167531000.0,
        "Total Revenue": 242274000.0,
        "Operating Revenue": 242274000.0
    },
    "2024-12-31": {
        "Tax Effect Of Unusual Items": -1014420.0,
        "Tax Rate For Calcs": 0.33,
        "Normalized EBITDA": 28863000.0,
        "Total Unusual Items": -3074000.0,
        "Total Unusual Items Excluding Goodwill": -3074000.0,
        "Net Income From Continuing Operation Net Minority Interest": 3960000.0,
        "Reconciled Depreciation": 12202000.0,
        "Reconciled Cost Of Revenue": 147340000.0,
        "EBITDA": 25789000.0,
        "EBIT": 13587000.0,
        "Net Interest Income": -7698000.0,
        "Interest Expense": 7698000.0,
        "Normalized Income": 6019580.0,
        "Net Income From Continuing And Discontinued Operation": 3960000.0,
        "Total Expenses": 216448000.0,
        "Total Operating Income As Reported": 17690000.0,
        "Diluted Average Shares": 28888000.0,
        "Basic Average Shares": 28631000.0,
        "Diluted EPS": 0.14,
        "Basic EPS": 0.14,
        "Diluted NI Availto Com Stockholders": 3960000.0,
        "Net Income Common Stockholders": 3960000.0,
        "Net Income": 3960000.0,
        "Net Income Including Noncontrolling Interests": 3960000.0,
        "Net Income Continuous Operations": 3960000.0,
        "Tax Provision": 1929000.0,
        "Pretax Income": 5889000.0,
        "Other Income Expense": -4103000.0,
        "Other Non Operating Income Expenses": -1029000.0,
        "Gain On Sale Of Security": -3074000.0,
        "Net Non Operating Interest Income Expense": -7698000.0,
        "Interest Expense Non Operating": 7698000.0,
        "Operating Income": 17690000.0,
        "Operating Expense": 64407000.0,
        "Depreciation Amortization Depletion Income Statement": 7501000.0,
        "Depreciation And Amortization In Income Statement": 7501000.0,
        "Amortization": 7501000.0,
        "Amortization Of Intangibles Income Statement": 7501000.0,
        "Research And Development": 5325000.0,
        "Selling General And Administration": 51581000.0,
        "Selling And Marketing Expense": 27348000.0,
        "General And Administrative Expense": 24233000.0,
        "Other Gand A": 24233000.0,
        "Gross Profit": 82097000.0,
        "Cost Of Revenue": 152041000.0,
        "Total Revenue": 234138000.0,
        "Operating Revenue": 234138000.0
    },
    "2025-03-31": {
        "Tax Effect Of Unusual Items": -4632.121386,
        "Tax Rate For Calcs": 0.231606,
        "Normalized EBITDA": 16625000.0,
        "Total Unusual Items": -20000.0,
        "Total Unusual Items Excluding Goodwill": -20000.0,
        "Net Income From Continuing Operation Net Minority Interest": -2684000.0,
        "Reconciled Depreciation": 11957000.0,
        "Reconciled Cost Of Revenue": 162520000.0,
        "EBITDA": 16605000.0,
        "EBIT": 4648000.0,
        "Net Interest Income": -8141000.0,
        "Interest Expense": 8141000.0,
        "Normalized Income": -2668632.121386,
        "Net Income From Continuing And Discontinued Operation": -2684000.0,
        "Total Expenses": 241958000.0,
        "Total Operating Income As Reported": 4931000.0,
        "Diluted Average Shares": NaN,
        "Basic Average Shares": NaN,
        "Diluted EPS": NaN,
        "Basic EPS": NaN,
        "Diluted NI Availto Com Stockholders": -2684000.0,
        "Net Income Common Stockholders": -2684000.0,
        "Net Income": -2684000.0,
        "Net Income Including Noncontrolling Interests": -2684000.0,
        "Net Income Continuous Operations": -2684000.0,
        "Tax Provision": -809000.0,
        "Pretax Income": -3493000.0,
        "Other Income Expense": -283000.0,
        "Other Non Operating Income Expenses": -263000.0,
        "Gain On Sale Of Security": -20000.0,
        "Net Non Operating Interest Income Expense": -8141000.0,
        "Interest Expense Non Operating": 8141000.0,
        "Operating Income": 4931000.0,
        "Operating Expense": 74879000.0,
        "Depreciation Amortization Depletion Income Statement": 7398000.0,
        "Depreciation And Amortization In Income Statement": 7398000.0,
        "Amortization": 7398000.0,
        "Amortization Of Intangibles Income Statement": 7398000.0,
        "Research And Development": 6276000.0,
        "Selling General And Administration": 61205000.0,
        "Selling And Marketing Expense": 27999000.0,
        "General And Administrative Expense": 33206000.0,
        "Other Gand A": 33206000.0,
        "Gross Profit": 79810000.0,
        "Cost Of Revenue": 167079000.0,
        "Total Revenue": 246889000.0,
        "Operating Revenue": 246889000.0
    },
    "2025-06-30": {
        "Tax Effect Of Unusual Items": 292110.0,
        "Tax Rate For Calcs": 0.21,
        "Normalized EBITDA": 17935000.0,
        "Total Unusual Items": 1391000.0,
        "Total Unusual Items Excluding Goodwill": 1391000.0,
        "Net Income From Continuing Operation Net Minority Interest": -1898000.0,
        "Reconciled Depreciation": 12266000.0,
        "Reconciled Cost Of Revenue": 154067000.0,
        "EBITDA": 19326000.0,
        "EBIT": 7060000.0,
        "Net Interest Income": -8698000.0,
        "Interest Expense": 8698000.0,
        "Normalized Income": -2996890.0,
        "Net Income From Continuing And Discontinued Operation": -1898000.0,
        "Total Expenses": 230428000.0,
        "Total Operating Income As Reported": 5492000.0,
        "Diluted Average Shares": 28658000.0,
        "Basic Average Shares": 28658000.0,
        "Diluted EPS": -0.07,
        "Basic EPS": -0.07,
        "Diluted NI Availto Com Stockholders": -1898000.0,
        "Net Income Common Stockholders": -1898000.0,
        "Net Income": -1898000.0,
        "Net Income Including Noncontrolling Interests": -1898000.0,
        "Net Income Continuous Operations": -1898000.0,
        "Tax Provision": 260000.0,
        "Pretax Income": -1638000.0,
        "Other Income Expense": 1568000.0,
        "Other Non Operating Income Expenses": 177000.0,
        "Gain On Sale Of Security": 1391000.0,
        "Net Non Operating Interest Income Expense": -8698000.0,
        "Interest Expense Non Operating": 8698000.0,
        "Operating Income": 5492000.0,
        "Operating Expense": 71730000.0,
        "Depreciation Amortization Depletion Income Statement": 7635000.0,
        "Depreciation And Amortization In Income Statement": 7635000.0,
        "Amortization": 7635000.0,
        "Amortization Of Intangibles Income Statement": 7635000.0,
        "Research And Development": 4821000.0,
        "Selling General And Administration": 59274000.0,
        "Selling And Marketing Expense": 28531000.0,
        "General And Administrative Expense": 30743000.0,
        "Other Gand A": 30743000.0,
        "Gross Profit": 77222000.0,
        "Cost Of Revenue": 158698000.0,
        "Total Revenue": 235920000.0,
        "Operating Revenue": 235920000.0
    }
}