{
    "2023-06-30": {
        "Tax Effect Of Unusual Items": 368527000.0,
        "Tax Rate For Calcs": 0.235,
        "Normalized EBITDA": -422300000.0,
        "Total Unusual Items": 1568200000.0,
        "Total Unusual Items Excluding Goodwill": 1568200000.0,
        "Net Income From Continuing Operation Net Minority Interest": 777600000.0,
        "Reconciled Depreciation": 89300000.0,
        "Reconciled Cost Of Revenue": 205700000.0,
        "EBITDA": 1145900000.0,
        "EBIT": 1056600000.0,
        "Net Interest Income": -40200000.0,
        "Interest Expense": 40200000.0,
        "Normalized Income": -422073000.0,
        "Net Income From Continuing And Discontinued Operation": 777600000.0,
        "Total Expenses": 521600000.0,
        "Total Operating Income As Reported": 838600000.0,
        "Diluted Average Shares": 359429000.0,
        "Basic Average Shares": 358940000.0,
        "Diluted EPS": 2.14,
        "Basic EPS": 2.14,
        "Diluted NI Availto Com Stockholders": 767800000.0,
        "Net Income Common Stockholders": 767800000.0,
        "Otherunder Preferred Stock Dividend": 4700000.0,
        "Preferred Stock Dividends": 5100000.0,
        "Net Income": 777600000.0,
        "Net Income Including Noncontrolling Interests": 777600000.0,
        "Net Income Continuous Operations": 777600000.0,
        "Tax Provision": 238800000.0,
        "Pretax Income": 1016400000.0,
        "Other Income Expense": 218000000.0,
        "Other Non Operating Income Expenses": -1425300000.0,
        "Earnings From Equity Interest": 75100000.0,
        "Gain On Sale Of Security": 1568200000.0,
        "Net Non Operating Interest Income Expense": -40200000.0,
        "Interest Expense Non Operating": 40200000.0,
        "Operating Income": 838600000.0,
        "Operating Expense": 315900000.0,
        "Other Operating Expenses": 188800000.0,
        "Depreciation Amortization Depletion Income Statement": 89300000.0,
        "Depreciation And Amortization In Income Statement": 89300000.0,
        "Amortization": 57000000.0,
        "Amortization Of Intangibles Income Statement": 57000000.0,
        "Depreciation Income Statement": 32300000.0,
        "Selling General And Administration": 37800000.0,
        "General And Administrative Expense": 37800000.0,
        "Other Gand A": 37800000.0,
        "Gross Profit": 1154500000.0,
        "Cost Of Revenue": 205700000.0,
        "Total Revenue": 1360200000.0,
        "Operating Revenue": 1281400000.0
    },
    "2023-03-31": {
        "Tax Effect Of Unusual Items": 320417200.0,
        "Tax Rate For Calcs": 0.236,
        "Normalized EBITDA": -72200000.0,
        "Total Unusual Items": 1357700000.0,
        "Total Unusual Items Excluding Goodwill": 1357700000.0,
        "Net Income From Continuing Operation Net Minority Interest": 883800000.0,
        "Reconciled Depreciation": 88700000.0,
        "Reconciled Cost Of Revenue": 204500000.0,
        "EBITDA": 1285500000.0,
        "EBIT": 1196800000.0,
        "Net Interest Income": -39900000.0,
        "Interest Expense": 39900000.0,
        "Normalized Income": -153482800.0,
        "Net Income From Continuing And Discontinued Operation": 883800000.0,
        "Total Expenses": 527900000.0,
        "Total Operating Income As Reported": 913700000.0,
        "Diluted Average Shares": 359313000.0,
        "Basic Average Shares": 358933000.0,
        "Diluted EPS": 2.43,
        "Basic EPS": 2.43,
        "Diluted NI Availto Com Stockholders": 872700000.0,
        "Net Income Common Stockholders": 872700000.0,
        "Otherunder Preferred Stock Dividend": 6100000.0,
        "Preferred Stock Dividends": 5000000.0,
        "Net Income": 883800000.0,
        "Minority Interests": NaN,
        "Net Income Including Noncontrolling Interests": 883800000.0,
        "Net Income Continuous Operations": 883800000.0,
        "Tax Provision": 273100000.0,
        "Pretax Income": 1156900000.0,
        "Other Income Expense": 283100000.0,
        "Other Non Operating Income Expenses": -1152800000.0,
        "Earnings From Equity Interest": 78200000.0,
        "Gain On Sale Of Security": 1357700000.0,
        "Net Non Operating Interest Income Expense": -39900000.0,
        "Interest Expense Non Operating": 39900000.0,
        "Operating Income": 913700000.0,
        "Operating Expense": 323400000.0,
        "Other Operating Expenses": 196400000.0,
        "Depreciation Amortization Depletion Income Statement": 88700000.0,
        "Depreciation And Amortization In Income Statement": 88700000.0,
        "Amortization": 56800000.0,
        "Amortization Of Intangibles Income Statement": 56800000.0,
        "Depreciation Income Statement": 31900000.0,
        "Selling General And Administration": 38300000.0,
        "General And Administrative Expense": 38300000.0,
        "Other Gand A": 38300000.0,
        "Gross Profit": 1237100000.0,
        "Cost Of Revenue": 204500000.0,
        "Total Revenue": 1441600000.0,
        "Operating Revenue": 1366000000.0
    },
    "2022-12-31": {
        "Tax Effect Of Unusual Items": NaN,
        "Tax Rate For Calcs": NaN,
        "Normalized EBITDA": NaN,
        "Total Unusual Items": NaN,
        "Total Unusual Items Excluding Goodwill": NaN,
        "Net Income From Continuing Operation Net Minority Interest": NaN,
        "Reconciled Depreciation": NaN,
        "Reconciled Cost Of Revenue": NaN,
        "EBITDA": NaN,
        "EBIT": NaN,
        "Net Interest Income": NaN,
        "Interest Expense": NaN,
        "Normalized Income": NaN,
        "Net Income From Continuing And Discontinued Operation": NaN,
        "Total Expenses": NaN,
        "Total Operating Income As Reported": NaN,
        "Diluted Average Shares": NaN,
        "Basic Average Shares": NaN,
        "Diluted EPS": NaN,
        "Basic EPS": NaN,
        "Diluted NI Availto Com Stockholders": NaN,
        "Net Income Common Stockholders": NaN,
        "Otherunder Preferred Stock Dividend": NaN,
        "Preferred Stock Dividends": NaN,
        "Net Income": NaN,
        "Minority Interests": 0.0,
        "Net Income Including Noncontrolling Interests": NaN,
        "Net Income Continuous Operations": NaN,
        "Tax Provision": NaN,
        "Pretax Income": NaN,
        "Other Income Expense": NaN,
        "Other Non Operating Income Expenses": NaN,
        "Earnings From Equity Interest": NaN,
        "Gain On Sale Of Security": NaN,
        "Net Non Operating Interest Income Expense": NaN,
        "Interest Expense Non Operating": NaN,
        "Operating Income": NaN,
        "Operating Expense": NaN,
        "Other Operating Expenses": NaN,
        "Depreciation Amortization Depletion Income Statement": NaN,
        "Depreciation And Amortization In Income Statement": NaN,
        "Amortization": NaN,
        "Amortization Of Intangibles Income Statement": NaN,
        "Depreciation Income Statement": NaN,
        "Selling General And Administration": NaN,
        "General And Administrative Expense": NaN,
        "Other Gand A": NaN,
        "Gross Profit": NaN,
        "Cost Of Revenue": NaN,
        "Total Revenue": NaN,
        "Operating Revenue": NaN
    },
    "2022-09-30": {
        "Tax Effect Of Unusual Items": NaN,
        "Tax Rate For Calcs": NaN,
        "Normalized EBITDA": NaN,
        "Total Unusual Items": NaN,
        "Total Unusual Items Excluding Goodwill": NaN,
        "Net Income From Continuing Operation Net Minority Interest": NaN,
        "Reconciled Depreciation": NaN,
        "Reconciled Cost Of Revenue": NaN,
        "EBITDA": NaN,
        "EBIT": NaN,
        "Net Interest Income": NaN,
        "Interest Expense": NaN,
        "Normalized Income": NaN,
        "Net Income From Continuing And Discontinued Operation": NaN,
        "Total Expenses": NaN,
        "Total Operating Income As Reported": NaN,
        "Diluted Average Shares": NaN,
        "Basic Average Shares": NaN,
        "Diluted EPS": NaN,
        "Basic EPS": NaN,
        "Diluted NI Availto Com Stockholders": NaN,
        "Net Income Common Stockholders": NaN,
        "Otherunder Preferred Stock Dividend": NaN,
        "Preferred Stock Dividends": NaN,
        "Net Income": NaN,
        "Minority Interests": 0.0,
        "Net Income Including Noncontrolling Interests": NaN,
        "Net Income Continuous Operations": NaN,
        "Tax Provision": NaN,
        "Pretax Income": NaN,
        "Other Income Expense": NaN,
        "Other Non Operating Income Expenses": NaN,
        "Earnings From Equity Interest": NaN,
        "Gain On Sale Of Security": NaN,
        "Net Non Operating Interest Income Expense": NaN,
        "Interest Expense Non Operating": NaN,
        "Operating Income": NaN,
        "Operating Expense": NaN,
        "Other Operating Expenses": NaN,
        "Depreciation Amortization Depletion Income Statement": NaN,
        "Depreciation And Amortization In Income Statement": NaN,
        "Amortization": NaN,
        "Amortization Of Intangibles Income Statement": NaN,
        "Depreciation Income Statement": NaN,
        "Selling General And Administration": NaN,
        "General And Administrative Expense": NaN,
        "Other Gand A": NaN,
        "Gross Profit": NaN,
        "Cost Of Revenue": NaN,
        "Total Revenue": NaN,
        "Operating Revenue": NaN
    },
    "2022-06-30": {
        "Tax Effect Of Unusual Items": 67595454.020999,
        "Tax Rate For Calcs": 0.235606,
        "Normalized EBITDA": 709800000.0,
        "Total Unusual Items": 286900000.0,
        "Total Unusual Items Excluding Goodwill": 286900000.0,
        "Net Income From Continuing Operation Net Minority Interest": 662500000.0,
        "Reconciled Depreciation": 90100000.0,
        "Reconciled Cost Of Revenue": 185300000.0,
        "EBITDA": 996700000.0,
        "EBIT": 906600000.0,
        "Net Interest Income": -39900000.0,
        "Interest Expense": 39900000.0,
        "Normalized Income": 443195454.020999,
        "Net Income From Continuing And Discontinued Operation": 662500000.0,
        "Total Expenses": 487500000.0,
        "Total Operating Income As Reported": 749700000.0,
        "Diluted Average Shares": 359205000.0,
        "Basic Average Shares": 358641000.0,
        "Diluted EPS": 1.82,
        "Basic EPS": 1.82,
        "Diluted NI Availto Com Stockholders": 662500000.0,
        "Net Income Common Stockholders": 662500000.0,
        "Otherunder Preferred Stock Dividend": 3800000.0,
        "Preferred Stock Dividends": 4600000.0,
        "Net Income": 662500000.0,
        "Minority Interests": 0.0,
        "Net Income Including Noncontrolling Interests": 662500000.0,
        "Net Income Continuous Operations": 662500000.0,
        "Tax Provision": 204200000.0,
        "Pretax Income": 866700000.0,
        "Other Income Expense": 156900000.0,
        "Other Non Operating Income Expenses": -217300000.0,
        "Earnings From Equity Interest": 87300000.0,
        "Gain On Sale Of Security": 286900000.0,
        "Net Non Operating Interest Income Expense": -39900000.0,
        "Interest Expense Non Operating": 39900000.0,
        "Operating Income": 749700000.0,
        "Operating Expense": 302200000.0,
        "Other Operating Expenses": 180100000.0,
        "Depreciation Amortization Depletion Income Statement": 90100000.0,
        "Depreciation And Amortization In Income Statement": 90100000.0,
        "Amortization": 57100000.0,
        "Amortization Of Intangibles Income Statement": 57100000.0,
        "Depreciation Income Statement": 33000000.0,
        "Selling General And Administration": 32000000.0,
        "General And Administrative Expense": 32000000.0,
        "Other Gand A": 32000000.0,
        "Gross Profit": 1051900000.0,
        "Cost Of Revenue": 185300000.0,
        "Total Revenue": 1237200000.0,
        "Operating Revenue": 1176300000.0
    },
    "2022-03-31": {
        "Diluted EPS": 1.95,
        "Total Revenue": NaN,
        "Gross Profit": NaN,
        "Operating Income": 859,
        "EBIT": 951,
        "Net Income": 702
    },
    "2021-12-31": {
        "Diluted EPS": 1.69,
        "Total Revenue": NaN,
        "Gross Profit": NaN,
        "Operating Income": 632,
        "EBIT": 726,
        "Net Income": 606
    },
    "2021-09-30": {
        "Diluted EPS": 2.58,
        "Total Revenue": NaN,
        "Gross Profit": NaN,
        "Operating Income": 614,
        "EBIT": 710,
        "Net Income": 927
    },
    "2021-06-30": {
        "Diluted EPS": 1.42,
        "Total Revenue": NaN,
        "Gross Profit": NaN,
        "Operating Income": 675,
        "EBIT": 771,
        "Net Income": 510
    },
    "2021-03-31": {
        "Diluted EPS": 1.6,
        "Total Revenue": NaN,
        "Gross Profit": NaN,
        "Operating Income": 725,
        "EBIT": 823,
        "Net Income": 574
    },
    "2020-12-31": {
        "Diluted EPS": 1.18,
        "Total Revenue": NaN,
        "Gross Profit": NaN,
        "Operating Income": 515,
        "EBIT": 636,
        "Net Income": 424
    },
    "2020-09-30": {
        "Diluted EPS": 1.15,
        "Total Revenue": NaN,
        "Gross Profit": NaN,
        "Operating Income": 525,
        "EBIT": 643,
        "Net Income": 412
    },
    "2020-06-30": {
        "Diluted EPS": 1.4,
        "Total Revenue": NaN,
        "Gross Profit": NaN,
        "Operating Income": 638,
        "EBIT": 751,
        "Net Income": 503
    },
    "2020-03-31": {
        "Diluted EPS": 2.14,
        "Total Revenue": NaN,
        "Gross Profit": NaN,
        "Operating Income": 960,
        "EBIT": NaN,
        "Net Income": 766
    },
    "2019-12-31": {
        "Diluted EPS": 1.31,
        "Total Revenue": NaN,
        "Gross Profit": NaN,
        "Operating Income": 573,
        "EBIT": 689,
        "Net Income": 470
    },
    "2019-09-30": {
        "Diluted EPS": 1.78,
        "Total Revenue": NaN,
        "Gross Profit": NaN,
        "Operating Income": 685,
        "EBIT": 806,
        "Net Income": 636
    },
    "2019-06-30": {
        "Diluted EPS": 1.43,
        "Total Revenue": NaN,
        "Gross Profit": NaN,
        "Operating Income": 699,
        "EBIT": 821,
        "Net Income": 514
    },
    "2019-03-31": {
        "Diluted EPS": 1.39,
        "Total Revenue": NaN,
        "Gross Profit": NaN,
        "Operating Income": 631,
        "EBIT": 745,
        "Net Income": 497
    },
    "2018-12-31": {
        "Diluted EPS": 1.08,
        "Total Revenue": NaN,
        "Gross Profit": NaN,
        "Operating Income": 650,
        "EBIT": 742,
        "Net Income": 386
    },
    "2018-09-30": {
        "Diluted EPS": 1.21,
        "Total Revenue": 904,
        "Gross Profit": 904,
        "Operating Income": 550,
        "EBIT": 604,
        "Net Income": 412
    },
    "2018-06-30": {
        "Diluted EPS": 1.66,
        "Total Revenue": NaN,
        "Gross Profit": NaN,
        "Operating Income": 667,
        "EBIT": 718,
        "Net Income": 566
    },
    "2018-03-31": {
        "Diluted EPS": 1.76,
        "Total Revenue": NaN,
        "Gross Profit": NaN,
        "Operating Income": 741,
        "EBIT": 793,
        "Net Income": 599
    },
    "2017-12-31": {
        "Diluted EPS": 8.63,
        "Total Revenue": 900,
        "Gross Profit": 900,
        "Operating Income": 537,
        "EBIT": 589,
        "Net Income": NaN
    },
    "2017-09-30": {
        "Diluted EPS": 0.91,
        "Total Revenue": 891,
        "Gross Profit": 891,
        "Operating Income": 568,
        "EBIT": 618,
        "Net Income": 309
    },
    "2017-06-30": {
        "Diluted EPS": 1.22,
        "Total Revenue": 925,
        "Gross Profit": 925,
        "Operating Income": 605,
        "EBIT": 658,
        "Net Income": 416
    },
    "2017-03-31": {
        "Diluted EPS": 1.18,
        "Total Revenue": 929,
        "Gross Profit": 929,
        "Operating Income": 601,
        "EBIT": 654,
        "Net Income": 400
    },
    "2016-12-31": {
        "Diluted EPS": 1.1,
        "Total Revenue": 913,
        "Gross Profit": 913,
        "Operating Income": 538,
        "EBIT": 596,
        "Net Income": 373
    },
    "2016-09-30": {
        "Diluted EPS": 1.39,
        "Total Revenue": 842,
        "Gross Profit": 842,
        "Operating Income": 525,
        "EBIT": 581,
        "Net Income": 473
    },
    "2016-06-30": {
        "Diluted EPS": 0.95,
        "Total Revenue": 906,
        "Gross Profit": 906,
        "Operating Income": 563,
        "EBIT": 618,
        "Net Income": 320
    },
    "2016-03-31": {
        "Diluted EPS": 1.09,
        "Total Revenue": 934,
        "Gross Profit": 934,
        "Operating Income": 574,
        "EBIT": 632,
        "Net Income": 368
    },
    "2015-12-31": {
        "Diluted EPS": 0.87,
        "Total Revenue": 814,
        "Gross Profit": 814,
        "Operating Income": 470,
        "EBIT": 526,
        "Net Income": 292
    },
    "2015-09-30": {
        "Diluted EPS": 1.06,
        "Total Revenue": 850,
        "Gross Profit": 850,
        "Operating Income": 516,
        "EBIT": 574,
        "Net Income": 360
    },
    "2015-06-30": {
        "Diluted EPS": 0.78,
        "Total Revenue": 820,
        "Gross Profit": 820,
        "Operating Income": 495,
        "EBIT": 553,
        "Net Income": 265
    },
    "2015-03-31": {
        "Diluted EPS": 0.98,
        "Total Revenue": 843,
        "Gross Profit": 843,
        "Operating Income": 507,
        "EBIT": 564,
        "Net Income": 330
    },
    "2014-12-31": {
        "Diluted EPS": 0.91,
        "Total Revenue": 841,
        "Gross Profit": 841,
        "Operating Income": 472,
        "EBIT": 528,
        "Net Income": 307
    },
    "2014-09-30": {
        "Diluted EPS": 0.86,
        "Total Revenue": 762,
        "Gross Profit": 762,
        "Operating Income": 430,
        "EBIT": 488,
        "Net Income": 290
    },
    "2014-06-30": {
        "Diluted EPS": 0.79,
        "Total Revenue": 732,
        "Gross Profit": 732,
        "Operating Income": 412,
        "EBIT": 472,
        "Net Income": 264
    },
    "2014-03-31": {
        "Diluted EPS": 0.79,
        "Total Revenue": 777,
        "Gross Profit": 777,
        "Operating Income": 455,
        "EBIT": 514,
        "Net Income": 267
    },
    "2013-12-31": {
        "Diluted EPS": 0.57,
        "Total Revenue": 687,
        "Gross Profit": 687,
        "Operating Income": 323,
        "EBIT": 383,
        "Net Income": 193
    },
    "2013-09-30": {
        "Diluted EPS": 0.71,
        "Total Revenue": 715,
        "Gross Profit": 715,
        "Operating Income": 401,
        "EBIT": 461,
        "Net Income": 237
    },
    "2013-06-30": {
        "Diluted EPS": 0.93,
        "Total Revenue": 816,
        "Gross Profit": 816,
        "Operating Income": 508,
        "EBIT": 567,
        "Net Income": 311
    },
    "2013-03-31": {
        "Diluted EPS": 0.71,
        "Total Revenue": 719,
        "Gross Profit": 719,
        "Operating Income": 406,
        "EBIT": 464,
        "Net Income": 236
    },
    "2012-12-31": {
        "Diluted EPS": 0.5,
        "Total Revenue": 661,
        "Gross Profit": 661,
        "Operating Income": 376,
        "EBIT": 435,
        "Net Income": 167
    },
    "2012-09-30": {
        "Diluted EPS": 0.66,
        "Total Revenue": 683,
        "Gross Profit": 683,
        "Operating Income": 396,
        "EBIT": 457,
        "Net Income": 218
    },
    "2012-06-30": {
        "Diluted EPS": 0.74,
        "Total Revenue": 796,
        "Gross Profit": 796,
        "Operating Income": 469,
        "EBIT": 534,
        "Net Income": 245
    },
    "2012-03-31": {
        "Diluted EPS": 0.8,
        "Total Revenue": 775,
        "Gross Profit": 775,
        "Operating Income": 451,
        "EBIT": 519,
        "Net Income": 267
    },
    "2011-12-31": {
        "Diluted EPS": 2.24,
        "Total Revenue": 737,
        "Gross Profit": 737,
        "Operating Income": 390,
        "EBIT": 453,
        "Net Income": 746
    },
    "2011-09-30": {
        "Diluted EPS": 0.95,
        "Total Revenue": 874,
        "Gross Profit": 874,
        "Operating Income": 572,
        "EBIT": 638,
        "Net Income": 316
    },
    "2011-06-30": {
        "Diluted EPS": 0.88,
        "Total Revenue": 838,
        "Gross Profit": 838,
        "Operating Income": 535,
        "EBIT": 600,
        "Net Income": 294
    },
    "2011-03-31": {
        "Diluted EPS": 1.36,
        "Total Revenue": 832,
        "Gross Profit": 832,
        "Operating Income": 524,
        "EBIT": 590,
        "Net Income": 457
    },
    "2010-12-31": {
        "Diluted EPS": 0.58,
        "Total Revenue": 763,
        "Gross Profit": 763,
        "Operating Income": 458,
        "EBIT": 544,
        "Net Income": 196
    },
    "2010-09-30": {
        "Diluted EPS": 0.73,
        "Total Revenue": 733,
        "Gross Profit": 733,
        "Operating Income": 443,
        "EBIT": 510,
        "Net Income": 244
    },
    "2010-06-30": {
        "Diluted EPS": 0.82,
        "Total Revenue": 814,
        "Gross Profit": 814,
        "Operating Income": 515,
        "EBIT": 582,
        "Net Income": 271
    },
    "2010-03-31": {
        "Diluted EPS": 0.72,
        "Total Revenue": 693,
        "Gross Profit": 693,
        "Operating Income": 415,
        "EBIT": 479,
        "Net Income": 240
    },
    "2009-12-31": {
        "Diluted EPS": 0.61,
        "Total Revenue": 668,
        "Gross Profit": 668,
        "Operating Income": 403,
        "EBIT": 467,
        "Net Income": 203
    },
    "2009-09-30": {
        "Diluted EPS": 0.61,
        "Total Revenue": 650,
        "Gross Profit": 650,
        "Operating Income": 401,
        "EBIT": 466,
        "Net Income": 202
    },
    "2009-06-30": {
        "Diluted EPS": 0.67,
        "Total Revenue": 648,
        "Gross Profit": 648,
        "Operating Income": 399,
        "EBIT": 461,
        "Net Income": 222
    },
    "2009-03-31": {
        "Diluted EPS": 0.6,
        "Total Revenue": 647,
        "Gross Profit": 647,
        "Operating Income": 386,
        "EBIT": 460,
        "Net Income": 199
    },
    "2023-09-30": {
        "Tax Effect Of Unusual Items": NaN,
        "Tax Rate For Calcs": NaN,
        "Normalized EBITDA": NaN,
        "Total Unusual Items": NaN,
        "Total Unusual Items Excluding Goodwill": NaN,
        "Net Income From Continuing Operation Net Minority Interest": NaN,
        "Reconciled Depreciation": NaN,
        "Reconciled Cost Of Revenue": NaN,
        "EBITDA": NaN,
        "EBIT": NaN,
        "Net Interest Income": NaN,
        "Interest Expense": NaN,
        "Normalized Income": NaN,
        "Net Income From Continuing And Discontinued Operation": NaN,
        "Total Expenses": NaN,
        "Total Operating Income As Reported": NaN,
        "Diluted Average Shares": 359619000.0,
        "Basic Average Shares": 359020000.0,
        "Diluted EPS": 2.06,
        "Basic EPS": 2.06,
        "Diluted NI Availto Com Stockholders": NaN,
        "Net Income Common Stockholders": NaN,
        "Otherunder Preferred Stock Dividend": NaN,
        "Preferred Stock Dividends": NaN,
        "Net Income": NaN,
        "Net Income Including Noncontrolling Interests": NaN,
        "Net Income Continuous Operations": NaN,
        "Tax Provision": NaN,
        "Pretax Income": NaN,
        "Other Income Expense": NaN,
        "Other Non Operating Income Expenses": NaN,
        "Earnings From Equity Interest": NaN,
        "Gain On Sale Of Security": NaN,
        "Net Non Operating Interest Income Expense": NaN,
        "Interest Expense Non Operating": NaN,
        "Operating Income": NaN,
        "Operating Expense": NaN,
        "Other Operating Expenses": NaN,
        "Depreciation Amortization Depletion Income Statement": NaN,
        "Depreciation And Amortization In Income Statement": NaN,
        "Amortization": NaN,
        "Amortization Of Intangibles Income Statement": NaN,
        "Depreciation Income Statement": NaN,
        "Selling General And Administration": NaN,
        "General And Administrative Expense": NaN,
        "Other Gand A": NaN,
        "Gross Profit": NaN,
        "Cost Of Revenue": NaN,
        "Total Revenue": NaN,
        "Operating Revenue": NaN
    },
    "2023-12-31": {
        "Tax Effect Of Unusual Items": 204889324.055666,
        "Tax Rate For Calcs": 0.190258,
        "Normalized EBITDA": 55100000.0,
        "Total Unusual Items": 1076900000.0,
        "Total Unusual Items Excluding Goodwill": 1076900000.0,
        "Net Income From Continuing Operation Net Minority Interest": 814600000.0,
        "Reconciled Depreciation": 86300000.0,
        "Reconciled Cost Of Revenue": 212900000.0,
        "EBITDA": 1132000000.0,
        "EBIT": 1045700000.0,
        "Net Interest Income": -39700000.0,
        "Interest Expense": 39700000.0,
        "Normalized Income": -57410675.944334,
        "Net Income From Continuing And Discontinued Operation": 814600000.0,
        "Total Expenses": 576100000.0,
        "Total Operating Income As Reported": 863200000.0,
        "Diluted Average Shares": NaN,
        "Basic Average Shares": NaN,
        "Diluted EPS": NaN,
        "Basic EPS": NaN,
        "Diluted NI Availto Com Stockholders": 804300000.0,
        "Net Income Common Stockholders": 804300000.0,
        "Otherunder Preferred Stock Dividend": -18800000.0,
        "Preferred Stock Dividends": 29100000.0,
        "Net Income": 814600000.0,
        "Net Income Including Noncontrolling Interests": 814600000.0,
        "Net Income Continuous Operations": 814600000.0,
        "Tax Provision": 191400000.0,
        "Pretax Income": 1006000000.0,
        "Other Income Expense": 182500000.0,
        "Other Non Operating Income Expenses": -961200000.0,
        "Earnings From Equity Interest": 66800000.0,
        "Gain On Sale Of Security": 1076900000.0,
        "Net Non Operating Interest Income Expense": -39700000.0,
        "Interest Expense Non Operating": 39700000.0,
        "Operating Income": 863200000.0,
        "Operating Expense": 363200000.0,
        "Other Operating Expenses": 240800000.0,
        "Depreciation Amortization Depletion Income Statement": 86300000.0,
        "Depreciation And Amortization In Income Statement": 86300000.0,
        "Amortization": 55600000.0,
        "Amortization Of Intangibles Income Statement": 55600000.0,
        "Depreciation Income Statement": 30700000.0,
        "Selling General And Administration": 36100000.0,
        "General And Administrative Expense": 36100000.0,
        "Other Gand A": 36100000.0,
        "Gross Profit": 1226400000.0,
        "Cost Of Revenue": 212900000.0,
        "Total Revenue": 1439300000.0,
        "Operating Revenue": 1351700000.0
    },
    "2024-03-31": {
        "Tax Effect Of Unusual Items": 248541600.0,
        "Tax Rate For Calcs": 0.232,
        "Normalized EBITDA": 167300000.0,
        "Total Unusual Items": 1071300000.0,
        "Total Unusual Items Excluding Goodwill": 1071300000.0,
        "Net Income From Continuing Operation Net Minority Interest": 855200000.0,
        "Reconciled Depreciation": 85300000.0,
        "Reconciled Cost Of Revenue": 206000000.0,
        "EBITDA": 1238600000.0,
        "EBIT": 1153300000.0,
        "Net Interest Income": -39900000.0,
        "Interest Expense": 39900000.0,
        "Normalized Income": 32441600.0,
        "Net Income From Continuing And Discontinued Operation": 855200000.0,
        "Total Expenses": 528300000.0,
        "Total Operating Income As Reported": 959600000.0,
        "Diluted Average Shares": 359833000.0,
        "Basic Average Shares": 359258000.0,
        "Diluted EPS": 2.35,
        "Basic EPS": 2.35,
        "Diluted NI Availto Com Stockholders": 844400000.0,
        "Net Income Common Stockholders": 844400000.0,
        "Otherunder Preferred Stock Dividend": 5500000.0,
        "Preferred Stock Dividends": 5300000.0,
        "Net Income": 855200000.0,
        "Net Income Including Noncontrolling Interests": 855200000.0,
        "Net Income Continuous Operations": 855200000.0,
        "Tax Provision": 258200000.0,
        "Pretax Income": 1113400000.0,
        "Other Income Expense": 193700000.0,
        "Other Non Operating Income Expenses": -964800000.0,
        "Earnings From Equity Interest": 87200000.0,
        "Gain On Sale Of Security": 1071300000.0,
        "Net Non Operating Interest Income Expense": -39900000.0,
        "Interest Expense Non Operating": 39900000.0,
        "Operating Income": 959600000.0,
        "Operating Expense": 322300000.0,
        "Other Operating Expenses": 203900000.0,
        "Depreciation Amortization Depletion Income Statement": 85300000.0,
        "Depreciation And Amortization In Income Statement": 85300000.0,
        "Amortization": 55200000.0,
        "Amortization Of Intangibles Income Statement": 55200000.0,
        "Depreciation Income Statement": 30100000.0,
        "Selling General And Administration": 33100000.0,
        "General And Administrative Expense": 33100000.0,
        "Other Gand A": 33100000.0,
        "Gross Profit": 1281900000.0,
        "Cost Of Revenue": 206000000.0,
        "Total Revenue": 1487900000.0,
        "Operating Revenue": 1384300000.0
    },
    "2024-06-30": {
        "Tax Effect Of Unusual Items": 245450714.595063,
        "Tax Rate For Calcs": 0.234994,
        "Normalized EBITDA": 234300000.0,
        "Total Unusual Items": 1044500000.0,
        "Total Unusual Items Excluding Goodwill": 1044500000.0,
        "Net Income From Continuing Operation Net Minority Interest": 883200000.0,
        "Reconciled Depreciation": 84200000.0,
        "Reconciled Cost Of Revenue": 204700000.0,
        "EBITDA": 1278800000.0,
        "EBIT": 1194600000.0,
        "Net Interest Income": -40100000.0,
        "Interest Expense": 40100000.0,
        "Normalized Income": 84150714.595063,
        "Net Income From Continuing And Discontinued Operation": 883200000.0,
        "Total Expenses": 531900000.0,
        "Total Operating Income As Reported": 1000600000.0,
        "Diluted Average Shares": 359869000.0,
        "Basic Average Shares": 359330000.0,
        "Diluted EPS": 2.42,
        "Basic EPS": 2.43,
        "Diluted NI Availto Com Stockholders": 872100000.0,
        "Net Income Common Stockholders": 872100000.0,
        "Otherunder Preferred Stock Dividend": 5800000.0,
        "Preferred Stock Dividends": 5300000.0,
        "Net Income": 883200000.0,
        "Net Income Including Noncontrolling Interests": 883200000.0,
        "Net Income Continuous Operations": 883200000.0,
        "Tax Provision": 271300000.0,
        "Pretax Income": 1154500000.0,
        "Other Income Expense": 194000000.0,
        "Other Non Operating Income Expenses": -936900000.0,
        "Earnings From Equity Interest": 86400000.0,
        "Gain On Sale Of Security": 1044500000.0,
        "Net Non Operating Interest Income Expense": -40100000.0,
        "Interest Expense Non Operating": 40100000.0,
        "Operating Income": 1000600000.0,
        "Operating Expense": 327200000.0,
        "Other Operating Expenses": 208300000.0,
        "Depreciation Amortization Depletion Income Statement": 84200000.0,
        "Depreciation And Amortization In Income Statement": 84200000.0,
        "Amortization": 55500000.0,
        "Amortization Of Intangibles Income Statement": 55500000.0,
        "Depreciation Income Statement": 28700000.0,
        "Selling General And Administration": 34700000.0,
        "General And Administrative Expense": 34700000.0,
        "Other Gand A": 34700000.0,
        "Gross Profit": 1327800000.0,
        "Cost Of Revenue": 204700000.0,
        "Total Revenue": 1532500000.0,
        "Operating Revenue": 1424900000.0
    },
    "2024-09-30": {
        "Tax Effect Of Unusual Items": 230003200.0,
        "Tax Rate For Calcs": 0.224,
        "Normalized EBITDA": 274200000.0,
        "Total Unusual Items": 1026800000.0,
        "Total Unusual Items Excluding Goodwill": 1026800000.0,
        "Net Income From Continuing Operation Net Minority Interest": 912800000.0,
        "Reconciled Depreciation": 83900000.0,
        "Reconciled Cost Of Revenue": 218800000.0,
        "EBITDA": 1301000000.0,
        "EBIT": 1217100000.0,
        "Net Interest Income": -40200000.0,
        "Interest Expense": 40200000.0,
        "Normalized Income": 116003200.0,
        "Net Income From Continuing And Discontinued Operation": 912800000.0,
        "Total Expenses": 560200000.0,
        "Total Operating Income As Reported": 1024200000.0,
        "Diluted Average Shares": 359989000.0,
        "Basic Average Shares": 359400000.0,
        "Diluted EPS": 2.5,
        "Basic EPS": 2.51,
        "Diluted NI Availto Com Stockholders": 901300000.0,
        "Net Income Common Stockholders": 901300000.0,
        "Otherunder Preferred Stock Dividend": 6200000.0,
        "Preferred Stock Dividends": 5300000.0,
        "Net Income": 912800000.0,
        "Net Income Including Noncontrolling Interests": 912800000.0,
        "Net Income Continuous Operations": 912800000.0,
        "Tax Provision": 264100000.0,
        "Pretax Income": 1176900000.0,
        "Other Income Expense": 192900000.0,
        "Other Non Operating Income Expenses": -920000000.0,
        "Earnings From Equity Interest": 86100000.0,
        "Gain On Sale Of Security": 1026800000.0,
        "Net Non Operating Interest Income Expense": -40200000.0,
        "Interest Expense Non Operating": 40200000.0,
        "Operating Income": 1024200000.0,
        "Operating Expense": 341400000.0,
        "Other Operating Expenses": 226500000.0,
        "Depreciation Amortization Depletion Income Statement": 83900000.0,
        "Depreciation And Amortization In Income Statement": 83900000.0,
        "Amortization": 55700000.0,
        "Amortization Of Intangibles Income Statement": 55700000.0,
        "Depreciation Income Statement": 28200000.0,
        "Selling General And Administration": 31000000.0,
        "General And Administrative Expense": 31000000.0,
        "Other Gand A": 31000000.0,
        "Gross Profit": 1365600000.0,
        "Cost Of Revenue": 218800000.0,
        "Total Revenue": 1584400000.0,
        "Operating Revenue": 1475300000.0
    },
    "2024-12-31": {
        "Tax Effect Of Unusual Items": 189588728.798103,
        "Tax Rate For Calcs": 0.202444,
        "Normalized EBITDA": 284200000.0,
        "Total Unusual Items": 936500000.0,
        "Total Unusual Items Excluding Goodwill": 936500000.0,
        "Net Income From Continuing Operation Net Minority Interest": 874600000.0,
        "Reconciled Depreciation": 83400000.0,
        "Reconciled Cost Of Revenue": 220800000.0,
        "EBITDA": 1220700000.0,
        "EBIT": 1137300000.0,
        "Net Interest Income": -40700000.0,
        "Interest Expense": 40700000.0,
        "Normalized Income": 127688728.798103,
        "Net Income From Continuing And Discontinued Operation": 874600000.0,
        "Total Expenses": 578200000.0,
        "Total Operating Income As Reported": 947100000.0,
        "Diluted Average Shares": 360050000.0,
        "Basic Average Shares": 359568000.0,
        "Diluted EPS": 2.4,
        "Basic EPS": 2.4,
        "Diluted NI Availto Com Stockholders": 863700000.0,
        "Net Income Common Stockholders": 863700000.0,
        "Otherunder Preferred Stock Dividend": -21000000.0,
        "Preferred Stock Dividends": 31900000.0,
        "Net Income": 874600000.0,
        "Net Income Including Noncontrolling Interests": 874600000.0,
        "Net Income Continuous Operations": 874600000.0,
        "Tax Provision": 222000000.0,
        "Pretax Income": 1096600000.0,
        "Other Income Expense": 190200000.0,
        "Other Non Operating Income Expenses": -837500000.0,
        "Earnings From Equity Interest": 91200000.0,
        "Gain On Sale Of Security": 936500000.0,
        "Net Non Operating Interest Income Expense": -40700000.0,
        "Interest Expense Non Operating": 40700000.0,
        "Operating Income": 947100000.0,
        "Operating Expense": 357400000.0,
        "Other Operating Expenses": 240100000.0,
        "Depreciation Amortization Depletion Income Statement": 83400000.0,
        "Depreciation And Amortization In Income Statement": 83400000.0,
        "Amortization": 55300000.0,
        "Amortization Of Intangibles Income Statement": 55300000.0,
        "Depreciation Income Statement": 28100000.0,
        "Selling General And Administration": 33900000.0,
        "General And Administrative Expense": 33900000.0,
        "Other Gand A": 33900000.0,
        "Gross Profit": 1304500000.0,
        "Cost Of Revenue": 220800000.0,
        "Total Revenue": 1525300000.0,
        "Operating Revenue": 1413900000.0
    },
    "2025-03-31": {
        "Tax Effect Of Unusual Items": 207106400.0,
        "Tax Rate For Calcs": 0.232,
        "Normalized EBITDA": 476300000.0,
        "Total Unusual Items": 892700000.0,
        "Total Unusual Items Excluding Goodwill": 892700000.0,
        "Net Income From Continuing Operation Net Minority Interest": 956200000.0,
        "Reconciled Depreciation": 82500000.0,
        "Reconciled Cost Of Revenue": 206700000.0,
        "EBITDA": 1369000000.0,
        "EBIT": 1286500000.0,
        "Net Interest Income": -41700000.0,
        "Interest Expense": 41700000.0,
        "Normalized Income": 270606400.0,
        "Net Income From Continuing And Discontinued Operation": 956200000.0,
        "Total Expenses": 534300000.0,
        "Total Operating Income As Reported": 1108000000.0,
        "Diluted Average Shares": 360227000.0,
        "Basic Average Shares": 359613000.0,
        "Diluted EPS": 2.62,
        "Basic EPS": 2.63,
        "Diluted NI Availto Com Stockholders": 944200000.0,
        "Net Income Common Stockholders": 944200000.0,
        "Otherunder Preferred Stock Dividend": 6300000.0,
        "Preferred Stock Dividends": 5700000.0,
        "Net Income": 956200000.0,
        "Net Income Including Noncontrolling Interests": 956200000.0,
        "Net Income Continuous Operations": 956200000.0,
        "Tax Provision": 288600000.0,
        "Pretax Income": 1244800000.0,
        "Other Income Expense": 178500000.0,
        "Other Non Operating Income Expenses": -802400000.0,
        "Earnings From Equity Interest": 88200000.0,
        "Gain On Sale Of Security": 892700000.0,
        "Net Non Operating Interest Income Expense": -41700000.0,
        "Interest Expense Non Operating": 41700000.0,
        "Operating Income": 1108000000.0,
        "Operating Expense": 327600000.0,
        "Other Operating Expenses": 216600000.0,
        "Depreciation Amortization Depletion Income Statement": 82500000.0,
        "Depreciation And Amortization In Income Statement": 82500000.0,
        "Amortization": 55200000.0,
        "Amortization Of Intangibles Income Statement": 55200000.0,
        "Depreciation Income Statement": 27300000.0,
        "Selling General And Administration": 28500000.0,
        "General And Administrative Expense": 28500000.0,
        "Other Gand A": 28500000.0,
        "Gross Profit": 1435600000.0,
        "Cost Of Revenue": 206700000.0,
        "Total Revenue": 1642300000.0,
        "Operating Revenue": 1531800000.0
    },
    "2025-06-30": {
        "Tax Effect Of Unusual Items": 348354265.955048,
        "Tax Rate For Calcs": 0.229422,
        "Normalized EBITDA": -60700000.0,
        "Total Unusual Items": 1518400000.0,
        "Total Unusual Items Excluding Goodwill": 1518400000.0,
        "Net Income From Continuing Operation Net Minority Interest": 1025100000.0,
        "Reconciled Depreciation": 83400000.0,
        "Reconciled Cost Of Revenue": 221600000.0,
        "EBITDA": 1457700000.0,
        "EBIT": 1374300000.0,
        "Net Interest Income": -44000000.0,
        "Interest Expense": 44000000.0,
        "Normalized Income": -144945734.044952,
        "Net Income From Continuing And Discontinued Operation": 1025100000.0,
        "Total Expenses": 562700000.0,
        "Total Operating Income As Reported": 1129300000.0,
        "Diluted Average Shares": 360355000.0,
        "Basic Average Shares": 359658000.0,
        "Diluted EPS": 2.81,
        "Basic EPS": 2.81,
        "Diluted NI Availto Com Stockholders": 1012200000.0,
        "Net Income Common Stockholders": 1012200000.0,
        "Otherunder Preferred Stock Dividend": 7200000.0,
        "Preferred Stock Dividends": 5700000.0,
        "Net Income": 1025100000.0,
        "Net Income Including Noncontrolling Interests": 1025100000.0,
        "Net Income Continuous Operations": 1025100000.0,
        "Tax Provision": 305200000.0,
        "Pretax Income": 1330300000.0,
        "Other Income Expense": 245000000.0,
        "Other Non Operating Income Expenses": -1372400000.0,
        "Earnings From Equity Interest": 99000000.0,
        "Gain On Sale Of Security": 1518400000.0,
        "Net Non Operating Interest Income Expense": -44000000.0,
        "Interest Expense Non Operating": 44000000.0,
        "Operating Income": 1129300000.0,
        "Operating Expense": 341100000.0,
        "Other Operating Expenses": 220300000.0,
        "Depreciation Amortization Depletion Income Statement": 83400000.0,
        "Depreciation And Amortization In Income Statement": 83400000.0,
        "Amortization": 56100000.0,
        "Amortization Of Intangibles Income Statement": 56100000.0,
        "Depreciation Income Statement": 27300000.0,
        "Selling General And Administration": 37400000.0,
        "General And Administrative Expense": 37400000.0,
        "Other Gand A": 37400000.0,
        "Gross Profit": 1470400000.0,
        "Cost Of Revenue": 221600000.0,
        "Total Revenue": 1692000000.0,
        "Operating Revenue": 1586100000.0
    }
}