{
    "2023-06-30": {
        "Tax Effect Of Unusual Items": NaN,
        "Tax Rate For Calcs": NaN,
        "Normalized EBITDA": NaN,
        "Total Unusual Items": NaN,
        "Total Unusual Items Excluding Goodwill": NaN,
        "Net Income From Continuing Operation Net Minority Interest": NaN,
        "Reconciled Depreciation": NaN,
        "Reconciled Cost Of Revenue": NaN,
        "EBITDA": NaN,
        "EBIT": NaN,
        "Net Interest Income": NaN,
        "Interest Expense": NaN,
        "Interest Income": NaN,
        "Normalized Income": NaN,
        "Net Income From Continuing And Discontinued Operation": NaN,
        "Total Expenses": NaN,
        "Total Operating Income As Reported": NaN,
        "Diluted Average Shares": 17800000.0,
        "Basic Average Shares": 17800000.0,
        "Diluted EPS": -0.06,
        "Basic EPS": -0.06,
        "Diluted NI Availto Com Stockholders": NaN,
        "Net Income Common Stockholders": NaN,
        "Net Income": NaN,
        "Net Income Including Noncontrolling Interests": NaN,
        "Net Income Continuous Operations": NaN,
        "Tax Provision": NaN,
        "Pretax Income": NaN,
        "Other Income Expense": NaN,
        "Other Non Operating Income Expenses": NaN,
        "Special Income Charges": NaN,
        "Gain On Sale Of Ppe": NaN,
        "Other Special Charges": -8389000.0,
        "Net Non Operating Interest Income Expense": NaN,
        "Total Other Finance Cost": 727000.0,
        "Interest Expense Non Operating": NaN,
        "Interest Income Non Operating": NaN,
        "Operating Income": NaN,
        "Operating Expense": NaN,
        "Other Operating Expenses": NaN,
        "Depreciation Amortization Depletion Income Statement": NaN,
        "Depreciation And Amortization In Income Statement": NaN,
        "Selling General And Administration": NaN,
        "General And Administrative Expense": 94401000.0,
        "Other Gand A": 94401000.0,
        "Gross Profit": NaN,
        "Cost Of Revenue": NaN,
        "Total Revenue": NaN,
        "Operating Revenue": NaN
    },
    "2023-03-31": {
        "Tax Effect Of Unusual Items": NaN,
        "Tax Rate For Calcs": NaN,
        "Normalized EBITDA": NaN,
        "Total Unusual Items": NaN,
        "Total Unusual Items Excluding Goodwill": NaN,
        "Net Income From Continuing Operation Net Minority Interest": NaN,
        "Reconciled Depreciation": NaN,
        "Reconciled Cost Of Revenue": NaN,
        "EBITDA": NaN,
        "EBIT": NaN,
        "Net Interest Income": NaN,
        "Interest Expense": NaN,
        "Interest Income": NaN,
        "Normalized Income": NaN,
        "Net Income From Continuing And Discontinued Operation": NaN,
        "Total Expenses": NaN,
        "Total Operating Income As Reported": NaN,
        "Diluted Average Shares": 18347863.0,
        "Basic Average Shares": 18347863.0,
        "Diluted EPS": -1.17,
        "Basic EPS": -1.17,
        "Diluted NI Availto Com Stockholders": NaN,
        "Net Income Common Stockholders": NaN,
        "Net Income": NaN,
        "Net Income Including Noncontrolling Interests": NaN,
        "Net Income Continuous Operations": NaN,
        "Tax Provision": NaN,
        "Pretax Income": NaN,
        "Other Income Expense": NaN,
        "Other Non Operating Income Expenses": NaN,
        "Special Income Charges": NaN,
        "Gain On Sale Of Ppe": NaN,
        "Other Special Charges": -617000.0,
        "Net Non Operating Interest Income Expense": NaN,
        "Total Other Finance Cost": 512000.0,
        "Interest Expense Non Operating": NaN,
        "Interest Income Non Operating": NaN,
        "Operating Income": NaN,
        "Operating Expense": NaN,
        "Other Operating Expenses": NaN,
        "Depreciation Amortization Depletion Income Statement": NaN,
        "Depreciation And Amortization In Income Statement": NaN,
        "Selling General And Administration": NaN,
        "General And Administrative Expense": NaN,
        "Other Gand A": NaN,
        "Gross Profit": NaN,
        "Cost Of Revenue": NaN,
        "Total Revenue": NaN,
        "Operating Revenue": NaN
    },
    "2022-12-31": {
        "Tax Effect Of Unusual Items": NaN,
        "Tax Rate For Calcs": NaN,
        "Normalized EBITDA": NaN,
        "Total Unusual Items": NaN,
        "Total Unusual Items Excluding Goodwill": NaN,
        "Net Income From Continuing Operation Net Minority Interest": NaN,
        "Reconciled Depreciation": NaN,
        "Reconciled Cost Of Revenue": NaN,
        "EBITDA": NaN,
        "EBIT": NaN,
        "Net Interest Income": NaN,
        "Interest Expense": NaN,
        "Interest Income": NaN,
        "Normalized Income": NaN,
        "Net Income From Continuing And Discontinued Operation": NaN,
        "Total Expenses": NaN,
        "Total Operating Income As Reported": NaN,
        "Diluted Average Shares": 18237051.0,
        "Basic Average Shares": 18237051.0,
        "Diluted EPS": -0.002961,
        "Basic EPS": -0.002961,
        "Diluted NI Availto Com Stockholders": NaN,
        "Net Income Common Stockholders": NaN,
        "Net Income": NaN,
        "Net Income Including Noncontrolling Interests": NaN,
        "Net Income Continuous Operations": NaN,
        "Tax Provision": NaN,
        "Pretax Income": NaN,
        "Other Income Expense": NaN,
        "Other Non Operating Income Expenses": NaN,
        "Special Income Charges": NaN,
        "Gain On Sale Of Ppe": NaN,
        "Other Special Charges": NaN,
        "Net Non Operating Interest Income Expense": NaN,
        "Total Other Finance Cost": 628000.0,
        "Interest Expense Non Operating": NaN,
        "Interest Income Non Operating": NaN,
        "Operating Income": NaN,
        "Operating Expense": NaN,
        "Other Operating Expenses": NaN,
        "Depreciation Amortization Depletion Income Statement": NaN,
        "Depreciation And Amortization In Income Statement": NaN,
        "Selling General And Administration": NaN,
        "Selling And Marketing Expense": 13000.0,
        "General And Administrative Expense": NaN,
        "Other Gand A": NaN,
        "Gross Profit": NaN,
        "Cost Of Revenue": NaN,
        "Total Revenue": NaN,
        "Operating Revenue": NaN
    },
    "2022-09-30": {
        "Tax Effect Of Unusual Items": NaN,
        "Tax Rate For Calcs": NaN,
        "Normalized EBITDA": NaN,
        "Total Unusual Items": NaN,
        "Total Unusual Items Excluding Goodwill": NaN,
        "Net Income From Continuing Operation Net Minority Interest": NaN,
        "Reconciled Depreciation": NaN,
        "Reconciled Cost Of Revenue": NaN,
        "EBITDA": NaN,
        "EBIT": NaN,
        "Net Interest Income": NaN,
        "Interest Expense": NaN,
        "Interest Income": NaN,
        "Normalized Income": NaN,
        "Net Income From Continuing And Discontinued Operation": NaN,
        "Total Expenses": NaN,
        "Total Operating Income As Reported": NaN,
        "Diluted Average Shares": NaN,
        "Basic Average Shares": NaN,
        "Diluted EPS": NaN,
        "Basic EPS": NaN,
        "Diluted NI Availto Com Stockholders": NaN,
        "Net Income Common Stockholders": NaN,
        "Net Income": NaN,
        "Net Income Including Noncontrolling Interests": NaN,
        "Net Income Continuous Operations": NaN,
        "Tax Provision": NaN,
        "Pretax Income": NaN,
        "Other Income Expense": NaN,
        "Other Non Operating Income Expenses": NaN,
        "Special Income Charges": NaN,
        "Gain On Sale Of Ppe": NaN,
        "Other Special Charges": NaN,
        "Net Non Operating Interest Income Expense": NaN,
        "Interest Expense Non Operating": NaN,
        "Interest Income Non Operating": NaN,
        "Operating Income": NaN,
        "Operating Expense": NaN,
        "Other Operating Expenses": NaN,
        "Depreciation Amortization Depletion Income Statement": NaN,
        "Depreciation And Amortization In Income Statement": NaN,
        "Selling General And Administration": NaN,
        "Selling And Marketing Expense": 13000.0,
        "General And Administrative Expense": NaN,
        "Other Gand A": NaN,
        "Gross Profit": NaN,
        "Cost Of Revenue": NaN,
        "Total Revenue": NaN,
        "Operating Revenue": NaN
    },
    "2022-06-30": {
        "Tax Effect Of Unusual Items": 499628.73774,
        "Tax Rate For Calcs": 0.309943,
        "Normalized EBITDA": 40860000.0,
        "Total Unusual Items": 1612000.0,
        "Total Unusual Items Excluding Goodwill": 1612000.0,
        "Net Income From Continuing Operation Net Minority Interest": 8654000.0,
        "Reconciled Depreciation": 13815000.0,
        "Reconciled Cost Of Revenue": 83184000.0,
        "EBITDA": 42472000.0,
        "EBIT": 28657000.0,
        "Net Interest Income": -16116000.0,
        "Interest Expense": 16116000.0,
        "Interest Income": NaN,
        "Normalized Income": 7541628.73774,
        "Net Income From Continuing And Discontinued Operation": 8654000.0,
        "Total Expenses": 209666000.0,
        "Total Operating Income As Reported": 27090000.0,
        "Diluted Average Shares": 20568512.0,
        "Basic Average Shares": 20322260.0,
        "Diluted EPS": 0.42,
        "Basic EPS": 0.43,
        "Diluted NI Availto Com Stockholders": 8654000.0,
        "Net Income Common Stockholders": 8654000.0,
        "Net Income": 8654000.0,
        "Net Income Including Noncontrolling Interests": 8654000.0,
        "Net Income Continuous Operations": 8654000.0,
        "Tax Provision": 3887000.0,
        "Pretax Income": 12541000.0,
        "Other Income Expense": 1582000.0,
        "Other Non Operating Income Expenses": -30000.0,
        "Special Income Charges": 1612000.0,
        "Gain On Sale Of Ppe": 15000.0,
        "Other Special Charges": -1597000.0,
        "Impairment Of Capital Assets": NaN,
        "Restructuring And Mergern Acquisition": NaN,
        "Net Non Operating Interest Income Expense": -16116000.0,
        "Interest Expense Non Operating": 16116000.0,
        "Interest Income Non Operating": NaN,
        "Operating Income": 27075000.0,
        "Operating Expense": 126482000.0,
        "Other Operating Expenses": NaN,
        "Depreciation Amortization Depletion Income Statement": 13815000.0,
        "Depreciation And Amortization In Income Statement": 13815000.0,
        "Selling General And Administration": 112667000.0,
        "Selling And Marketing Expense": 13000.0,
        "General And Administrative Expense": 112654000.0,
        "Other Gand A": 112654000.0,
        "Salaries And Wages": NaN,
        "Gross Profit": 153557000.0,
        "Cost Of Revenue": 83184000.0,
        "Total Revenue": 236741000.0,
        "Operating Revenue": 236741000.0
    },
    "2022-03-31": {
        "Diluted EPS": -0.04,
        "Total Revenue": 232,
        "Gross Profit": 141,
        "Operating Income": 15,
        "EBIT": 29,
        "Net Income": -1
    },
    "2021-12-31": {
        "Diluted EPS": 0.87,
        "Total Revenue": 252,
        "Gross Profit": 154,
        "Operating Income": 17,
        "EBIT": 31,
        "Net Income": 18
    },
    "2021-09-30": {
        "Diluted EPS": 1.32,
        "Total Revenue": 238,
        "Gross Profit": 150,
        "Operating Income": 48,
        "EBIT": 61,
        "Net Income": 27
    },
    "2021-06-30": {
        "Diluted EPS": -0.29,
        "Total Revenue": 225,
        "Gross Profit": 142,
        "Operating Income": 13,
        "EBIT": 27,
        "Net Income": -6
    },
    "2021-03-31": {
        "Diluted EPS": -1.07,
        "Total Revenue": 202,
        "Gross Profit": 112,
        "Operating Income": -9,
        "EBIT": 5,
        "Net Income": -22
    },
    "2020-12-31": {
        "Diluted EPS": -0.01,
        "Total Revenue": 246,
        "Gross Profit": 145,
        "Operating Income": 18,
        "EBIT": 33,
        "Net Income": 0
    },
    "2020-09-30": {
        "Diluted EPS": -0.78,
        "Total Revenue": 196,
        "Gross Profit": 114,
        "Operating Income": -5,
        "EBIT": 2,
        "Net Income": -16
    },
    "2020-06-30": {
        "Diluted EPS": -1.79,
        "Total Revenue": 146,
        "Gross Profit": 80,
        "Operating Income": -32,
        "EBIT": -10,
        "Net Income": -36
    },
    "2020-03-31": {
        "Diluted EPS": -0.36,
        "Total Revenue": 228,
        "Gross Profit": 139,
        "Operating Income": 8,
        "EBIT": 24,
        "Net Income": -7
    },
    "2019-12-31": {
        "Diluted EPS": 0.08,
        "Total Revenue": 285,
        "Gross Profit": 176,
        "Operating Income": 17,
        "EBIT": 52,
        "Net Income": 2
    },
    "2019-09-30": {
        "Diluted EPS": 0.81,
        "Total Revenue": 281,
        "Gross Profit": 182,
        "Operating Income": 46,
        "EBIT": 64,
        "Net Income": 16
    },
    "2019-06-30": {
        "Diluted EPS": 2.11,
        "Total Revenue": 280,
        "Gross Profit": 186,
        "Operating Income": 81,
        "EBIT": 101,
        "Net Income": 43
    },
    "2019-03-31": {
        "Diluted EPS": 0.02,
        "Total Revenue": 267,
        "Gross Profit": 164,
        "Operating Income": 22,
        "EBIT": 43,
        "Net Income": 0
    },
    "2018-12-31": {
        "Diluted EPS": 2.32,
        "Total Revenue": 309,
        "Gross Profit": 198,
        "Operating Income": 46,
        "EBIT": 61,
        "Net Income": 44
    },
    "2018-09-30": {
        "Diluted EPS": 0.63,
        "Total Revenue": 282,
        "Gross Profit": 184,
        "Operating Income": 43,
        "EBIT": 58,
        "Net Income": 13
    },
    "2018-06-30": {
        "Diluted EPS": 34.79,
        "Total Revenue": 285,
        "Gross Profit": 195,
        "Operating Income": 42,
        "EBIT": 57,
        "Net Income": 706
    },
    "2018-03-31": {
        "Diluted EPS": -0.17,
        "Total Revenue": 264,
        "Gross Profit": 161,
        "Operating Income": 25,
        "EBIT": 37,
        "Net Income": -5
    },
    "2017-12-31": {
        "Diluted EPS": -7.03,
        "Total Revenue": 294,
        "Gross Profit": 178,
        "Operating Income": -321,
        "EBIT": 31,
        "Net Income": -206
    },
    "2017-09-30": {
        "Diluted EPS": 0.04,
        "Total Revenue": 287,
        "Gross Profit": 189,
        "Operating Income": 43,
        "EBIT": 61,
        "Net Income": 1
    },
    "2017-06-30": {
        "Diluted EPS": 0.19,
        "Total Revenue": 291,
        "Gross Profit": 197,
        "Operating Income": 47,
        "EBIT": 66,
        "Net Income": 6
    },
    "2017-03-31": {
        "Diluted EPS": -0.25,
        "Total Revenue": 264,
        "Gross Profit": 162,
        "Operating Income": 21,
        "EBIT": 39,
        "Net Income": -7
    },
    "2016-12-31": {
        "Diluted EPS": -18.58,
        "Total Revenue": 300,
        "Gross Profit": 298,
        "Operating Income": -569,
        "EBIT": 56,
        "Net Income": -544
    },
    "2016-09-30": {
        "Diluted EPS": 1.58,
        "Total Revenue": 286,
        "Gross Profit": 171,
        "Operating Income": 113,
        "EBIT": 137,
        "Net Income": 46
    },
    "2016-06-30": {
        "Diluted EPS": 0.04,
        "Total Revenue": 287,
        "Gross Profit": 72,
        "Operating Income": 37,
        "EBIT": 64,
        "Net Income": 1
    },
    "2016-03-31": {
        "Diluted EPS": -0.49,
        "Total Revenue": 269,
        "Gross Profit": 168,
        "Operating Income": 10,
        "EBIT": 36,
        "Net Income": -14
    },
    "2015-12-31": {
        "Diluted EPS": -0.15,
        "Total Revenue": 309,
        "Gross Profit": 318,
        "Operating Income": 29,
        "EBIT": 622,
        "Net Income": -5
    },
    "2015-09-30": {
        "Diluted EPS": -18.57,
        "Total Revenue": 289,
        "Gross Profit": 195,
        "Operating Income": -567,
        "EBIT": -539,
        "Net Income": -542
    },
    "2015-06-30": {
        "Diluted EPS": 0.05,
        "Total Revenue": 299,
        "Gross Profit": 90,
        "Operating Income": 48,
        "EBIT": 76,
        "Net Income": 12
    },
    "2015-03-31": {
        "Diluted EPS": -0.05,
        "Total Revenue": 271,
        "Gross Profit": 170,
        "Operating Income": 12,
        "EBIT": 40,
        "Net Income": -12
    },
    "2014-12-31": {
        "Diluted EPS": 0.37,
        "Total Revenue": 329,
        "Gross Profit": -20,
        "Operating Income": 42,
        "EBIT": 73,
        "Net Income": 4
    },
    "2014-09-30": {
        "Diluted EPS": 0.01,
        "Total Revenue": 314,
        "Gross Profit": 87,
        "Operating Income": 42,
        "EBIT": 73,
        "Net Income": 3
    },
    "2014-06-30": {
        "Diluted EPS": 0.06,
        "Total Revenue": 328,
        "Gross Profit": 108,
        "Operating Income": 58,
        "EBIT": 90,
        "Net Income": 15
    },
    "2014-03-31": {
        "Diluted EPS": -0.04,
        "Total Revenue": 292,
        "Gross Profit": 184,
        "Operating Income": 19,
        "EBIT": 50,
        "Net Income": -9
    },
    "2013-12-31": {
        "Diluted EPS": 0.7,
        "Total Revenue": 275,
        "Gross Profit": 90,
        "Operating Income": 31,
        "EBIT": 64,
        "Net Income": 151
    },
    "2013-09-30": {
        "Diluted EPS": 0.01,
        "Total Revenue": 263,
        "Gross Profit": 98,
        "Operating Income": 63,
        "EBIT": 94,
        "Net Income": 3
    },
    "2013-06-30": {
        "Diluted EPS": 0.11,
        "Total Revenue": 270,
        "Gross Profit": 108,
        "Operating Income": 74,
        "EBIT": 105,
        "Net Income": 24
    },
    "2013-03-31": {
        "Diluted EPS": -0.07,
        "Total Revenue": 218,
        "Gross Profit": 62,
        "Operating Income": 19,
        "EBIT": 51,
        "Net Income": -12
    },
    "2012-12-31": {
        "Diluted EPS": -0.46,
        "Total Revenue": 210,
        "Gross Profit": 71,
        "Operating Income": -83,
        "EBIT": -57,
        "Net Income": -88
    },
    "2012-09-30": {
        "Diluted EPS": 0.24,
        "Total Revenue": 275,
        "Gross Profit": 114,
        "Operating Income": 65,
        "EBIT": 102,
        "Net Income": 51
    },
    "2012-06-30": {
        "Diluted EPS": 0.01,
        "Total Revenue": 281,
        "Gross Profit": 112,
        "Operating Income": 45,
        "EBIT": 96,
        "Net Income": 1
    },
    "2012-03-31": {
        "Diluted EPS": -0.12,
        "Total Revenue": 236,
        "Gross Profit": 82,
        "Operating Income": 30,
        "EBIT": 69,
        "Net Income": -18
    },
    "2011-12-31": {
        "Diluted EPS": -0.32,
        "Total Revenue": 221,
        "Gross Profit": 83,
        "Operating Income": 18,
        "EBIT": 58,
        "Net Income": -20
    },
    "2011-09-30": {
        "Diluted EPS": 0.72,
        "Total Revenue": 125,
        "Gross Profit": 51,
        "Operating Income": -7,
        "EBIT": 6,
        "Net Income": 59
    },
    "2011-06-30": {
        "Diluted EPS": 0.03,
        "Total Revenue": 62,
        "Gross Profit": 27,
        "Operating Income": 14,
        "EBIT": 17,
        "Net Income": 1
    },
    "2011-03-31": {
        "Diluted EPS": 0.37,
        "Total Revenue": 58,
        "Gross Profit": 20,
        "Operating Income": 25,
        "EBIT": 27,
        "Net Income": 16
    },
    "2010-12-31": {
        "Diluted EPS": 0.17,
        "Total Revenue": 43,
        "Gross Profit": 20,
        "Operating Income": 13,
        "EBIT": 15,
        "Net Income": 8
    },
    "2010-09-30": {
        "Diluted EPS": 0.23,
        "Total Revenue": 67,
        "Gross Profit": 27,
        "Operating Income": 19,
        "EBIT": 21,
        "Net Income": 10
    },
    "2010-06-30": {
        "Diluted EPS": 0.29,
        "Total Revenue": 70,
        "Gross Profit": 29,
        "Operating Income": 21,
        "EBIT": 24,
        "Net Income": 12
    },
    "2010-03-31": {
        "Diluted EPS": -0.01,
        "Total Revenue": 56,
        "Gross Profit": 16,
        "Operating Income": 9,
        "EBIT": 12,
        "Net Income": 0
    },
    "2009-12-31": {
        "Diluted EPS": 0.17,
        "Total Revenue": 70,
        "Gross Profit": 26,
        "Operating Income": 15,
        "EBIT": 20,
        "Net Income": 7
    },
    "2009-09-30": {
        "Diluted EPS": -3.56,
        "Total Revenue": 65,
        "Gross Profit": 25,
        "Operating Income": -160,
        "EBIT": 16,
        "Net Income": -144
    },
    "2009-06-30": {
        "Diluted EPS": 0.34,
        "Total Revenue": 66,
        "Gross Profit": 27,
        "Operating Income": 26,
        "EBIT": 30,
        "Net Income": 14
    },
    "2009-03-31": {
        "Diluted EPS": -0.08,
        "Total Revenue": 55,
        "Gross Profit": 13,
        "Operating Income": 4,
        "EBIT": 6,
        "Net Income": -3
    },
    "2023-09-30": {
        "Tax Effect Of Unusual Items": 1985970.0,
        "Tax Rate For Calcs": 0.21,
        "Normalized EBITDA": 23527000.0,
        "Total Unusual Items": 9457000.0,
        "Total Unusual Items Excluding Goodwill": 9457000.0,
        "Net Income From Continuing Operation Net Minority Interest": 2722000.0,
        "Reconciled Depreciation": 13950000.0,
        "Reconciled Cost Of Revenue": 76740000.0,
        "EBITDA": 32984000.0,
        "EBIT": 19034000.0,
        "Net Interest Income": -17228000.0,
        "Interest Expense": 17862000.0,
        "Interest Income": 634000.0,
        "Normalized Income": -4749030.0,
        "Net Income From Continuing And Discontinued Operation": 2722000.0,
        "Total Expenses": 198450000.0,
        "Total Operating Income As Reported": 17583000.0,
        "Diluted Average Shares": 16502186.0,
        "Basic Average Shares": 16466814.0,
        "Diluted EPS": 0.16,
        "Basic EPS": 0.17,
        "Diluted NI Availto Com Stockholders": 2722000.0,
        "Net Income Common Stockholders": 2722000.0,
        "Net Income": 2722000.0,
        "Net Income Including Noncontrolling Interests": 2722000.0,
        "Net Income Continuous Operations": 2722000.0,
        "Tax Provision": -1550000.0,
        "Pretax Income": 1172000.0,
        "Other Income Expense": 9431000.0,
        "Other Non Operating Income Expenses": -26000.0,
        "Special Income Charges": 9457000.0,
        "Gain On Sale Of Ppe": 8614000.0,
        "Other Special Charges": -843000.0,
        "Net Non Operating Interest Income Expense": -17228000.0,
        "Total Other Finance Cost": NaN,
        "Interest Expense Non Operating": 17862000.0,
        "Interest Income Non Operating": 634000.0,
        "Operating Income": 8969000.0,
        "Operating Expense": 121710000.0,
        "Other Operating Expenses": 15926000.0,
        "Depreciation Amortization Depletion Income Statement": 13950000.0,
        "Depreciation And Amortization In Income Statement": 13950000.0,
        "Selling General And Administration": 91834000.0,
        "General And Administrative Expense": 91834000.0,
        "Other Gand A": 91834000.0,
        "Gross Profit": 130679000.0,
        "Cost Of Revenue": 76740000.0,
        "Total Revenue": 207419000.0,
        "Operating Revenue": 183465000.0
    },
    "2023-12-31": {
        "Tax Effect Of Unusual Items": -13680030.0,
        "Tax Rate For Calcs": 0.21,
        "Normalized EBITDA": 14781000.0,
        "Total Unusual Items": -65143000.0,
        "Total Unusual Items Excluding Goodwill": -65143000.0,
        "Net Income From Continuing Operation Net Minority Interest": -98066000.0,
        "Reconciled Depreciation": 14396000.0,
        "Reconciled Cost Of Revenue": 92420000.0,
        "EBITDA": -50362000.0,
        "EBIT": -64758000.0,
        "Net Interest Income": -17157000.0,
        "Interest Expense": 15561000.0,
        "Interest Income": 644000.0,
        "Normalized Income": -46603030.0,
        "Net Income From Continuing And Discontinued Operation": -98066000.0,
        "Total Expenses": 219275000.0,
        "Total Operating Income As Reported": -63117000.0,
        "Diluted Average Shares": NaN,
        "Basic Average Shares": NaN,
        "Diluted EPS": NaN,
        "Basic EPS": NaN,
        "Diluted NI Availto Com Stockholders": -98066000.0,
        "Net Income Common Stockholders": -98066000.0,
        "Net Income": -98066000.0,
        "Net Income Including Noncontrolling Interests": -98066000.0,
        "Net Income Continuous Operations": -98066000.0,
        "Tax Provision": 17747000.0,
        "Pretax Income": -80319000.0,
        "Other Income Expense": -65188000.0,
        "Other Non Operating Income Expenses": -45000.0,
        "Special Income Charges": -65143000.0,
        "Gain On Sale Of Ppe": 169000.0,
        "Other Special Charges": 0.0,
        "Net Non Operating Interest Income Expense": -17157000.0,
        "Total Other Finance Cost": NaN,
        "Interest Expense Non Operating": 15561000.0,
        "Interest Income Non Operating": 644000.0,
        "Operating Income": 2026000.0,
        "Operating Expense": 126855000.0,
        "Other Operating Expenses": 15963000.0,
        "Depreciation Amortization Depletion Income Statement": 14396000.0,
        "Depreciation And Amortization In Income Statement": 14396000.0,
        "Selling General And Administration": 96496000.0,
        "General And Administrative Expense": NaN,
        "Other Gand A": NaN,
        "Gross Profit": 128881000.0,
        "Cost Of Revenue": 92420000.0,
        "Total Revenue": 221301000.0,
        "Operating Revenue": 193110000.0
    },
    "2024-03-31": {
        "Tax Effect Of Unusual Items": -1890.0,
        "Tax Rate For Calcs": 0.21,
        "Normalized EBITDA": 19093000.0,
        "Total Unusual Items": -9000.0,
        "Total Unusual Items Excluding Goodwill": -9000.0,
        "Net Income From Continuing Operation Net Minority Interest": -14154000.0,
        "Reconciled Depreciation": 14869000.0,
        "Reconciled Cost Of Revenue": 85057000.0,
        "EBITDA": 19084000.0,
        "EBIT": 4215000.0,
        "Net Interest Income": -17014000.0,
        "Interest Expense": 16870000.0,
        "Interest Income": 346000.0,
        "Normalized Income": -14146890.0,
        "Net Income From Continuing And Discontinued Operation": -14154000.0,
        "Total Expenses": 210518000.0,
        "Total Operating Income As Reported": -10474000.0,
        "Diluted Average Shares": 16651765.0,
        "Basic Average Shares": 16651765.0,
        "Diluted EPS": -0.85,
        "Basic EPS": -0.85,
        "Diluted NI Availto Com Stockholders": -14154000.0,
        "Net Income Common Stockholders": -14154000.0,
        "Net Income": -14154000.0,
        "Net Income Including Noncontrolling Interests": -14154000.0,
        "Net Income Continuous Operations": -14154000.0,
        "Tax Provision": 1499000.0,
        "Pretax Income": -12655000.0,
        "Other Income Expense": 14824000.0,
        "Other Non Operating Income Expenses": 14833000.0,
        "Special Income Charges": -9000.0,
        "Gain On Sale Of Ppe": -9000.0,
        "Other Special Charges": NaN,
        "Net Non Operating Interest Income Expense": -17014000.0,
        "Total Other Finance Cost": 490000.0,
        "Interest Expense Non Operating": 16870000.0,
        "Interest Income Non Operating": 346000.0,
        "Operating Income": -10465000.0,
        "Operating Expense": 125461000.0,
        "Other Operating Expenses": 15832000.0,
        "Depreciation Amortization Depletion Income Statement": 14869000.0,
        "Depreciation And Amortization In Income Statement": 14869000.0,
        "Selling General And Administration": 94760000.0,
        "General And Administrative Expense": 94760000.0,
        "Other Gand A": 94760000.0,
        "Gross Profit": 114996000.0,
        "Cost Of Revenue": 85057000.0,
        "Total Revenue": 200053000.0,
        "Operating Revenue": 174182000.0
    },
    "2024-06-30": {
        "Tax Effect Of Unusual Items": 26250.0,
        "Tax Rate For Calcs": 0.21,
        "Normalized EBITDA": 5785000.0,
        "Total Unusual Items": 125000.0,
        "Total Unusual Items Excluding Goodwill": 125000.0,
        "Net Income From Continuing Operation Net Minority Interest": -27699000.0,
        "Reconciled Depreciation": 14680000.0,
        "Reconciled Cost Of Revenue": 73631000.0,
        "EBITDA": 5910000.0,
        "EBIT": -8770000.0,
        "Net Interest Income": -17480000.0,
        "Interest Expense": 18150000.0,
        "Interest Income": 1037000.0,
        "Normalized Income": -27797750.0,
        "Net Income From Continuing And Discontinued Operation": -27699000.0,
        "Total Expenses": 214387000.0,
        "Total Operating Income As Reported": -9583000.0,
        "Diluted Average Shares": 16886774.0,
        "Basic Average Shares": 16886774.0,
        "Diluted EPS": -1.64,
        "Basic EPS": -1.64,
        "Diluted NI Availto Com Stockholders": -27699000.0,
        "Net Income Common Stockholders": -27699000.0,
        "Net Income": -27699000.0,
        "Net Income Including Noncontrolling Interests": -27699000.0,
        "Net Income Continuous Operations": -27699000.0,
        "Tax Provision": 779000.0,
        "Pretax Income": -26920000.0,
        "Other Income Expense": 98000.0,
        "Other Non Operating Income Expenses": -27000.0,
        "Special Income Charges": 125000.0,
        "Gain On Sale Of Ppe": -45000.0,
        "Other Special Charges": -170000.0,
        "Net Non Operating Interest Income Expense": -17480000.0,
        "Total Other Finance Cost": 367000.0,
        "Interest Expense Non Operating": 18150000.0,
        "Interest Income Non Operating": 1037000.0,
        "Operating Income": -9538000.0,
        "Operating Expense": 140756000.0,
        "Other Operating Expenses": 31717000.0,
        "Depreciation Amortization Depletion Income Statement": 14680000.0,
        "Depreciation And Amortization In Income Statement": 14680000.0,
        "Selling General And Administration": 94359000.0,
        "General And Administrative Expense": 94359000.0,
        "Other Gand A": 94359000.0,
        "Gross Profit": 131218000.0,
        "Cost Of Revenue": 73631000.0,
        "Total Revenue": 204849000.0,
        "Operating Revenue": 175509000.0
    },
    "2024-09-30": {
        "Tax Effect Of Unusual Items": -23.740591,
        "Tax Rate For Calcs": 0.003957,
        "Normalized EBITDA": 22504000.0,
        "Total Unusual Items": -6000.0,
        "Total Unusual Items Excluding Goodwill": -6000.0,
        "Net Income From Continuing Operation Net Minority Interest": -10321000.0,
        "Reconciled Depreciation": 14721000.0,
        "Reconciled Cost Of Revenue": 76368000.0,
        "EBITDA": 22498000.0,
        "EBIT": 7777000.0,
        "Net Interest Income": -17009000.0,
        "Interest Expense": 18139000.0,
        "Interest Income": 1404000.0,
        "Normalized Income": -10315023.740591,
        "Net Income From Continuing And Discontinued Operation": -10321000.0,
        "Total Expenses": 196913000.0,
        "Total Operating Income As Reported": 6679000.0,
        "Diluted Average Shares": NaN,
        "Basic Average Shares": NaN,
        "Diluted EPS": NaN,
        "Basic EPS": NaN,
        "Diluted NI Availto Com Stockholders": -10321000.0,
        "Net Income Common Stockholders": -10321000.0,
        "Net Income": -10321000.0,
        "Net Income Including Noncontrolling Interests": -10321000.0,
        "Net Income Continuous Operations": -10321000.0,
        "Tax Provision": -41000.0,
        "Pretax Income": -10362000.0,
        "Other Income Expense": -38000.0,
        "Other Non Operating Income Expenses": -32000.0,
        "Special Income Charges": -6000.0,
        "Gain On Sale Of Ppe": -6000.0,
        "Other Special Charges": NaN,
        "Net Non Operating Interest Income Expense": -17009000.0,
        "Total Other Finance Cost": 274000.0,
        "Interest Expense Non Operating": 18139000.0,
        "Interest Income Non Operating": 1404000.0,
        "Operating Income": 6685000.0,
        "Operating Expense": 120545000.0,
        "Other Operating Expenses": 11934000.0,
        "Depreciation Amortization Depletion Income Statement": 14721000.0,
        "Depreciation And Amortization In Income Statement": 14721000.0,
        "Selling General And Administration": 93890000.0,
        "General And Administrative Expense": 93890000.0,
        "Other Gand A": 93890000.0,
        "Gross Profit": 127230000.0,
        "Cost Of Revenue": 76368000.0,
        "Total Revenue": 203598000.0,
        "Operating Revenue": 178981000.0
    }
}