{
    "2023-03-31": {
        "Tax Effect Of Unusual Items": NaN,
        "Tax Rate For Calcs": NaN,
        "Normalized EBITDA": NaN,
        "Total Unusual Items": NaN,
        "Total Unusual Items Excluding Goodwill": NaN,
        "Net Income From Continuing Operation Net Minority Interest": NaN,
        "Reconciled Depreciation": NaN,
        "Reconciled Cost Of Revenue": NaN,
        "EBITDA": NaN,
        "EBIT": NaN,
        "Net Interest Income": NaN,
        "Interest Expense": NaN,
        "Interest Income": NaN,
        "Normalized Income": NaN,
        "Net Income From Continuing And Discontinued Operation": NaN,
        "Total Expenses": NaN,
        "Total Operating Income As Reported": NaN,
        "Diluted Average Shares": NaN,
        "Basic Average Shares": NaN,
        "Diluted EPS": NaN,
        "Basic EPS": NaN,
        "Diluted NI Availto Com Stockholders": NaN,
        "Net Income Common Stockholders": NaN,
        "Otherunder Preferred Stock Dividend": NaN,
        "Net Income": NaN,
        "Net Income Including Noncontrolling Interests": NaN,
        "Net Income Discontinuous Operations": 0.0,
        "Net Income Continuous Operations": NaN,
        "Tax Provision": NaN,
        "Pretax Income": NaN,
        "Other Income Expense": NaN,
        "Other Non Operating Income Expenses": NaN,
        "Special Income Charges": NaN,
        "Write Off": NaN,
        "Impairment Of Capital Assets": NaN,
        "Earnings From Equity Interest": NaN,
        "Gain On Sale Of Security": NaN,
        "Net Non Operating Interest Income Expense": NaN,
        "Interest Expense Non Operating": NaN,
        "Interest Income Non Operating": NaN,
        "Operating Income": NaN,
        "Operating Expense": NaN,
        "Other Operating Expenses": NaN,
        "Selling General And Administration": NaN,
        "Gross Profit": NaN,
        "Cost Of Revenue": NaN,
        "Total Revenue": NaN,
        "Operating Revenue": NaN
    },
    "2022-12-31": {
        "Tax Effect Of Unusual Items": NaN,
        "Tax Rate For Calcs": NaN,
        "Normalized EBITDA": NaN,
        "Total Unusual Items": NaN,
        "Total Unusual Items Excluding Goodwill": NaN,
        "Net Income From Continuing Operation Net Minority Interest": NaN,
        "Reconciled Depreciation": NaN,
        "Reconciled Cost Of Revenue": NaN,
        "EBITDA": NaN,
        "EBIT": NaN,
        "Net Interest Income": NaN,
        "Interest Expense": NaN,
        "Interest Income": NaN,
        "Normalized Income": NaN,
        "Net Income From Continuing And Discontinued Operation": NaN,
        "Total Expenses": NaN,
        "Total Operating Income As Reported": NaN,
        "Diluted Average Shares": NaN,
        "Basic Average Shares": NaN,
        "Diluted EPS": NaN,
        "Basic EPS": NaN,
        "Diluted NI Availto Com Stockholders": NaN,
        "Net Income Common Stockholders": NaN,
        "Otherunder Preferred Stock Dividend": 100000.0,
        "Net Income": NaN,
        "Net Income Including Noncontrolling Interests": NaN,
        "Net Income Discontinuous Operations": 0.0,
        "Net Income Continuous Operations": NaN,
        "Tax Provision": NaN,
        "Pretax Income": NaN,
        "Other Income Expense": NaN,
        "Other Non Operating Income Expenses": NaN,
        "Special Income Charges": 0.0,
        "Impairment Of Capital Assets": 0.0,
        "Earnings From Equity Interest": NaN,
        "Gain On Sale Of Security": NaN,
        "Net Non Operating Interest Income Expense": NaN,
        "Interest Expense Non Operating": NaN,
        "Interest Income Non Operating": NaN,
        "Operating Income": NaN,
        "Operating Expense": NaN,
        "Other Operating Expenses": 300000.0,
        "Selling General And Administration": NaN,
        "Gross Profit": NaN,
        "Cost Of Revenue": NaN,
        "Total Revenue": NaN,
        "Operating Revenue": NaN
    },
    "2022-09-30": {
        "Tax Effect Of Unusual Items": NaN,
        "Tax Rate For Calcs": NaN,
        "Normalized EBITDA": NaN,
        "Total Unusual Items": NaN,
        "Total Unusual Items Excluding Goodwill": NaN,
        "Net Income From Continuing Operation Net Minority Interest": NaN,
        "Reconciled Depreciation": NaN,
        "Reconciled Cost Of Revenue": NaN,
        "EBITDA": NaN,
        "EBIT": NaN,
        "Net Interest Income": NaN,
        "Interest Expense": NaN,
        "Interest Income": NaN,
        "Normalized Income": NaN,
        "Net Income From Continuing And Discontinued Operation": NaN,
        "Total Expenses": NaN,
        "Total Operating Income As Reported": NaN,
        "Diluted Average Shares": NaN,
        "Basic Average Shares": NaN,
        "Diluted EPS": NaN,
        "Basic EPS": NaN,
        "Diluted NI Availto Com Stockholders": NaN,
        "Net Income Common Stockholders": NaN,
        "Otherunder Preferred Stock Dividend": NaN,
        "Net Income": NaN,
        "Net Income Including Noncontrolling Interests": NaN,
        "Net Income Discontinuous Operations": -2000000.0,
        "Net Income Continuous Operations": NaN,
        "Tax Provision": NaN,
        "Pretax Income": NaN,
        "Other Income Expense": NaN,
        "Other Non Operating Income Expenses": NaN,
        "Special Income Charges": NaN,
        "Impairment Of Capital Assets": NaN,
        "Earnings From Equity Interest": NaN,
        "Gain On Sale Of Security": NaN,
        "Net Non Operating Interest Income Expense": NaN,
        "Interest Expense Non Operating": NaN,
        "Interest Income Non Operating": NaN,
        "Operating Income": NaN,
        "Operating Expense": NaN,
        "Other Operating Expenses": NaN,
        "Selling General And Administration": NaN,
        "Gross Profit": NaN,
        "Cost Of Revenue": NaN,
        "Total Revenue": NaN,
        "Operating Revenue": NaN
    },
    "2022-06-30": {
        "Tax Effect Of Unusual Items": 568644.067797,
        "Tax Rate For Calcs": 0.09322,
        "Normalized EBITDA": -4500000.0,
        "Total Unusual Items": 6100000.0,
        "Total Unusual Items Excluding Goodwill": 6100000.0,
        "Net Income From Continuing Operation Net Minority Interest": -10700000.0,
        "Reconciled Depreciation": 27000000.0,
        "Reconciled Cost Of Revenue": 180800000.0,
        "EBITDA": 1600000.0,
        "EBIT": 1600000.0,
        "Net Interest Income": -13400000.0,
        "Interest Expense": 13400000.0,
        "Interest Income": NaN,
        "Normalized Income": -16231355.932203,
        "Net Income From Continuing And Discontinued Operation": -7900000.0,
        "Total Expenses": 218200000.0,
        "Total Operating Income As Reported": -3500000.0,
        "Diluted Average Shares": 34154000.0,
        "Basic Average Shares": 34154000.0,
        "Diluted EPS": -0.23,
        "Basic EPS": -0.23,
        "Diluted NI Availto Com Stockholders": -7900000.0,
        "Net Income Common Stockholders": -7900000.0,
        "Net Income": -7900000.0,
        "Net Income Including Noncontrolling Interests": -7900000.0,
        "Net Income Discontinuous Operations": 2800000.0,
        "Net Income Continuous Operations": -10700000.0,
        "Tax Provision": -1100000.0,
        "Pretax Income": -11800000.0,
        "Other Income Expense": 5100000.0,
        "Other Non Operating Income Expenses": -1000000.0,
        "Earnings From Equity Interest": NaN,
        "Gain On Sale Of Security": 6100000.0,
        "Net Non Operating Interest Income Expense": -13400000.0,
        "Interest Expense Non Operating": 13400000.0,
        "Interest Income Non Operating": NaN,
        "Operating Income": -3500000.0,
        "Operating Expense": 37400000.0,
        "Selling General And Administration": 37400000.0,
        "Gross Profit": 33900000.0,
        "Cost Of Revenue": 180800000.0,
        "Total Revenue": 214700000.0,
        "Operating Revenue": 214700000.0
    },
    "2022-03-31": {
        "Diluted EPS": -0.36,
        "Total Revenue": 449,
        "Gross Profit": 65,
        "Operating Income": 20,
        "EBIT": 49,
        "Net Income": -12
    },
    "2021-12-31": {
        "Diluted EPS": 0.07,
        "Total Revenue": 332,
        "Gross Profit": 60,
        "Operating Income": 20,
        "EBIT": 49,
        "Net Income": 2
    },
    "2021-09-30": {
        "Diluted EPS": -2.42,
        "Total Revenue": -98,
        "Gross Profit": -25,
        "Operating Income": -26,
        "EBIT": -31,
        "Net Income": -84
    },
    "2021-06-30": {
        "Diluted EPS": 1.63,
        "Total Revenue": 199,
        "Gross Profit": 30,
        "Operating Income": 1,
        "EBIT": 32,
        "Net Income": 57
    },
    "2021-03-31": {
        "Diluted EPS": -6.32,
        "Total Revenue": 426,
        "Gross Profit": 108,
        "Operating Income": 76,
        "EBIT": 111,
        "Net Income": -214
    },
    "2020-12-31": {
        "Diluted EPS": 0.0,
        "Total Revenue": NaN,
        "Gross Profit": NaN,
        "Operating Income": NaN,
        "EBIT": NaN,
        "Net Income": NaN
    },
    "2020-09-30": {
        "Diluted EPS": -0.07,
        "Total Revenue": 282,
        "Gross Profit": 59,
        "Operating Income": 282,
        "EBIT": 319,
        "Net Income": -3
    },
    "2020-06-30": {
        "Diluted EPS": -0.11,
        "Total Revenue": 175,
        "Gross Profit": 40,
        "Operating Income": 10,
        "EBIT": 45,
        "Net Income": -3
    },
    "2020-03-31": {
        "Diluted EPS": 0.99,
        "Total Revenue": 346,
        "Gross Profit": 84,
        "Operating Income": 54,
        "EBIT": 54,
        "Net Income": 34
    },
    "2019-12-31": {
        "Diluted EPS": 0.0,
        "Total Revenue": NaN,
        "Gross Profit": NaN,
        "Operating Income": NaN,
        "EBIT": NaN,
        "Net Income": NaN
    },
    "2019-09-30": {
        "Diluted EPS": 0.31,
        "Total Revenue": 341,
        "Gross Profit": 76,
        "Operating Income": 341,
        "EBIT": 376,
        "Net Income": 10
    },
    "2019-06-30": {
        "Diluted EPS": -0.36,
        "Total Revenue": 245,
        "Gross Profit": 46,
        "Operating Income": 4,
        "EBIT": 39,
        "Net Income": -12
    },
    "2019-03-31": {
        "Diluted EPS": 0.22,
        "Total Revenue": 404,
        "Gross Profit": 73,
        "Operating Income": 33,
        "EBIT": 33,
        "Net Income": 8
    },
    "2018-12-31": {
        "Diluted EPS": 0.0,
        "Total Revenue": NaN,
        "Gross Profit": NaN,
        "Operating Income": NaN,
        "EBIT": NaN,
        "Net Income": NaN
    },
    "2018-09-30": {
        "Diluted EPS": 0.37,
        "Total Revenue": 323,
        "Gross Profit": 71,
        "Operating Income": 323,
        "EBIT": 357,
        "Net Income": 13
    },
    "2018-06-30": {
        "Diluted EPS": -0.23,
        "Total Revenue": 247,
        "Gross Profit": 43,
        "Operating Income": 3,
        "EBIT": 39,
        "Net Income": -8
    },
    "2018-03-31": {
        "Diluted EPS": 0.37,
        "Total Revenue": 438,
        "Gross Profit": 65,
        "Operating Income": 27,
        "EBIT": 27,
        "Net Income": 13
    },
    "2017-12-31": {
        "Diluted EPS": 0.0,
        "Total Revenue": NaN,
        "Gross Profit": NaN,
        "Operating Income": NaN,
        "EBIT": NaN,
        "Net Income": NaN
    },
    "2017-09-30": {
        "Diluted EPS": 0.94,
        "Total Revenue": 291,
        "Gross Profit": 76,
        "Operating Income": 291,
        "EBIT": 324,
        "Net Income": 32
    },
    "2017-06-30": {
        "Diluted EPS": -0.19,
        "Total Revenue": 228,
        "Gross Profit": 45,
        "Operating Income": 6,
        "EBIT": 35,
        "Net Income": -6
    },
    "2017-03-31": {
        "Diluted EPS": 0.63,
        "Total Revenue": 388,
        "Gross Profit": 82,
        "Operating Income": 41,
        "EBIT": 41,
        "Net Income": 21
    },
    "2016-12-31": {
        "Diluted EPS": 0.0,
        "Total Revenue": NaN,
        "Gross Profit": NaN,
        "Operating Income": NaN,
        "EBIT": NaN,
        "Net Income": NaN
    },
    "2016-09-30": {
        "Diluted EPS": 0.27,
        "Total Revenue": 180,
        "Gross Profit": 45,
        "Operating Income": 180,
        "EBIT": 202,
        "Net Income": 9
    },
    "2016-06-30": {
        "Diluted EPS": 0.18,
        "Total Revenue": 170,
        "Gross Profit": 41,
        "Operating Income": 16,
        "EBIT": 37,
        "Net Income": 6
    },
    "2016-03-31": {
        "Diluted EPS": 1.46,
        "Total Revenue": 346,
        "Gross Profit": 103,
        "Operating Income": 74,
        "EBIT": 74,
        "Net Income": 50
    },
    "2015-12-31": {
        "Diluted EPS": 0.0,
        "Total Revenue": NaN,
        "Gross Profit": NaN,
        "Operating Income": NaN,
        "EBIT": NaN,
        "Net Income": NaN
    },
    "2015-09-30": {
        "Diluted EPS": 0.8,
        "Total Revenue": 233,
        "Gross Profit": 68,
        "Operating Income": 233,
        "EBIT": 253,
        "Net Income": 27
    },
    "2015-06-30": {
        "Diluted EPS": 0.39,
        "Total Revenue": 184,
        "Gross Profit": 51,
        "Operating Income": 24,
        "EBIT": 43,
        "Net Income": 13
    },
    "2015-03-31": {
        "Diluted EPS": 1.79,
        "Total Revenue": 393,
        "Gross Profit": 113,
        "Operating Income": 85,
        "EBIT": 85,
        "Net Income": 61
    },
    "2014-12-31": {
        "Diluted EPS": 0.0,
        "Total Revenue": NaN,
        "Gross Profit": NaN,
        "Operating Income": NaN,
        "EBIT": NaN,
        "Net Income": NaN
    },
    "2014-09-30": {
        "Diluted EPS": 2.6,
        "Total Revenue": 241,
        "Gross Profit": 150,
        "Operating Income": 241,
        "EBIT": 261,
        "Net Income": 88
    },
    "2014-06-30": {
        "Diluted EPS": -0.02,
        "Total Revenue": 187,
        "Gross Profit": 38,
        "Operating Income": 13,
        "EBIT": 33,
        "Net Income": -1
    },
    "2014-03-31": {
        "Diluted EPS": 1.49,
        "Total Revenue": 422,
        "Gross Profit": 92,
        "Operating Income": 67,
        "EBIT": 67,
        "Net Income": 50
    },
    "2013-12-31": {
        "Diluted EPS": 0.0,
        "Total Revenue": NaN,
        "Gross Profit": NaN,
        "Operating Income": NaN,
        "EBIT": NaN,
        "Net Income": NaN
    },
    "2013-09-30": {
        "Diluted EPS": 0.46,
        "Total Revenue": 185,
        "Gross Profit": 46,
        "Operating Income": 185,
        "EBIT": 203,
        "Net Income": 15
    },
    "2013-06-30": {
        "Diluted EPS": 0.32,
        "Total Revenue": 174,
        "Gross Profit": 42,
        "Operating Income": 15,
        "EBIT": 33,
        "Net Income": 11
    },
    "2013-03-31": {
        "Diluted EPS": 1.38,
        "Total Revenue": 384,
        "Gross Profit": 91,
        "Operating Income": 68,
        "EBIT": 68,
        "Net Income": 46
    },
    "2012-12-31": {
        "Diluted EPS": 0.0,
        "Total Revenue": NaN,
        "Gross Profit": NaN,
        "Operating Income": NaN,
        "EBIT": NaN,
        "Net Income": NaN
    },
    "2012-09-30": {
        "Diluted EPS": 0.28,
        "Total Revenue": 181,
        "Gross Profit": 36,
        "Operating Income": 181,
        "EBIT": 197,
        "Net Income": 9
    },
    "2012-06-30": {
        "Diluted EPS": 0.28,
        "Total Revenue": 179,
        "Gross Profit": 39,
        "Operating Income": 16,
        "EBIT": 32,
        "Net Income": 9
    },
    "2012-03-31": {
        "Diluted EPS": 1.19,
        "Total Revenue": 315,
        "Gross Profit": 83,
        "Operating Income": 61,
        "EBIT": 61,
        "Net Income": 39
    },
    "2011-12-31": {
        "Diluted EPS": 0.0,
        "Total Revenue": NaN,
        "Gross Profit": NaN,
        "Operating Income": NaN,
        "EBIT": NaN,
        "Net Income": NaN
    },
    "2011-09-30": {
        "Diluted EPS": 1.03,
        "Total Revenue": 229,
        "Gross Profit": 71,
        "Operating Income": 229,
        "EBIT": 246,
        "Net Income": 34
    },
    "2011-06-30": {
        "Diluted EPS": 0.42,
        "Total Revenue": 180,
        "Gross Profit": 44,
        "Operating Income": 22,
        "EBIT": 39,
        "Net Income": 14
    },
    "2011-03-31": {
        "Diluted EPS": 1.69,
        "Total Revenue": 391,
        "Gross Profit": 108,
        "Operating Income": 85,
        "EBIT": 85,
        "Net Income": 56
    },
    "2010-12-31": {
        "Diluted EPS": 0.0,
        "Total Revenue": NaN,
        "Gross Profit": NaN,
        "Operating Income": NaN,
        "EBIT": NaN,
        "Net Income": NaN
    },
    "2010-09-30": {
        "Diluted EPS": 0.58,
        "Total Revenue": 176,
        "Gross Profit": 53,
        "Operating Income": 176,
        "EBIT": 189,
        "Net Income": 19
    },
    "2010-06-30": {
        "Diluted EPS": 0.34,
        "Total Revenue": 179,
        "Gross Profit": 40,
        "Operating Income": 18,
        "EBIT": 31,
        "Net Income": 11
    },
    "2010-03-31": {
        "Diluted EPS": 1.77,
        "Total Revenue": 358,
        "Gross Profit": 115,
        "Operating Income": 93,
        "EBIT": 93,
        "Net Income": 59
    },
    "2009-12-31": {
        "Diluted EPS": 0.0,
        "Total Revenue": NaN,
        "Gross Profit": NaN,
        "Operating Income": NaN,
        "EBIT": NaN,
        "Net Income": NaN
    },
    "2009-09-30": {
        "Diluted EPS": 0.77,
        "Total Revenue": 182,
        "Gross Profit": 67,
        "Operating Income": 182,
        "EBIT": 194,
        "Net Income": 26
    },
    "2009-06-30": {
        "Diluted EPS": 0.42,
        "Total Revenue": 160,
        "Gross Profit": 55,
        "Operating Income": 35,
        "EBIT": 46,
        "Net Income": 14
    },
    "2009-03-31": {
        "Diluted EPS": 1.85,
        "Total Revenue": 309,
        "Gross Profit": 115,
        "Operating Income": 95,
        "EBIT": 95,
        "Net Income": 62
    },
    "2023-06-30": {
        "Tax Effect Of Unusual Items": NaN,
        "Tax Rate For Calcs": NaN,
        "Normalized EBITDA": NaN,
        "Total Unusual Items": NaN,
        "Total Unusual Items Excluding Goodwill": NaN,
        "Net Income From Continuing Operation Net Minority Interest": NaN,
        "Reconciled Depreciation": NaN,
        "Reconciled Cost Of Revenue": NaN,
        "EBITDA": NaN,
        "EBIT": NaN,
        "Net Interest Income": NaN,
        "Interest Expense": NaN,
        "Interest Income": NaN,
        "Normalized Income": NaN,
        "Net Income From Continuing And Discontinued Operation": NaN,
        "Total Expenses": NaN,
        "Total Operating Income As Reported": NaN,
        "Diluted Average Shares": NaN,
        "Basic Average Shares": NaN,
        "Diluted EPS": NaN,
        "Basic EPS": NaN,
        "Diluted NI Availto Com Stockholders": NaN,
        "Net Income Common Stockholders": NaN,
        "Otherunder Preferred Stock Dividend": NaN,
        "Net Income": NaN,
        "Net Income Including Noncontrolling Interests": NaN,
        "Net Income Discontinuous Operations": 0.0,
        "Net Income Continuous Operations": NaN,
        "Tax Provision": NaN,
        "Pretax Income": NaN,
        "Other Income Expense": NaN,
        "Other Non Operating Income Expenses": NaN,
        "Special Income Charges": NaN,
        "Write Off": NaN,
        "Impairment Of Capital Assets": NaN,
        "Earnings From Equity Interest": NaN,
        "Gain On Sale Of Security": NaN,
        "Net Non Operating Interest Income Expense": NaN,
        "Interest Expense Non Operating": NaN,
        "Interest Income Non Operating": NaN,
        "Operating Income": NaN,
        "Operating Expense": NaN,
        "Other Operating Expenses": NaN,
        "Selling General And Administration": NaN,
        "Gross Profit": NaN,
        "Cost Of Revenue": NaN,
        "Total Revenue": NaN,
        "Operating Revenue": NaN
    },
    "2023-09-30": {
        "Tax Effect Of Unusual Items": NaN,
        "Tax Rate For Calcs": NaN,
        "Normalized EBITDA": NaN,
        "Total Unusual Items": NaN,
        "Total Unusual Items Excluding Goodwill": NaN,
        "Net Income From Continuing Operation Net Minority Interest": NaN,
        "Reconciled Depreciation": NaN,
        "Reconciled Cost Of Revenue": NaN,
        "EBITDA": NaN,
        "EBIT": NaN,
        "Net Interest Income": NaN,
        "Interest Expense": NaN,
        "Interest Income": NaN,
        "Normalized Income": NaN,
        "Net Income From Continuing And Discontinued Operation": NaN,
        "Total Expenses": NaN,
        "Total Operating Income As Reported": NaN,
        "Diluted Average Shares": NaN,
        "Basic Average Shares": NaN,
        "Diluted EPS": NaN,
        "Basic EPS": NaN,
        "Diluted NI Availto Com Stockholders": NaN,
        "Net Income Common Stockholders": NaN,
        "Otherunder Preferred Stock Dividend": NaN,
        "Net Income": NaN,
        "Net Income Including Noncontrolling Interests": NaN,
        "Net Income Discontinuous Operations": 0.0,
        "Net Income Continuous Operations": NaN,
        "Tax Provision": NaN,
        "Pretax Income": NaN,
        "Other Income Expense": NaN,
        "Other Non Operating Income Expenses": NaN,
        "Special Income Charges": NaN,
        "Write Off": NaN,
        "Impairment Of Capital Assets": NaN,
        "Earnings From Equity Interest": -2500000.0,
        "Gain On Sale Of Security": NaN,
        "Net Non Operating Interest Income Expense": NaN,
        "Interest Expense Non Operating": NaN,
        "Interest Income Non Operating": NaN,
        "Operating Income": NaN,
        "Operating Expense": NaN,
        "Other Operating Expenses": NaN,
        "Selling General And Administration": NaN,
        "Gross Profit": NaN,
        "Cost Of Revenue": NaN,
        "Total Revenue": NaN,
        "Operating Revenue": NaN
    },
    "2023-12-31": {
        "Tax Effect Of Unusual Items": NaN,
        "Tax Rate For Calcs": NaN,
        "Normalized EBITDA": NaN,
        "Total Unusual Items": NaN,
        "Total Unusual Items Excluding Goodwill": NaN,
        "Net Income From Continuing Operation Net Minority Interest": NaN,
        "Reconciled Depreciation": NaN,
        "Reconciled Cost Of Revenue": NaN,
        "EBITDA": NaN,
        "EBIT": NaN,
        "Net Interest Income": NaN,
        "Interest Expense": NaN,
        "Interest Income": NaN,
        "Normalized Income": NaN,
        "Net Income From Continuing And Discontinued Operation": NaN,
        "Total Expenses": NaN,
        "Total Operating Income As Reported": NaN,
        "Diluted Average Shares": NaN,
        "Basic Average Shares": NaN,
        "Diluted EPS": NaN,
        "Basic EPS": NaN,
        "Diluted NI Availto Com Stockholders": NaN,
        "Net Income Common Stockholders": NaN,
        "Otherunder Preferred Stock Dividend": NaN,
        "Net Income": NaN,
        "Net Income Including Noncontrolling Interests": NaN,
        "Net Income Discontinuous Operations": NaN,
        "Net Income Continuous Operations": NaN,
        "Tax Provision": NaN,
        "Pretax Income": NaN,
        "Other Income Expense": NaN,
        "Other Non Operating Income Expenses": NaN,
        "Special Income Charges": NaN,
        "Write Off": NaN,
        "Impairment Of Capital Assets": NaN,
        "Earnings From Equity Interest": 0.0,
        "Gain On Sale Of Security": NaN,
        "Net Non Operating Interest Income Expense": NaN,
        "Interest Expense Non Operating": NaN,
        "Interest Income Non Operating": NaN,
        "Operating Income": NaN,
        "Operating Expense": NaN,
        "Other Operating Expenses": NaN,
        "Selling General And Administration": NaN,
        "Gross Profit": NaN,
        "Cost Of Revenue": NaN,
        "Total Revenue": NaN,
        "Operating Revenue": NaN
    },
    "2024-03-31": {
        "Tax Effect Of Unusual Items": -27883029.19708,
        "Tax Rate For Calcs": 0.290146,
        "Normalized EBITDA": 85400000.0,
        "Total Unusual Items": -96100000.0,
        "Total Unusual Items Excluding Goodwill": -96100000.0,
        "Net Income From Continuing Operation Net Minority Interest": -38900000.0,
        "Reconciled Depreciation": 26800000.0,
        "Reconciled Cost Of Revenue": 292200000.0,
        "EBITDA": -10700000.0,
        "EBIT": -37500000.0,
        "Net Interest Income": -17100000.0,
        "Interest Expense": 17300000.0,
        "Interest Income": 200000.0,
        "Normalized Income": 29316970.80292,
        "Net Income From Continuing And Discontinued Operation": -38900000.0,
        "Total Expenses": 304700000.0,
        "Total Operating Income As Reported": -39300000.0,
        "Diluted Average Shares": 41306000.0,
        "Basic Average Shares": 41306000.0,
        "Diluted EPS": -1.16,
        "Basic EPS": -1.16,
        "Diluted NI Availto Com Stockholders": -39000000.0,
        "Net Income Common Stockholders": -39000000.0,
        "Otherunder Preferred Stock Dividend": 100000.0,
        "Net Income": -38900000.0,
        "Net Income Including Noncontrolling Interests": -38900000.0,
        "Net Income Discontinuous Operations": NaN,
        "Net Income Continuous Operations": -38900000.0,
        "Tax Provision": -15900000.0,
        "Pretax Income": -54800000.0,
        "Other Income Expense": -97000000.0,
        "Other Non Operating Income Expenses": -900000.0,
        "Special Income Charges": -98600000.0,
        "Write Off": NaN,
        "Impairment Of Capital Assets": 98600000.0,
        "Earnings From Equity Interest": 0.0,
        "Gain On Sale Of Security": 2500000.0,
        "Net Non Operating Interest Income Expense": -17100000.0,
        "Interest Expense Non Operating": 17300000.0,
        "Interest Income Non Operating": 200000.0,
        "Operating Income": 59300000.0,
        "Operating Expense": 12500000.0,
        "Other Operating Expenses": -20800000.0,
        "Selling General And Administration": 33300000.0,
        "Gross Profit": 71800000.0,
        "Cost Of Revenue": 292200000.0,
        "Total Revenue": 364000000.0,
        "Operating Revenue": 364000000.0
    },
    "2024-06-30": {
        "Tax Effect Of Unusual Items": 105000.0,
        "Tax Rate For Calcs": 0.21,
        "Normalized EBITDA": 31900000.0,
        "Total Unusual Items": 500000.0,
        "Total Unusual Items Excluding Goodwill": 500000.0,
        "Net Income From Continuing Operation Net Minority Interest": -43600000.0,
        "Reconciled Depreciation": 26100000.0,
        "Reconciled Cost Of Revenue": 170300000.0,
        "EBITDA": 32400000.0,
        "EBIT": 6300000.0,
        "Net Interest Income": -17000000.0,
        "Interest Expense": 17200000.0,
        "Interest Income": 200000.0,
        "Normalized Income": -43995000.0,
        "Net Income From Continuing And Discontinued Operation": -43600000.0,
        "Total Expenses": 197000000.0,
        "Total Operating Income As Reported": 5900000.0,
        "Diluted Average Shares": 41342000.0,
        "Basic Average Shares": 41342000.0,
        "Diluted EPS": -1.05,
        "Basic EPS": -1.05,
        "Diluted NI Availto Com Stockholders": -43600000.0,
        "Net Income Common Stockholders": -43600000.0,
        "Otherunder Preferred Stock Dividend": 0.0,
        "Net Income": -43600000.0,
        "Net Income Including Noncontrolling Interests": -43600000.0,
        "Net Income Discontinuous Operations": NaN,
        "Net Income Continuous Operations": -43600000.0,
        "Tax Provision": 32700000.0,
        "Pretax Income": -10900000.0,
        "Other Income Expense": 200000.0,
        "Other Non Operating Income Expenses": -300000.0,
        "Special Income Charges": 0.0,
        "Write Off": NaN,
        "Impairment Of Capital Assets": 0.0,
        "Earnings From Equity Interest": 0.0,
        "Gain On Sale Of Security": 500000.0,
        "Net Non Operating Interest Income Expense": -17000000.0,
        "Interest Expense Non Operating": 17200000.0,
        "Interest Income Non Operating": 200000.0,
        "Operating Income": 5900000.0,
        "Operating Expense": 26700000.0,
        "Other Operating Expenses": -800000.0,
        "Selling General And Administration": 27500000.0,
        "Gross Profit": 32600000.0,
        "Cost Of Revenue": 170300000.0,
        "Total Revenue": 202900000.0,
        "Operating Revenue": 202900000.0
    },
    "2024-09-30": {
        "Tax Effect Of Unusual Items": -954724.409449,
        "Tax Rate For Calcs": 0.049213,
        "Normalized EBITDA": 14300000.0,
        "Total Unusual Items": -19400000.0,
        "Total Unusual Items Excluding Goodwill": -19400000.0,
        "Net Income From Continuing Operation Net Minority Interest": -48300000.0,
        "Reconciled Depreciation": 26600000.0,
        "Reconciled Cost Of Revenue": 189300000.0,
        "EBITDA": -5100000.0,
        "EBIT": -31700000.0,
        "Net Interest Income": -18900000.0,
        "Interest Expense": 19100000.0,
        "Interest Income": 200000.0,
        "Normalized Income": -29854724.409449,
        "Net Income From Continuing And Discontinued Operation": -48300000.0,
        "Total Expenses": 221000000.0,
        "Total Operating Income As Reported": -29800000.0,
        "Diluted Average Shares": 41369000.0,
        "Basic Average Shares": 41369000.0,
        "Diluted EPS": -1.17,
        "Basic EPS": -1.17,
        "Diluted NI Availto Com Stockholders": -48300000.0,
        "Net Income Common Stockholders": -48300000.0,
        "Otherunder Preferred Stock Dividend": 0.0,
        "Net Income": -48300000.0,
        "Net Income Including Noncontrolling Interests": -48300000.0,
        "Net Income Discontinuous Operations": NaN,
        "Net Income Continuous Operations": -48300000.0,
        "Tax Provision": -2500000.0,
        "Pretax Income": -50800000.0,
        "Other Income Expense": -19700000.0,
        "Other Non Operating Income Expenses": -300000.0,
        "Special Income Charges": -17600000.0,
        "Write Off": 0.0,
        "Impairment Of Capital Assets": 17600000.0,
        "Earnings From Equity Interest": 0.0,
        "Gain On Sale Of Security": -1800000.0,
        "Net Non Operating Interest Income Expense": -18900000.0,
        "Interest Expense Non Operating": 19100000.0,
        "Interest Income Non Operating": 200000.0,
        "Operating Income": -12200000.0,
        "Operating Expense": 31700000.0,
        "Other Operating Expenses": 400000.0,
        "Selling General And Administration": 31300000.0,
        "Gross Profit": 19500000.0,
        "Cost Of Revenue": 189300000.0,
        "Total Revenue": 208800000.0,
        "Operating Revenue": 208800000.0
    },
    "2024-12-31": {
        "Tax Effect Of Unusual Items": 1092000.0,
        "Tax Rate For Calcs": 0.21,
        "Normalized EBITDA": 24600000.0,
        "Total Unusual Items": 5200000.0,
        "Total Unusual Items Excluding Goodwill": 5200000.0,
        "Net Income From Continuing Operation Net Minority Interest": -23600000.0,
        "Reconciled Depreciation": 26800000.0,
        "Reconciled Cost Of Revenue": 272900000.0,
        "EBITDA": 29800000.0,
        "EBIT": 3000000.0,
        "Net Interest Income": -16500000.0,
        "Interest Expense": 16900000.0,
        "Interest Income": 400000.0,
        "Normalized Income": -27708000.0,
        "Net Income From Continuing And Discontinued Operation": -23600000.0,
        "Total Expenses": 306700000.0,
        "Total Operating Income As Reported": 500000.0,
        "Diluted Average Shares": 41441000.0,
        "Basic Average Shares": 41441000.0,
        "Diluted EPS": -0.57,
        "Basic EPS": -0.57,
        "Diluted NI Availto Com Stockholders": -23600000.0,
        "Net Income Common Stockholders": -23600000.0,
        "Otherunder Preferred Stock Dividend": 0.0,
        "Net Income": -23600000.0,
        "Net Income Including Noncontrolling Interests": -23600000.0,
        "Net Income Discontinuous Operations": NaN,
        "Net Income Continuous Operations": -23600000.0,
        "Tax Provision": 9700000.0,
        "Pretax Income": -13900000.0,
        "Other Income Expense": 2100000.0,
        "Other Non Operating Income Expenses": -3100000.0,
        "Special Income Charges": 0.0,
        "Write Off": NaN,
        "Impairment Of Capital Assets": 0.0,
        "Earnings From Equity Interest": NaN,
        "Gain On Sale Of Security": 5200000.0,
        "Net Non Operating Interest Income Expense": -16500000.0,
        "Interest Expense Non Operating": 16900000.0,
        "Interest Income Non Operating": 400000.0,
        "Operating Income": 500000.0,
        "Operating Expense": 33800000.0,
        "Other Operating Expenses": 500000.0,
        "Selling General And Administration": 33300000.0,
        "Gross Profit": 34300000.0,
        "Cost Of Revenue": 272900000.0,
        "Total Revenue": 307200000.0,
        "Operating Revenue": 307200000.0
    },
    "2025-03-31": {
        "Tax Effect Of Unusual Items": -11109000.0,
        "Tax Rate For Calcs": 0.21,
        "Normalized EBITDA": 75200000.0,
        "Total Unusual Items": -52900000.0,
        "Total Unusual Items Excluding Goodwill": -52900000.0,
        "Net Income From Continuing Operation Net Minority Interest": -32000000.0,
        "Reconciled Depreciation": 26500000.0,
        "Reconciled Cost Of Revenue": 417800000.0,
        "EBITDA": 22300000.0,
        "EBIT": -4200000.0,
        "Net Interest Income": -17800000.0,
        "Interest Expense": 18000000.0,
        "Interest Income": 200000.0,
        "Normalized Income": 9791000.0,
        "Net Income From Continuing And Discontinued Operation": -32000000.0,
        "Total Expenses": 444700000.0,
        "Total Operating Income As Reported": -3100000.0,
        "Diluted Average Shares": 41521000.0,
        "Basic Average Shares": 41521000.0,
        "Diluted EPS": -0.77,
        "Basic EPS": -0.77,
        "Diluted NI Availto Com Stockholders": -32000000.0,
        "Net Income Common Stockholders": -32000000.0,
        "Otherunder Preferred Stock Dividend": 0.0,
        "Net Income": -32000000.0,
        "Net Income Including Noncontrolling Interests": -32000000.0,
        "Net Income Discontinuous Operations": NaN,
        "Net Income Continuous Operations": -32000000.0,
        "Tax Provision": 9800000.0,
        "Pretax Income": -22200000.0,
        "Other Income Expense": -54300000.0,
        "Other Non Operating Income Expenses": -1400000.0,
        "Special Income Charges": -53000000.0,
        "Write Off": NaN,
        "Impairment Of Capital Assets": 53000000.0,
        "Earnings From Equity Interest": NaN,
        "Gain On Sale Of Security": 100000.0,
        "Net Non Operating Interest Income Expense": -17800000.0,
        "Interest Expense Non Operating": 18000000.0,
        "Interest Income Non Operating": 200000.0,
        "Operating Income": 49900000.0,
        "Operating Expense": 26900000.0,
        "Other Operating Expenses": -2700000.0,
        "Selling General And Administration": 29600000.0,
        "Gross Profit": 76800000.0,
        "Cost Of Revenue": 417800000.0,
        "Total Revenue": 494600000.0,
        "Operating Revenue": 494600000.0
    }
}