{
    "2023-03-31": {
        "Tax Effect Of Unusual Items": NaN,
        "Tax Rate For Calcs": NaN,
        "Normalized EBITDA": NaN,
        "Total Unusual Items": NaN,
        "Total Unusual Items Excluding Goodwill": NaN,
        "Net Income From Continuing Operation Net Minority Interest": NaN,
        "Reconciled Depreciation": NaN,
        "Reconciled Cost Of Revenue": NaN,
        "EBITDA": NaN,
        "EBIT": NaN,
        "Net Interest Income": NaN,
        "Interest Expense": NaN,
        "Normalized Income": NaN,
        "Net Income From Continuing And Discontinued Operation": NaN,
        "Total Expenses": NaN,
        "Total Operating Income As Reported": NaN,
        "Diluted Average Shares": 26268301.0,
        "Basic Average Shares": 26268301.0,
        "Diluted EPS": -1.88,
        "Basic EPS": -1.88,
        "Diluted NI Availto Com Stockholders": NaN,
        "Net Income Common Stockholders": NaN,
        "Net Income": NaN,
        "Minority Interests": NaN,
        "Net Income Including Noncontrolling Interests": NaN,
        "Net Income Continuous Operations": NaN,
        "Tax Provision": NaN,
        "Pretax Income": NaN,
        "Other Income Expense": NaN,
        "Other Non Operating Income Expenses": NaN,
        "Special Income Charges": NaN,
        "Other Special Charges": NaN,
        "Restructuring And Mergern Acquisition": NaN,
        "Gain On Sale Of Security": NaN,
        "Net Non Operating Interest Income Expense": NaN,
        "Interest Expense Non Operating": NaN,
        "Operating Income": NaN,
        "Operating Expense": NaN,
        "Depreciation Amortization Depletion Income Statement": NaN,
        "Depreciation And Amortization In Income Statement": NaN,
        "Amortization": NaN,
        "Amortization Of Intangibles Income Statement": NaN,
        "Research And Development": NaN,
        "Selling General And Administration": NaN,
        "Selling And Marketing Expense": NaN,
        "General And Administrative Expense": NaN,
        "Other Gand A": NaN,
        "Gross Profit": NaN,
        "Cost Of Revenue": NaN,
        "Total Revenue": NaN,
        "Operating Revenue": NaN
    },
    "2022-12-31": {
        "Tax Effect Of Unusual Items": NaN,
        "Tax Rate For Calcs": NaN,
        "Normalized EBITDA": NaN,
        "Total Unusual Items": NaN,
        "Total Unusual Items Excluding Goodwill": NaN,
        "Net Income From Continuing Operation Net Minority Interest": NaN,
        "Reconciled Depreciation": NaN,
        "Reconciled Cost Of Revenue": NaN,
        "EBITDA": NaN,
        "EBIT": NaN,
        "Net Interest Income": NaN,
        "Interest Expense": NaN,
        "Normalized Income": NaN,
        "Net Income From Continuing And Discontinued Operation": NaN,
        "Total Expenses": NaN,
        "Total Operating Income As Reported": NaN,
        "Diluted Average Shares": 26234747.0,
        "Basic Average Shares": 26234747.0,
        "Diluted EPS": -5.34,
        "Basic EPS": -5.34,
        "Diluted NI Availto Com Stockholders": NaN,
        "Net Income Common Stockholders": NaN,
        "Net Income": NaN,
        "Minority Interests": NaN,
        "Net Income Including Noncontrolling Interests": NaN,
        "Net Income Continuous Operations": NaN,
        "Tax Provision": NaN,
        "Pretax Income": NaN,
        "Other Income Expense": NaN,
        "Other Non Operating Income Expenses": NaN,
        "Special Income Charges": NaN,
        "Other Special Charges": NaN,
        "Restructuring And Mergern Acquisition": NaN,
        "Gain On Sale Of Security": NaN,
        "Net Non Operating Interest Income Expense": NaN,
        "Interest Expense Non Operating": NaN,
        "Operating Income": NaN,
        "Operating Expense": NaN,
        "Depreciation Amortization Depletion Income Statement": NaN,
        "Depreciation And Amortization In Income Statement": NaN,
        "Amortization": NaN,
        "Amortization Of Intangibles Income Statement": NaN,
        "Research And Development": NaN,
        "Selling General And Administration": NaN,
        "Selling And Marketing Expense": NaN,
        "General And Administrative Expense": NaN,
        "Other Gand A": NaN,
        "Gross Profit": NaN,
        "Cost Of Revenue": NaN,
        "Total Revenue": NaN,
        "Operating Revenue": NaN
    },
    "2022-09-30": {
        "Tax Effect Of Unusual Items": 10651200.0,
        "Tax Rate For Calcs": 0.4,
        "Normalized EBITDA": 23744000.0,
        "Total Unusual Items": 26628000.0,
        "Total Unusual Items Excluding Goodwill": 26628000.0,
        "Net Income From Continuing Operation Net Minority Interest": -25441000.0,
        "Reconciled Depreciation": 40942000.0,
        "Reconciled Cost Of Revenue": 349143000.0,
        "EBITDA": 50372000.0,
        "EBIT": 9430000.0,
        "Net Interest Income": -24806000.0,
        "Interest Expense": 24806000.0,
        "Normalized Income": -41417800.0,
        "Net Income From Continuing And Discontinued Operation": -25441000.0,
        "Total Expenses": 719562000.0,
        "Total Operating Income As Reported": -17967000.0,
        "Diluted Average Shares": 26178818.0,
        "Basic Average Shares": 26178818.0,
        "Diluted EPS": -0.97,
        "Basic EPS": -0.97,
        "Diluted NI Availto Com Stockholders": -25441000.0,
        "Net Income Common Stockholders": -25441000.0,
        "Net Income": -25441000.0,
        "Minority Interests": -700000.0,
        "Net Income Including Noncontrolling Interests": -24741000.0,
        "Net Income Continuous Operations": -24741000.0,
        "Tax Provision": 9365000.0,
        "Pretax Income": -15376000.0,
        "Other Income Expense": 25577000.0,
        "Other Non Operating Income Expenses": -1051000.0,
        "Special Income Charges": -1820000.0,
        "Other Special Charges": NaN,
        "Restructuring And Mergern Acquisition": 1820000.0,
        "Gain On Sale Of Security": 28448000.0,
        "Net Non Operating Interest Income Expense": -24806000.0,
        "Interest Expense Non Operating": 24806000.0,
        "Operating Income": -16147000.0,
        "Operating Expense": 341827000.0,
        "Depreciation Amortization Depletion Income Statement": 12350000.0,
        "Depreciation And Amortization In Income Statement": 12350000.0,
        "Amortization": 12350000.0,
        "Amortization Of Intangibles Income Statement": 12350000.0,
        "Research And Development": 74475000.0,
        "Selling General And Administration": 255002000.0,
        "Selling And Marketing Expense": 200930000.0,
        "General And Administrative Expense": 54072000.0,
        "Other Gand A": 54072000.0,
        "Gross Profit": 325680000.0,
        "Cost Of Revenue": 377735000.0,
        "Total Revenue": 703415000.0,
        "Operating Revenue": 703415000.0
    },
    "2022-06-30": {
        "Tax Effect Of Unusual Items": 4795200.0,
        "Tax Rate For Calcs": 0.4,
        "Normalized EBITDA": 26244000.0,
        "Total Unusual Items": 11988000.0,
        "Total Unusual Items Excluding Goodwill": 11988000.0,
        "Net Income From Continuing Operation Net Minority Interest": -30605000.0,
        "Reconciled Depreciation": 42284000.0,
        "Reconciled Cost Of Revenue": 353041000.0,
        "EBITDA": 38232000.0,
        "EBIT": -4052000.0,
        "Net Interest Income": -24126000.0,
        "Interest Expense": 24126000.0,
        "Normalized Income": -37797800.0,
        "Net Income From Continuing And Discontinued Operation": -30605000.0,
        "Total Expenses": 739828000.0,
        "Total Operating Income As Reported": -27185000.0,
        "Diluted Average Shares": 26107988.0,
        "Basic Average Shares": 26107988.0,
        "Diluted EPS": -1.17,
        "Basic EPS": -1.17,
        "Diluted NI Availto Com Stockholders": -30605000.0,
        "Net Income Common Stockholders": -30605000.0,
        "Net Income": -30605000.0,
        "Minority Interests": 1266000.0,
        "Net Income Including Noncontrolling Interests": -31871000.0,
        "Net Income Continuous Operations": -31871000.0,
        "Tax Provision": 3693000.0,
        "Pretax Income": -28178000.0,
        "Other Income Expense": 12948000.0,
        "Other Non Operating Income Expenses": 960000.0,
        "Special Income Charges": -10185000.0,
        "Restructuring And Mergern Acquisition": 10185000.0,
        "Gain On Sale Of Security": 22173000.0,
        "Net Non Operating Interest Income Expense": -24126000.0,
        "Interest Expense Non Operating": 24126000.0,
        "Operating Income": -17000000.0,
        "Operating Expense": 357480000.0,
        "Depreciation Amortization Depletion Income Statement": 12977000.0,
        "Depreciation And Amortization In Income Statement": 12977000.0,
        "Amortization": 12977000.0,
        "Amortization Of Intangibles Income Statement": 12977000.0,
        "Research And Development": 80010000.0,
        "Selling General And Administration": 264493000.0,
        "Selling And Marketing Expense": 211310000.0,
        "General And Administrative Expense": 53183000.0,
        "Other Gand A": 53183000.0,
        "Gross Profit": 340480000.0,
        "Cost Of Revenue": 382348000.0,
        "Total Revenue": 722828000.0,
        "Operating Revenue": 722828000.0
    },
    "2022-03-31": {
        "Diluted EPS": -2.75,
        "Total Revenue": 657,
        "Gross Profit": 310,
        "Operating Income": -28,
        "EBIT": 15,
        "Net Income": -72
    },
    "2021-12-31": {
        "Diluted EPS": 2.08,
        "Total Revenue": 850,
        "Gross Profit": 426,
        "Operating Income": 86,
        "EBIT": 131,
        "Net Income": 55
    },
    "2021-09-30": {
        "Diluted EPS": -0.26,
        "Total Revenue": 658,
        "Gross Profit": 319,
        "Operating Income": 17,
        "EBIT": 61,
        "Net Income": -7
    },
    "2021-06-30": {
        "Diluted EPS": -2.59,
        "Total Revenue": 635,
        "Gross Profit": 311,
        "Operating Income": 9,
        "EBIT": 54,
        "Net Income": -68
    },
    "2021-03-31": {
        "Diluted EPS": -1.5,
        "Total Revenue": 573,
        "Gross Profit": 277,
        "Operating Income": -16,
        "EBIT": 27,
        "Net Income": -39
    },
    "2020-12-31": {
        "Diluted EPS": 1.22,
        "Total Revenue": 781,
        "Gross Profit": 400,
        "Operating Income": 94,
        "EBIT": 138,
        "Net Income": 32
    },
    "2020-09-30": {
        "Diluted EPS": -0.41,
        "Total Revenue": 587,
        "Gross Profit": 288,
        "Operating Income": 36,
        "EBIT": 78,
        "Net Income": -11
    },
    "2020-06-30": {
        "Diluted EPS": -1.21,
        "Total Revenue": 429,
        "Gross Profit": 210,
        "Operating Income": -3,
        "EBIT": 38,
        "Net Income": -42
    },
    "2020-03-31": {
        "Diluted EPS": -3.26,
        "Total Revenue": 598,
        "Gross Profit": 288,
        "Operating Income": -88,
        "EBIT": -46,
        "Net Income": -85
    },
    "2019-12-31": {
        "Diluted EPS": 6.81,
        "Total Revenue": 820,
        "Gross Profit": 426,
        "Operating Income": 122,
        "EBIT": 164,
        "Net Income": 190
    },
    "2019-09-30": {
        "Diluted EPS": 0.66,
        "Total Revenue": 634,
        "Gross Profit": 308,
        "Operating Income": 25,
        "EBIT": 68,
        "Net Income": 20
    },
    "2019-06-30": {
        "Diluted EPS": 1.09,
        "Total Revenue": 675,
        "Gross Profit": 330,
        "Operating Income": 49,
        "EBIT": 94,
        "Net Income": 34
    },
    "2019-03-31": {
        "Diluted EPS": 0.21,
        "Total Revenue": 662,
        "Gross Profit": 319,
        "Operating Income": 30,
        "EBIT": 74,
        "Net Income": 7
    },
    "2018-12-31": {
        "Diluted EPS": 2.17,
        "Total Revenue": 826,
        "Gross Profit": 414,
        "Operating Income": 91,
        "EBIT": 135,
        "Net Income": 69
    },
    "2018-09-30": {
        "Diluted EPS": -0.47,
        "Total Revenue": 589,
        "Gross Profit": 287,
        "Operating Income": -6,
        "EBIT": 35,
        "Net Income": -15
    },
    "2018-06-30": {
        "Diluted EPS": -0.22,
        "Total Revenue": 631,
        "Gross Profit": 315,
        "Operating Income": 22,
        "EBIT": 64,
        "Net Income": -7
    },
    "2018-03-31": {
        "Diluted EPS": -0.07,
        "Total Revenue": 636,
        "Gross Profit": 317,
        "Operating Income": 17,
        "EBIT": 60,
        "Net Income": -2
    },
    "2017-12-31": {
        "Diluted EPS": 0.93,
        "Total Revenue": 762,
        "Gross Profit": 402,
        "Operating Income": 73,
        "EBIT": 114,
        "Net Income": 30
    },
    "2017-09-30": {
        "Diluted EPS": 0.72,
        "Total Revenue": 563,
        "Gross Profit": 280,
        "Operating Income": 47,
        "EBIT": 89,
        "Net Income": 23
    },
    "2017-06-30": {
        "Diluted EPS": -1.06,
        "Total Revenue": 564,
        "Gross Profit": 285,
        "Operating Income": -10,
        "EBIT": 33,
        "Net Income": -35
    },
    "2017-03-31": {
        "Diluted EPS": -1.38,
        "Total Revenue": 551,
        "Gross Profit": 282,
        "Operating Income": -42,
        "EBIT": 1,
        "Net Income": -43
    },
    "2016-12-31": {
        "Diluted EPS": 1.07,
        "Total Revenue": 577,
        "Gross Profit": 300,
        "Operating Income": 34,
        "EBIT": 71,
        "Net Income": 35
    },
    "2016-09-30": {
        "Diluted EPS": -0.92,
        "Total Revenue": 444,
        "Gross Profit": 231,
        "Operating Income": -28,
        "EBIT": 8,
        "Net Income": -29
    },
    "2016-06-30": {
        "Diluted EPS": 0.55,
        "Total Revenue": 479,
        "Gross Profit": 257,
        "Operating Income": 16,
        "EBIT": 51,
        "Net Income": 17
    },
    "2016-03-31": {
        "Diluted EPS": -1.04,
        "Total Revenue": 437,
        "Gross Profit": 240,
        "Operating Income": -18,
        "EBIT": 17,
        "Net Income": -33
    },
    "2015-12-31": {
        "Diluted EPS": 1.81,
        "Total Revenue": 496,
        "Gross Profit": 299,
        "Operating Income": 68,
        "EBIT": 99,
        "Net Income": 59
    },
    "2015-09-30": {
        "Diluted EPS": 0.32,
        "Total Revenue": 376,
        "Gross Profit": 218,
        "Operating Income": 12,
        "EBIT": 42,
        "Net Income": 11
    },
    "2015-06-30": {
        "Diluted EPS": -0.12,
        "Total Revenue": 380,
        "Gross Profit": 224,
        "Operating Income": 15,
        "EBIT": 43,
        "Net Income": -4
    },
    "2015-03-31": {
        "Diluted EPS": 0.25,
        "Total Revenue": 340,
        "Gross Profit": 214,
        "Operating Income": 4,
        "EBIT": 27,
        "Net Income": 9
    },
    "2014-12-31": {
        "Diluted EPS": 1.89,
        "Total Revenue": 440,
        "Gross Profit": 283,
        "Operating Income": 60,
        "EBIT": 83,
        "Net Income": 64
    },
    "2014-09-30": {
        "Diluted EPS": 0.71,
        "Total Revenue": 334,
        "Gross Profit": 204,
        "Operating Income": 17,
        "EBIT": 41,
        "Net Income": 24
    },
    "2014-06-30": {
        "Diluted EPS": 0.05,
        "Total Revenue": 338,
        "Gross Profit": 205,
        "Operating Income": 20,
        "EBIT": 43,
        "Net Income": 1
    },
    "2014-03-31": {
        "Diluted EPS": 0.04,
        "Total Revenue": 286,
        "Gross Profit": 185,
        "Operating Income": 5,
        "EBIT": 22,
        "Net Income": 1
    },
    "2013-12-31": {
        "Diluted EPS": 1.18,
        "Total Revenue": 371,
        "Gross Profit": 250,
        "Operating Income": 53,
        "EBIT": 69,
        "Net Income": 41
    },
    "2013-09-30": {
        "Diluted EPS": 0.01,
        "Total Revenue": 275,
        "Gross Profit": 179,
        "Operating Income": 8,
        "EBIT": 24,
        "Net Income": 0
    },
    "2013-06-30": {
        "Diluted EPS": 0.07,
        "Total Revenue": 280,
        "Gross Profit": 181,
        "Operating Income": 3,
        "EBIT": 20,
        "Net Income": 2
    },
    "2013-03-31": {
        "Diluted EPS": 0.17,
        "Total Revenue": 288,
        "Gross Profit": 189,
        "Operating Income": 10,
        "EBIT": 26,
        "Net Income": 6
    },
    "2012-12-31": {
        "Diluted EPS": 0.66,
        "Total Revenue": 348,
        "Gross Profit": 234,
        "Operating Income": 33,
        "EBIT": 49,
        "Net Income": 23
    },
    "2012-09-30": {
        "Diluted EPS": -0.05,
        "Total Revenue": 251,
        "Gross Profit": 163,
        "Operating Income": 0,
        "EBIT": 15,
        "Net Income": -2
    },
    "2012-06-30": {
        "Diluted EPS": 0.11,
        "Total Revenue": 250,
        "Gross Profit": 162,
        "Operating Income": 5,
        "EBIT": 21,
        "Net Income": 4
    },
    "2012-03-31": {
        "Diluted EPS": 0.01,
        "Total Revenue": 258,
        "Gross Profit": 169,
        "Operating Income": 8,
        "EBIT": 24,
        "Net Income": 0
    },
    "2011-12-31": {
        "Diluted EPS": 0.82,
        "Total Revenue": 300,
        "Gross Profit": 200,
        "Operating Income": 33,
        "EBIT": 47,
        "Net Income": 32
    },
    "2011-09-30": {
        "Diluted EPS": 0.19,
        "Total Revenue": 212,
        "Gross Profit": 134,
        "Operating Income": 10,
        "EBIT": 23,
        "Net Income": 8
    },
    "2011-06-30": {
        "Diluted EPS": 0.33,
        "Total Revenue": 209,
        "Gross Profit": 133,
        "Operating Income": 17,
        "EBIT": 30,
        "Net Income": 14
    },
    "2011-03-31": {
        "Diluted EPS": 0.51,
        "Total Revenue": 204,
        "Gross Profit": 133,
        "Operating Income": 26,
        "EBIT": 38,
        "Net Income": 23
    },
    "2010-12-31": {
        "Diluted EPS": 0.75,
        "Total Revenue": 234,
        "Gross Profit": 155,
        "Operating Income": 38,
        "EBIT": 51,
        "Net Income": 34
    },
    "2010-09-30": {
        "Diluted EPS": 0.24,
        "Total Revenue": 170,
        "Gross Profit": 108,
        "Operating Income": 12,
        "EBIT": 25,
        "Net Income": 11
    },
    "2010-06-30": {
        "Diluted EPS": 0.26,
        "Total Revenue": 164,
        "Gross Profit": 105,
        "Operating Income": 14,
        "EBIT": 26,
        "Net Income": 12
    },
    "2010-03-31": {
        "Diluted EPS": 0.35,
        "Total Revenue": 166,
        "Gross Profit": 106,
        "Operating Income": 18,
        "EBIT": 29,
        "Net Income": 16
    },
    "2009-12-31": {
        "Diluted EPS": 0.59,
        "Total Revenue": 195,
        "Gross Profit": 127,
        "Operating Income": 31,
        "EBIT": 42,
        "Net Income": 27
    },
    "2009-09-30": {
        "Diluted EPS": 0.29,
        "Total Revenue": 145,
        "Gross Profit": 92,
        "Operating Income": 14,
        "EBIT": 25,
        "Net Income": 13
    },
    "2009-06-30": {
        "Diluted EPS": 0.32,
        "Total Revenue": 135,
        "Gross Profit": 85,
        "Operating Income": 15,
        "EBIT": 25,
        "Net Income": 15
    },
    "2009-03-31": {
        "Diluted EPS": 0.33,
        "Total Revenue": 128,
        "Gross Profit": 81,
        "Operating Income": 16,
        "EBIT": 25,
        "Net Income": 14
    },
    "2023-06-30": {
        "Tax Effect Of Unusual Items": 2359013.161954,
        "Tax Rate For Calcs": 0.296247,
        "Normalized EBITDA": 100673000.0,
        "Total Unusual Items": 7963000.0,
        "Total Unusual Items Excluding Goodwill": 7963000.0,
        "Net Income From Continuing Operation Net Minority Interest": 28789000.0,
        "Reconciled Depreciation": 40861000.0,
        "Reconciled Cost Of Revenue": 382631000.0,
        "EBITDA": 108636000.0,
        "EBIT": 67775000.0,
        "Net Interest Income": -28875000.0,
        "Interest Expense": 28875000.0,
        "Normalized Income": 23185013.161954,
        "Net Income From Continuing And Discontinued Operation": 28789000.0,
        "Total Expenses": 728727000.0,
        "Total Operating Income As Reported": 53895000.0,
        "Diluted Average Shares": NaN,
        "Basic Average Shares": NaN,
        "Diluted EPS": NaN,
        "Basic EPS": NaN,
        "Diluted NI Availto Com Stockholders": 28789000.0,
        "Net Income Common Stockholders": 28789000.0,
        "Net Income": 28789000.0,
        "Minority Interests": 1413000.0,
        "Net Income Including Noncontrolling Interests": 27376000.0,
        "Net Income Continuous Operations": 27376000.0,
        "Tax Provision": 11524000.0,
        "Pretax Income": 38900000.0,
        "Other Income Expense": 7656000.0,
        "Other Non Operating Income Expenses": -307000.0,
        "Special Income Charges": 540000.0,
        "Other Special Charges": NaN,
        "Restructuring And Mergern Acquisition": 615000.0,
        "Gain On Sale Of Security": 7423000.0,
        "Net Non Operating Interest Income Expense": -28875000.0,
        "Interest Expense Non Operating": 28875000.0,
        "Operating Income": 60119000.0,
        "Operating Expense": 316138000.0,
        "Depreciation Amortization Depletion Income Statement": 10903000.0,
        "Depreciation And Amortization In Income Statement": 10903000.0,
        "Amortization": 10903000.0,
        "Amortization Of Intangibles Income Statement": 10903000.0,
        "Research And Development": 71772000.0,
        "Selling General And Administration": 233463000.0,
        "Selling And Marketing Expense": 180658000.0,
        "General And Administrative Expense": 52805000.0,
        "Other Gand A": 52805000.0,
        "Gross Profit": 376257000.0,
        "Cost Of Revenue": 412589000.0,
        "Total Revenue": 788846000.0,
        "Operating Revenue": 788846000.0
    },
    "2023-09-30": {
        "Tax Effect Of Unusual Items": NaN,
        "Tax Rate For Calcs": NaN,
        "Normalized EBITDA": NaN,
        "Total Unusual Items": NaN,
        "Total Unusual Items Excluding Goodwill": NaN,
        "Net Income From Continuing Operation Net Minority Interest": NaN,
        "Reconciled Depreciation": NaN,
        "Reconciled Cost Of Revenue": NaN,
        "EBITDA": NaN,
        "EBIT": NaN,
        "Net Interest Income": NaN,
        "Interest Expense": NaN,
        "Normalized Income": NaN,
        "Net Income From Continuing And Discontinued Operation": NaN,
        "Total Expenses": NaN,
        "Total Operating Income As Reported": NaN,
        "Diluted Average Shares": 27079455.0,
        "Basic Average Shares": 26468769.0,
        "Diluted EPS": 0.17,
        "Basic EPS": 0.17,
        "Diluted NI Availto Com Stockholders": NaN,
        "Net Income Common Stockholders": NaN,
        "Net Income": NaN,
        "Minority Interests": NaN,
        "Net Income Including Noncontrolling Interests": NaN,
        "Net Income Continuous Operations": NaN,
        "Tax Provision": NaN,
        "Pretax Income": NaN,
        "Other Income Expense": NaN,
        "Other Non Operating Income Expenses": NaN,
        "Special Income Charges": NaN,
        "Other Special Charges": NaN,
        "Restructuring And Mergern Acquisition": NaN,
        "Gain On Sale Of Security": NaN,
        "Net Non Operating Interest Income Expense": NaN,
        "Interest Expense Non Operating": NaN,
        "Operating Income": NaN,
        "Operating Expense": NaN,
        "Depreciation Amortization Depletion Income Statement": NaN,
        "Depreciation And Amortization In Income Statement": NaN,
        "Amortization": NaN,
        "Amortization Of Intangibles Income Statement": NaN,
        "Research And Development": NaN,
        "Selling General And Administration": NaN,
        "Selling And Marketing Expense": NaN,
        "General And Administrative Expense": NaN,
        "Other Gand A": NaN,
        "Gross Profit": NaN,
        "Cost Of Revenue": NaN,
        "Total Revenue": NaN,
        "Operating Revenue": NaN
    },
    "2023-12-31": {
        "Tax Effect Of Unusual Items": NaN,
        "Tax Rate For Calcs": NaN,
        "Normalized EBITDA": NaN,
        "Total Unusual Items": NaN,
        "Total Unusual Items Excluding Goodwill": NaN,
        "Net Income From Continuing Operation Net Minority Interest": NaN,
        "Reconciled Depreciation": NaN,
        "Reconciled Cost Of Revenue": NaN,
        "EBITDA": NaN,
        "EBIT": NaN,
        "Net Interest Income": NaN,
        "Interest Expense": NaN,
        "Normalized Income": NaN,
        "Net Income From Continuing And Discontinued Operation": NaN,
        "Total Expenses": NaN,
        "Total Operating Income As Reported": NaN,
        "Diluted Average Shares": 27179073.0,
        "Basic Average Shares": 26609929.0,
        "Diluted EPS": 2.14,
        "Basic EPS": 2.18,
        "Diluted NI Availto Com Stockholders": NaN,
        "Net Income Common Stockholders": NaN,
        "Net Income": NaN,
        "Minority Interests": NaN,
        "Net Income Including Noncontrolling Interests": NaN,
        "Net Income Continuous Operations": NaN,
        "Tax Provision": NaN,
        "Pretax Income": NaN,
        "Other Income Expense": NaN,
        "Other Non Operating Income Expenses": NaN,
        "Special Income Charges": NaN,
        "Other Special Charges": NaN,
        "Restructuring And Mergern Acquisition": NaN,
        "Gain On Sale Of Security": NaN,
        "Net Non Operating Interest Income Expense": NaN,
        "Interest Expense Non Operating": NaN,
        "Operating Income": NaN,
        "Operating Expense": NaN,
        "Depreciation Amortization Depletion Income Statement": NaN,
        "Depreciation And Amortization In Income Statement": NaN,
        "Amortization": NaN,
        "Amortization Of Intangibles Income Statement": NaN,
        "Research And Development": NaN,
        "Selling General And Administration": NaN,
        "Selling And Marketing Expense": NaN,
        "General And Administrative Expense": NaN,
        "Other Gand A": NaN,
        "Gross Profit": NaN,
        "Cost Of Revenue": NaN,
        "Total Revenue": NaN,
        "Operating Revenue": NaN
    },
    "2024-03-31": {
        "Tax Effect Of Unusual Items": NaN,
        "Tax Rate For Calcs": NaN,
        "Normalized EBITDA": NaN,
        "Total Unusual Items": NaN,
        "Total Unusual Items Excluding Goodwill": NaN,
        "Net Income From Continuing Operation Net Minority Interest": NaN,
        "Reconciled Depreciation": NaN,
        "Reconciled Cost Of Revenue": NaN,
        "EBITDA": NaN,
        "EBIT": NaN,
        "Net Interest Income": NaN,
        "Interest Expense": NaN,
        "Normalized Income": NaN,
        "Net Income From Continuing And Discontinued Operation": NaN,
        "Total Expenses": NaN,
        "Total Operating Income As Reported": NaN,
        "Diluted Average Shares": 26216216.0,
        "Basic Average Shares": 26216216.0,
        "Diluted EPS": -0.15,
        "Basic EPS": -0.15,
        "Diluted NI Availto Com Stockholders": NaN,
        "Net Income Common Stockholders": NaN,
        "Net Income": NaN,
        "Minority Interests": NaN,
        "Net Income Including Noncontrolling Interests": NaN,
        "Net Income Continuous Operations": NaN,
        "Tax Provision": NaN,
        "Pretax Income": NaN,
        "Other Income Expense": NaN,
        "Other Non Operating Income Expenses": NaN,
        "Special Income Charges": NaN,
        "Other Special Charges": NaN,
        "Restructuring And Mergern Acquisition": NaN,
        "Gain On Sale Of Security": NaN,
        "Net Non Operating Interest Income Expense": NaN,
        "Interest Expense Non Operating": NaN,
        "Operating Income": NaN,
        "Operating Expense": NaN,
        "Depreciation Amortization Depletion Income Statement": NaN,
        "Depreciation And Amortization In Income Statement": NaN,
        "Amortization": NaN,
        "Amortization Of Intangibles Income Statement": NaN,
        "Research And Development": NaN,
        "Selling General And Administration": NaN,
        "Selling And Marketing Expense": NaN,
        "General And Administrative Expense": NaN,
        "Other Gand A": NaN,
        "Gross Profit": NaN,
        "Cost Of Revenue": NaN,
        "Total Revenue": NaN,
        "Operating Revenue": NaN
    },
    "2024-06-30": {
        "Tax Effect Of Unusual Items": NaN,
        "Tax Rate For Calcs": NaN,
        "Normalized EBITDA": NaN,
        "Total Unusual Items": NaN,
        "Total Unusual Items Excluding Goodwill": NaN,
        "Net Income From Continuing Operation Net Minority Interest": NaN,
        "Reconciled Depreciation": NaN,
        "Reconciled Cost Of Revenue": NaN,
        "EBITDA": NaN,
        "EBIT": NaN,
        "Net Interest Income": NaN,
        "Interest Expense": NaN,
        "Normalized Income": NaN,
        "Net Income From Continuing And Discontinued Operation": NaN,
        "Total Expenses": NaN,
        "Total Operating Income As Reported": NaN,
        "Diluted Average Shares": NaN,
        "Basic Average Shares": NaN,
        "Diluted EPS": NaN,
        "Basic EPS": NaN,
        "Diluted NI Availto Com Stockholders": NaN,
        "Net Income Common Stockholders": NaN,
        "Net Income": NaN,
        "Minority Interests": NaN,
        "Net Income Including Noncontrolling Interests": NaN,
        "Net Income Continuous Operations": NaN,
        "Tax Provision": NaN,
        "Pretax Income": NaN,
        "Other Income Expense": NaN,
        "Other Non Operating Income Expenses": NaN,
        "Special Income Charges": NaN,
        "Other Special Charges": 2387000.0,
        "Restructuring And Mergern Acquisition": NaN,
        "Gain On Sale Of Security": NaN,
        "Net Non Operating Interest Income Expense": NaN,
        "Interest Expense Non Operating": NaN,
        "Operating Income": NaN,
        "Operating Expense": NaN,
        "Depreciation Amortization Depletion Income Statement": NaN,
        "Depreciation And Amortization In Income Statement": NaN,
        "Amortization": NaN,
        "Amortization Of Intangibles Income Statement": NaN,
        "Research And Development": NaN,
        "Selling General And Administration": NaN,
        "Selling And Marketing Expense": NaN,
        "General And Administrative Expense": NaN,
        "Other Gand A": NaN,
        "Gross Profit": NaN,
        "Cost Of Revenue": NaN,
        "Total Revenue": NaN,
        "Operating Revenue": NaN
    },
    "2024-09-30": {
        "Tax Effect Of Unusual Items": NaN,
        "Tax Rate For Calcs": NaN,
        "Normalized EBITDA": NaN,
        "Total Unusual Items": NaN,
        "Total Unusual Items Excluding Goodwill": NaN,
        "Net Income From Continuing Operation Net Minority Interest": NaN,
        "Reconciled Depreciation": NaN,
        "Reconciled Cost Of Revenue": NaN,
        "EBITDA": NaN,
        "EBIT": NaN,
        "Net Interest Income": NaN,
        "Interest Expense": NaN,
        "Normalized Income": NaN,
        "Net Income From Continuing And Discontinued Operation": NaN,
        "Total Expenses": NaN,
        "Total Operating Income As Reported": NaN,
        "Diluted Average Shares": 25167845.0,
        "Basic Average Shares": 25167845.0,
        "Diluted EPS": -0.5,
        "Basic EPS": -0.5,
        "Diluted NI Availto Com Stockholders": NaN,
        "Net Income Common Stockholders": NaN,
        "Net Income": NaN,
        "Minority Interests": NaN,
        "Net Income Including Noncontrolling Interests": NaN,
        "Net Income Continuous Operations": NaN,
        "Tax Provision": NaN,
        "Pretax Income": NaN,
        "Other Income Expense": NaN,
        "Other Non Operating Income Expenses": NaN,
        "Special Income Charges": NaN,
        "Other Special Charges": -179000.0,
        "Restructuring And Mergern Acquisition": NaN,
        "Gain On Sale Of Security": NaN,
        "Net Non Operating Interest Income Expense": NaN,
        "Interest Expense Non Operating": NaN,
        "Operating Income": NaN,
        "Operating Expense": NaN,
        "Depreciation Amortization Depletion Income Statement": NaN,
        "Depreciation And Amortization In Income Statement": NaN,
        "Amortization": NaN,
        "Amortization Of Intangibles Income Statement": NaN,
        "Research And Development": NaN,
        "Selling General And Administration": NaN,
        "Selling And Marketing Expense": NaN,
        "General And Administrative Expense": NaN,
        "Other Gand A": NaN,
        "Gross Profit": NaN,
        "Cost Of Revenue": NaN,
        "Total Revenue": NaN,
        "Operating Revenue": NaN
    },
    "2024-12-31": {
        "Tax Effect Of Unusual Items": 7836751.395501,
        "Tax Rate For Calcs": 0.255552,
        "Normalized EBITDA": 116476000.0,
        "Total Unusual Items": 30666000.0,
        "Total Unusual Items Excluding Goodwill": 30666000.0,
        "Net Income From Continuing Operation Net Minority Interest": 61057000.0,
        "Reconciled Depreciation": 35211000.0,
        "Reconciled Cost Of Revenue": 459161000.0,
        "EBITDA": 147142000.0,
        "EBIT": 111931000.0,
        "Net Interest Income": -29165000.0,
        "Interest Expense": 29165000.0,
        "Normalized Income": 38227751.395501,
        "Net Income From Continuing And Discontinued Operation": 61057000.0,
        "Total Expenses": 858047000.0,
        "Total Operating Income As Reported": 80949000.0,
        "Diluted Average Shares": 25906151.0,
        "Basic Average Shares": 24965612.0,
        "Diluted EPS": 2.36,
        "Basic EPS": 2.45,
        "Diluted NI Availto Com Stockholders": 61057000.0,
        "Net Income Common Stockholders": 61057000.0,
        "Net Income": 61057000.0,
        "Minority Interests": -558000.0,
        "Net Income Including Noncontrolling Interests": 61615000.0,
        "Net Income Continuous Operations": 61615000.0,
        "Tax Provision": 21151000.0,
        "Pretax Income": 82766000.0,
        "Other Income Expense": 30819000.0,
        "Other Non Operating Income Expenses": 153000.0,
        "Special Income Charges": -859000.0,
        "Other Special Charges": 696000.0,
        "Restructuring And Mergern Acquisition": 163000.0,
        "Gain On Sale Of Security": 31525000.0,
        "Net Non Operating Interest Income Expense": -29165000.0,
        "Interest Expense Non Operating": 29165000.0,
        "Operating Income": 81112000.0,
        "Operating Expense": 368791000.0,
        "Depreciation Amortization Depletion Income Statement": 5116000.0,
        "Depreciation And Amortization In Income Statement": 5116000.0,
        "Amortization": 5116000.0,
        "Amortization Of Intangibles Income Statement": 5116000.0,
        "Research And Development": 82878000.0,
        "Selling General And Administration": 280797000.0,
        "Selling And Marketing Expense": 223861000.0,
        "General And Administrative Expense": 56936000.0,
        "Other Gand A": 56936000.0,
        "Gross Profit": 449903000.0,
        "Cost Of Revenue": 489256000.0,
        "Total Revenue": 939159000.0,
        "Operating Revenue": 939159000.0
    },
    "2025-03-31": {
        "Tax Effect Of Unusual Items": -2090760.0,
        "Tax Rate For Calcs": 0.21,
        "Normalized EBITDA": 75375000.0,
        "Total Unusual Items": -9956000.0,
        "Total Unusual Items Excluding Goodwill": -9956000.0,
        "Net Income From Continuing Operation Net Minority Interest": -8238000.0,
        "Reconciled Depreciation": 34300000.0,
        "Reconciled Cost Of Revenue": 387184000.0,
        "EBITDA": 65419000.0,
        "EBIT": 31119000.0,
        "Net Interest Income": -26995000.0,
        "Interest Expense": 26995000.0,
        "Normalized Income": -372760.0,
        "Net Income From Continuing And Discontinued Operation": -8238000.0,
        "Total Expenses": 748461000.0,
        "Total Operating Income As Reported": 40541000.0,
        "Diluted Average Shares": 24834409.0,
        "Basic Average Shares": 24834409.0,
        "Diluted EPS": -0.33,
        "Basic EPS": -0.33,
        "Diluted NI Availto Com Stockholders": -8238000.0,
        "Net Income Common Stockholders": -8238000.0,
        "Net Income": -8238000.0,
        "Minority Interests": -218000.0,
        "Net Income Including Noncontrolling Interests": -8020000.0,
        "Net Income Continuous Operations": -8020000.0,
        "Tax Provision": 12144000.0,
        "Pretax Income": 4124000.0,
        "Other Income Expense": -9888000.0,
        "Other Non Operating Income Expenses": 68000.0,
        "Special Income Charges": -447000.0,
        "Other Special Charges": -19000.0,
        "Restructuring And Mergern Acquisition": 466000.0,
        "Gain On Sale Of Security": -9509000.0,
        "Net Non Operating Interest Income Expense": -26995000.0,
        "Interest Expense Non Operating": 26995000.0,
        "Operating Income": 41007000.0,
        "Operating Expense": 331501000.0,
        "Depreciation Amortization Depletion Income Statement": 4524000.0,
        "Depreciation And Amortization In Income Statement": 4524000.0,
        "Amortization": 4524000.0,
        "Amortization Of Intangibles Income Statement": 4524000.0,
        "Research And Development": 83112000.0,
        "Selling General And Administration": 243865000.0,
        "Selling And Marketing Expense": 193316000.0,
        "General And Administrative Expense": 50549000.0,
        "Other Gand A": 50549000.0,
        "Gross Profit": 372508000.0,
        "Cost Of Revenue": 416960000.0,
        "Total Revenue": 789468000.0,
        "Operating Revenue": 789468000.0
    },
    "2025-06-30": {
        "Tax Effect Of Unusual Items": -6058710.0,
        "Tax Rate For Calcs": 0.21,
        "Normalized EBITDA": 106039000.0,
        "Total Unusual Items": -28851000.0,
        "Total Unusual Items Excluding Goodwill": -28851000.0,
        "Net Income From Continuing Operation Net Minority Interest": -25318000.0,
        "Reconciled Depreciation": 36074000.0,
        "Reconciled Cost Of Revenue": 424876000.0,
        "EBITDA": 77188000.0,
        "EBIT": 41114000.0,
        "Net Interest Income": -27656000.0,
        "Interest Expense": 27656000.0,
        "Normalized Income": -2525710.0,
        "Net Income From Continuing And Discontinued Operation": -25318000.0,
        "Total Expenses": 799242000.0,
        "Total Operating Income As Reported": 65441000.0,
        "Diluted Average Shares": NaN,
        "Basic Average Shares": NaN,
        "Diluted EPS": NaN,
        "Basic EPS": NaN,
        "Diluted NI Availto Com Stockholders": -25318000.0,
        "Net Income Common Stockholders": -25318000.0,
        "Net Income": -25318000.0,
        "Minority Interests": 3041000.0,
        "Net Income Including Noncontrolling Interests": -28359000.0,
        "Net Income Continuous Operations": -28359000.0,
        "Tax Provision": 41817000.0,
        "Pretax Income": 13458000.0,
        "Other Income Expense": -29127000.0,
        "Other Non Operating Income Expenses": -276000.0,
        "Special Income Charges": -4800000.0,
        "Other Special Charges": 0.0,
        "Restructuring And Mergern Acquisition": 4800000.0,
        "Gain On Sale Of Security": -24051000.0,
        "Net Non Operating Interest Income Expense": -27656000.0,
        "Interest Expense Non Operating": 27656000.0,
        "Operating Income": 70241000.0,
        "Operating Expense": 342559000.0,
        "Depreciation Amortization Depletion Income Statement": 4267000.0,
        "Depreciation And Amortization In Income Statement": 4267000.0,
        "Amortization": 4267000.0,
        "Amortization Of Intangibles Income Statement": 4267000.0,
        "Research And Development": 86184000.0,
        "Selling General And Administration": 252108000.0,
        "Selling And Marketing Expense": 192994000.0,
        "General And Administrative Expense": 59114000.0,
        "Other Gand A": 59114000.0,
        "Gross Profit": 412800000.0,
        "Cost Of Revenue": 456683000.0,
        "Total Revenue": 869483000.0,
        "Operating Revenue": 869483000.0
    },
    "2025-09-30": {
        "Tax Effect Of Unusual Items": 624120.0,
        "Tax Rate For Calcs": 0.21,
        "Normalized EBITDA": 86070000.0,
        "Total Unusual Items": 2972000.0,
        "Total Unusual Items Excluding Goodwill": 2972000.0,
        "Net Income From Continuing Operation Net Minority Interest": 7637000.0,
        "Reconciled Depreciation": 36618000.0,
        "Reconciled Cost Of Revenue": 428110000.0,
        "EBITDA": 89042000.0,
        "EBIT": 52424000.0,
        "Net Interest Income": -28066000.0,
        "Interest Expense": 28066000.0,
        "Normalized Income": 5289120.0,
        "Net Income From Continuing And Discontinued Operation": 7637000.0,
        "Total Expenses": 814008000.0,
        "Total Operating Income As Reported": 48971000.0,
        "Diluted Average Shares": 25051742.0,
        "Basic Average Shares": 24574455.0,
        "Diluted EPS": 0.3,
        "Basic EPS": 0.31,
        "Diluted NI Availto Com Stockholders": 7637000.0,
        "Net Income Common Stockholders": 7637000.0,
        "Net Income": 7637000.0,
        "Minority Interests": 1117000.0,
        "Net Income Including Noncontrolling Interests": 6520000.0,
        "Net Income Continuous Operations": 6520000.0,
        "Tax Provision": 17838000.0,
        "Pretax Income": 24358000.0,
        "Other Income Expense": 3155000.0,
        "Other Non Operating Income Expenses": 183000.0,
        "Special Income Charges": -298000.0,
        "Other Special Charges": NaN,
        "Restructuring And Mergern Acquisition": 298000.0,
        "Gain On Sale Of Security": 3270000.0,
        "Net Non Operating Interest Income Expense": -28066000.0,
        "Interest Expense Non Operating": 28066000.0,
        "Operating Income": 49269000.0,
        "Operating Expense": 353532000.0,
        "Depreciation Amortization Depletion Income Statement": 4252000.0,
        "Depreciation And Amortization In Income Statement": 4252000.0,
        "Amortization": 4252000.0,
        "Amortization Of Intangibles Income Statement": 4252000.0,
        "Research And Development": 84886000.0,
        "Selling General And Administration": 264394000.0,
        "Selling And Marketing Expense": 210398000.0,
        "General And Administrative Expense": 53996000.0,
        "Other Gand A": 53996000.0,
        "Gross Profit": 402801000.0,
        "Cost Of Revenue": 460476000.0,
        "Total Revenue": 863277000.0,
        "Operating Revenue": 863277000.0
    },
    "2025-12-31": {
        "Tax Effect Of Unusual Items": -50098.397186,
        "Tax Rate For Calcs": 0.212281,
        "Normalized EBITDA": 126678000.0,
        "Total Unusual Items": -236000.0,
        "Total Unusual Items Excluding Goodwill": -236000.0,
        "Net Income From Continuing Operation Net Minority Interest": 49344000.0,
        "Reconciled Depreciation": 36618000.0,
        "Reconciled Cost Of Revenue": 520749000.0,
        "EBITDA": 126442000.0,
        "EBIT": 89824000.0,
        "Net Interest Income": -26997000.0,
        "Interest Expense": 26997000.0,
        "Normalized Income": 49529901.602814,
        "Net Income From Continuing And Discontinued Operation": 49344000.0,
        "Total Expenses": 952801000.0,
        "Total Operating Income As Reported": 88096000.0,
        "Diluted Average Shares": 25299521.0,
        "Basic Average Shares": 24570134.0,
        "Diluted EPS": 1.95,
        "Basic EPS": 2.01,
        "Diluted NI Availto Com Stockholders": 49344000.0,
        "Net Income Common Stockholders": 49344000.0,
        "Net Income": 49344000.0,
        "Minority Interests": -146000.0,
        "Net Income Including Noncontrolling Interests": 49490000.0,
        "Net Income Continuous Operations": 49490000.0,
        "Tax Provision": 13337000.0,
        "Pretax Income": 62827000.0,
        "Other Income Expense": 423000.0,
        "Other Non Operating Income Expenses": 659000.0,
        "Special Income Charges": -1305000.0,
        "Other Special Charges": NaN,
        "Restructuring And Mergern Acquisition": 1305000.0,
        "Gain On Sale Of Security": 1069000.0,
        "Net Non Operating Interest Income Expense": -26997000.0,
        "Interest Expense Non Operating": 26997000.0,
        "Operating Income": 89401000.0,
        "Operating Expense": 398317000.0,
        "Depreciation Amortization Depletion Income Statement": 2883000.0,
        "Depreciation And Amortization In Income Statement": 2883000.0,
        "Amortization": 2883000.0,
        "Amortization Of Intangibles Income Statement": 2883000.0,
        "Research And Development": 89077000.0,
        "Selling General And Administration": 306357000.0,
        "Selling And Marketing Expense": 246161000.0,
        "General And Administrative Expense": 60196000.0,
        "Other Gand A": 60196000.0,
        "Gross Profit": 487718000.0,
        "Cost Of Revenue": 554484000.0,
        "Total Revenue": 1042202000.0,
        "Operating Revenue": 1042202000.0
    }
}