{
    "2023-06-30": {
        "Tax Effect Of Unusual Items": NaN,
        "Tax Rate For Calcs": NaN,
        "Normalized EBITDA": NaN,
        "Total Unusual Items": NaN,
        "Total Unusual Items Excluding Goodwill": NaN,
        "Net Income From Continuing Operation Net Minority Interest": NaN,
        "Reconciled Depreciation": NaN,
        "Reconciled Cost Of Revenue": NaN,
        "EBITDA": NaN,
        "EBIT": NaN,
        "Net Interest Income": NaN,
        "Interest Expense": NaN,
        "Interest Income": NaN,
        "Normalized Income": NaN,
        "Net Income From Continuing And Discontinued Operation": NaN,
        "Total Expenses": NaN,
        "Rent Expense Supplemental": NaN,
        "Total Operating Income As Reported": NaN,
        "Diluted Average Shares": 122588759.0,
        "Basic Average Shares": 122588759.0,
        "Diluted EPS": 0.52,
        "Basic EPS": 0.52,
        "Diluted NI Availto Com Stockholders": NaN,
        "Net Income Common Stockholders": NaN,
        "Preferred Stock Dividends": NaN,
        "Net Income": NaN,
        "Minority Interests": NaN,
        "Net Income Including Noncontrolling Interests": NaN,
        "Net Income Continuous Operations": NaN,
        "Pretax Income": NaN,
        "Other Income Expense": NaN,
        "Other Non Operating Income Expenses": NaN,
        "Special Income Charges": NaN,
        "Gain On Sale Of Ppe": NaN,
        "Write Off": 2090000.0,
        "Impairment Of Capital Assets": NaN,
        "Earnings From Equity Interest": NaN,
        "Gain On Sale Of Security": NaN,
        "Net Non Operating Interest Income Expense": NaN,
        "Total Other Finance Cost": 3613000.0,
        "Interest Expense Non Operating": NaN,
        "Interest Income Non Operating": NaN,
        "Operating Income": NaN,
        "Operating Expense": NaN,
        "Other Operating Expenses": NaN,
        "Selling General And Administration": NaN,
        "General And Administrative Expense": NaN,
        "Other Gand A": NaN,
        "Gross Profit": NaN,
        "Cost Of Revenue": NaN,
        "Total Revenue": NaN,
        "Operating Revenue": NaN
    },
    "2023-03-31": {
        "Tax Effect Of Unusual Items": NaN,
        "Tax Rate For Calcs": NaN,
        "Normalized EBITDA": NaN,
        "Total Unusual Items": NaN,
        "Total Unusual Items Excluding Goodwill": NaN,
        "Net Income From Continuing Operation Net Minority Interest": NaN,
        "Reconciled Depreciation": NaN,
        "Reconciled Cost Of Revenue": NaN,
        "EBITDA": NaN,
        "EBIT": NaN,
        "Net Interest Income": NaN,
        "Interest Expense": NaN,
        "Interest Income": NaN,
        "Normalized Income": NaN,
        "Net Income From Continuing And Discontinued Operation": NaN,
        "Total Expenses": NaN,
        "Rent Expense Supplemental": NaN,
        "Total Operating Income As Reported": NaN,
        "Diluted Average Shares": 122531723.0,
        "Basic Average Shares": 122531723.0,
        "Diluted EPS": 1.16,
        "Basic EPS": 1.16,
        "Diluted NI Availto Com Stockholders": NaN,
        "Net Income Common Stockholders": NaN,
        "Preferred Stock Dividends": NaN,
        "Net Income": NaN,
        "Minority Interests": NaN,
        "Net Income Including Noncontrolling Interests": NaN,
        "Net Income Continuous Operations": NaN,
        "Pretax Income": NaN,
        "Other Income Expense": NaN,
        "Other Non Operating Income Expenses": NaN,
        "Special Income Charges": NaN,
        "Gain On Sale Of Ppe": NaN,
        "Write Off": 2612000.0,
        "Impairment Of Capital Assets": NaN,
        "Earnings From Equity Interest": NaN,
        "Gain On Sale Of Security": NaN,
        "Net Non Operating Interest Income Expense": NaN,
        "Total Other Finance Cost": 1313000.0,
        "Interest Expense Non Operating": NaN,
        "Interest Income Non Operating": NaN,
        "Operating Income": NaN,
        "Operating Expense": NaN,
        "Other Operating Expenses": NaN,
        "Selling General And Administration": NaN,
        "General And Administrative Expense": NaN,
        "Other Gand A": NaN,
        "Gross Profit": NaN,
        "Cost Of Revenue": NaN,
        "Total Revenue": NaN,
        "Operating Revenue": NaN
    },
    "2022-12-31": {
        "Tax Effect Of Unusual Items": NaN,
        "Tax Rate For Calcs": NaN,
        "Normalized EBITDA": NaN,
        "Total Unusual Items": NaN,
        "Total Unusual Items Excluding Goodwill": NaN,
        "Net Income From Continuing Operation Net Minority Interest": NaN,
        "Reconciled Depreciation": NaN,
        "Reconciled Cost Of Revenue": NaN,
        "EBITDA": NaN,
        "EBIT": NaN,
        "Net Interest Income": NaN,
        "Interest Expense": NaN,
        "Interest Income": NaN,
        "Normalized Income": NaN,
        "Net Income From Continuing And Discontinued Operation": NaN,
        "Total Expenses": NaN,
        "Rent Expense Supplemental": NaN,
        "Total Operating Income As Reported": NaN,
        "Diluted Average Shares": NaN,
        "Basic Average Shares": NaN,
        "Diluted EPS": NaN,
        "Basic EPS": NaN,
        "Diluted NI Availto Com Stockholders": NaN,
        "Net Income Common Stockholders": NaN,
        "Preferred Stock Dividends": NaN,
        "Net Income": NaN,
        "Minority Interests": NaN,
        "Net Income Including Noncontrolling Interests": NaN,
        "Net Income Continuous Operations": NaN,
        "Pretax Income": NaN,
        "Other Income Expense": NaN,
        "Other Non Operating Income Expenses": NaN,
        "Special Income Charges": NaN,
        "Gain On Sale Of Ppe": NaN,
        "Write Off": 2745000.0,
        "Impairment Of Capital Assets": NaN,
        "Earnings From Equity Interest": NaN,
        "Gain On Sale Of Security": NaN,
        "Net Non Operating Interest Income Expense": NaN,
        "Total Other Finance Cost": 1219000.0,
        "Interest Expense Non Operating": NaN,
        "Interest Income Non Operating": NaN,
        "Operating Income": NaN,
        "Operating Expense": NaN,
        "Other Operating Expenses": NaN,
        "Selling General And Administration": NaN,
        "General And Administrative Expense": NaN,
        "Other Gand A": NaN,
        "Gross Profit": NaN,
        "Cost Of Revenue": NaN,
        "Total Revenue": NaN,
        "Operating Revenue": NaN
    },
    "2022-09-30": {
        "Tax Effect Of Unusual Items": NaN,
        "Tax Rate For Calcs": NaN,
        "Normalized EBITDA": NaN,
        "Total Unusual Items": NaN,
        "Total Unusual Items Excluding Goodwill": NaN,
        "Net Income From Continuing Operation Net Minority Interest": NaN,
        "Reconciled Depreciation": NaN,
        "Reconciled Cost Of Revenue": NaN,
        "EBITDA": NaN,
        "EBIT": NaN,
        "Net Interest Income": NaN,
        "Interest Expense": NaN,
        "Interest Income": NaN,
        "Normalized Income": NaN,
        "Net Income From Continuing And Discontinued Operation": NaN,
        "Total Expenses": NaN,
        "Rent Expense Supplemental": NaN,
        "Total Operating Income As Reported": NaN,
        "Diluted Average Shares": 121458291.0,
        "Basic Average Shares": 121458291.0,
        "Diluted EPS": 0.89,
        "Basic EPS": 0.89,
        "Diluted NI Availto Com Stockholders": NaN,
        "Net Income Common Stockholders": NaN,
        "Preferred Stock Dividends": NaN,
        "Net Income": NaN,
        "Minority Interests": NaN,
        "Net Income Including Noncontrolling Interests": NaN,
        "Net Income Continuous Operations": NaN,
        "Pretax Income": NaN,
        "Other Income Expense": NaN,
        "Other Non Operating Income Expenses": NaN,
        "Special Income Charges": NaN,
        "Gain On Sale Of Ppe": NaN,
        "Impairment Of Capital Assets": 0.0,
        "Earnings From Equity Interest": NaN,
        "Gain On Sale Of Security": NaN,
        "Net Non Operating Interest Income Expense": NaN,
        "Total Other Finance Cost": 3044000.0,
        "Interest Expense Non Operating": NaN,
        "Interest Income Non Operating": NaN,
        "Operating Income": NaN,
        "Operating Expense": NaN,
        "Other Operating Expenses": NaN,
        "Selling General And Administration": NaN,
        "General And Administrative Expense": NaN,
        "Other Gand A": NaN,
        "Gross Profit": NaN,
        "Cost Of Revenue": NaN,
        "Total Revenue": NaN,
        "Operating Revenue": NaN
    },
    "2022-06-30": {
        "Tax Effect Of Unusual Items": 699200.0,
        "Tax Rate For Calcs": 0.4,
        "Normalized EBITDA": 184918000.0,
        "Total Unusual Items": 1748000.0,
        "Total Unusual Items Excluding Goodwill": 1748000.0,
        "Net Income From Continuing Operation Net Minority Interest": 121987000.0,
        "Reconciled Depreciation": 41375000.0,
        "Reconciled Cost Of Revenue": 127126000.0,
        "EBITDA": 186666000.0,
        "EBIT": 145291000.0,
        "Net Interest Income": -28959000.0,
        "Interest Expense": 23304000.0,
        "Interest Income": 124000.0,
        "Normalized Income": 120938200.0,
        "Net Income From Continuing And Discontinued Operation": 121987000.0,
        "Total Expenses": 143422000.0,
        "Rent Expense Supplemental": NaN,
        "Total Operating Income As Reported": 151234000.0,
        "Diluted Average Shares": 124306059.0,
        "Basic Average Shares": 124306059.0,
        "Diluted EPS": 0.92,
        "Basic EPS": 0.92,
        "Diluted NI Availto Com Stockholders": 114134000.0,
        "Net Income Common Stockholders": 114134000.0,
        "Preferred Stock Dividends": 7853000.0,
        "Net Income": 121987000.0,
        "Minority Interests": NaN,
        "Net Income Including Noncontrolling Interests": 121987000.0,
        "Net Income Continuous Operations": 121987000.0,
        "Pretax Income": 121987000.0,
        "Other Income Expense": 3441000.0,
        "Other Non Operating Income Expenses": 1205000.0,
        "Special Income Charges": 3452000.0,
        "Gain On Sale Of Ppe": 3452000.0,
        "Impairment Of Capital Assets": NaN,
        "Earnings From Equity Interest": 488000.0,
        "Gain On Sale Of Security": -1704000.0,
        "Net Non Operating Interest Income Expense": -28959000.0,
        "Total Other Finance Cost": 5779000.0,
        "Interest Expense Non Operating": 23304000.0,
        "Interest Income Non Operating": 124000.0,
        "Operating Income": 147505000.0,
        "Operating Expense": 16296000.0,
        "Other Operating Expenses": 11025000.0,
        "Selling General And Administration": 5271000.0,
        "General And Administrative Expense": 5271000.0,
        "Other Gand A": 5271000.0,
        "Gross Profit": 163801000.0,
        "Cost Of Revenue": 127126000.0,
        "Total Revenue": 290927000.0,
        "Operating Revenue": 290927000.0
    },
    "2022-03-31": {
        "Diluted EPS": 0.93,
        "Total Revenue": 268,
        "Gross Profit": 190,
        "Operating Income": 147,
        "EBIT": 193,
        "Net Income": 115
    },
    "2021-12-31": {
        "Diluted EPS": 1.25,
        "Total Revenue": 284,
        "Gross Profit": 214,
        "Operating Income": 183,
        "EBIT": 229,
        "Net Income": 153
    },
    "2021-09-30": {
        "Diluted EPS": 0.87,
        "Total Revenue": 216,
        "Gross Profit": 159,
        "Operating Income": 123,
        "EBIT": 165,
        "Net Income": 107
    },
    "2021-06-30": {
        "Diluted EPS": 0.67,
        "Total Revenue": 167,
        "Gross Profit": 125,
        "Operating Income": 82,
        "EBIT": 116,
        "Net Income": 83
    },
    "2021-03-31": {
        "Diluted EPS": 0.49,
        "Total Revenue": 127,
        "Gross Profit": 92,
        "Operating Income": 54,
        "EBIT": 84,
        "Net Income": 61
    },
    "2020-12-31": {
        "Diluted EPS": 0.17,
        "Total Revenue": 119,
        "Gross Profit": 84,
        "Operating Income": 39,
        "EBIT": 69,
        "Net Income": 19
    },
    "2020-09-30": {
        "Diluted EPS": 0.14,
        "Total Revenue": 108,
        "Gross Profit": 74,
        "Operating Income": 37,
        "EBIT": 66,
        "Net Income": 17
    },
    "2020-06-30": {
        "Diluted EPS": -0.7,
        "Total Revenue": 112,
        "Gross Profit": 82,
        "Operating Income": -64,
        "EBIT": -33,
        "Net Income": -84
    },
    "2020-03-31": {
        "Diluted EPS": 0.21,
        "Total Revenue": 121,
        "Gross Profit": 89,
        "Operating Income": 48,
        "EBIT": 79,
        "Net Income": 26
    },
    "2019-12-31": {
        "Diluted EPS": 0.25,
        "Total Revenue": 124,
        "Gross Profit": 92,
        "Operating Income": 50,
        "EBIT": 81,
        "Net Income": 28
    },
    "2019-09-30": {
        "Diluted EPS": 0.24,
        "Total Revenue": 124,
        "Gross Profit": 92,
        "Operating Income": 56,
        "EBIT": 86,
        "Net Income": 28
    },
    "2019-06-30": {
        "Diluted EPS": 0.18,
        "Total Revenue": 117,
        "Gross Profit": 87,
        "Operating Income": 48,
        "EBIT": 80,
        "Net Income": 21
    },
    "2019-03-31": {
        "Diluted EPS": -0.08,
        "Total Revenue": 113,
        "Gross Profit": 80,
        "Operating Income": 19,
        "EBIT": 52,
        "Net Income": -9
    },
    "2018-12-31": {
        "Diluted EPS": 0.1,
        "Total Revenue": 106,
        "Gross Profit": 74,
        "Operating Income": 36,
        "EBIT": 65,
        "Net Income": 12
    },
    "2018-09-30": {
        "Diluted EPS": 0.06,
        "Total Revenue": 91,
        "Gross Profit": 61,
        "Operating Income": 24,
        "EBIT": 50,
        "Net Income": 6
    },
    "2018-06-30": {
        "Diluted EPS": 0.06,
        "Total Revenue": 91,
        "Gross Profit": 61,
        "Operating Income": 26,
        "EBIT": 51,
        "Net Income": 6
    },
    "2018-03-31": {
        "Diluted EPS": 0.11,
        "Total Revenue": 93,
        "Gross Profit": 65,
        "Operating Income": 31,
        "EBIT": 56,
        "Net Income": 12
    },
    "2017-12-31": {
        "Diluted EPS": -0.04,
        "Total Revenue": 101,
        "Gross Profit": 72,
        "Operating Income": 18,
        "EBIT": 44,
        "Net Income": -3
    },
    "2017-09-30": {
        "Diluted EPS": 0.18,
        "Total Revenue": 101,
        "Gross Profit": 74,
        "Operating Income": 40,
        "EBIT": 66,
        "Net Income": 19
    },
    "2017-06-30": {
        "Diluted EPS": 0.18,
        "Total Revenue": 105,
        "Gross Profit": 78,
        "Operating Income": 39,
        "EBIT": 66,
        "Net Income": 18
    },
    "2017-03-31": {
        "Diluted EPS": 0.2,
        "Total Revenue": 106,
        "Gross Profit": 79,
        "Operating Income": 40,
        "EBIT": 66,
        "Net Income": 18
    },
    "2016-12-31": {
        "Diluted EPS": -0.23,
        "Total Revenue": 110,
        "Gross Profit": 83,
        "Operating Income": 43,
        "EBIT": 70,
        "Net Income": -16
    },
    "2016-09-30": {
        "Diluted EPS": 0.2,
        "Total Revenue": 118,
        "Gross Profit": 90,
        "Operating Income": 48,
        "EBIT": 76,
        "Net Income": 15
    },
    "2016-06-30": {
        "Diluted EPS": 0.42,
        "Total Revenue": 120,
        "Gross Profit": 93,
        "Operating Income": 56,
        "EBIT": 84,
        "Net Income": 32
    },
    "2016-03-31": {
        "Diluted EPS": 0.4,
        "Total Revenue": 120,
        "Gross Profit": 92,
        "Operating Income": 56,
        "EBIT": 83,
        "Net Income": 30
    },
    "2015-12-31": {
        "Diluted EPS": 0.45,
        "Total Revenue": 122,
        "Gross Profit": 92,
        "Operating Income": 54,
        "EBIT": 82,
        "Net Income": 33
    },
    "2015-09-30": {
        "Diluted EPS": 0.39,
        "Total Revenue": 124,
        "Gross Profit": 93,
        "Operating Income": 56,
        "EBIT": 82,
        "Net Income": 29
    },
    "2015-06-30": {
        "Diluted EPS": 0.53,
        "Total Revenue": 123,
        "Gross Profit": 92,
        "Operating Income": 54,
        "EBIT": 84,
        "Net Income": 40
    },
    "2015-03-31": {
        "Diluted EPS": 0.31,
        "Total Revenue": 121,
        "Gross Profit": 90,
        "Operating Income": 53,
        "EBIT": 80,
        "Net Income": 23
    },
    "2014-12-31": {
        "Diluted EPS": 0.38,
        "Total Revenue": 121,
        "Gross Profit": 89,
        "Operating Income": 51,
        "EBIT": 80,
        "Net Income": 28
    },
    "2014-09-30": {
        "Diluted EPS": 0.45,
        "Total Revenue": 125,
        "Gross Profit": 92,
        "Operating Income": 61,
        "EBIT": 90,
        "Net Income": 34
    },
    "2014-06-30": {
        "Diluted EPS": 0.32,
        "Total Revenue": 124,
        "Gross Profit": 91,
        "Operating Income": 52,
        "EBIT": 82,
        "Net Income": 24
    },
    "2014-03-31": {
        "Diluted EPS": 0.23,
        "Total Revenue": 115,
        "Gross Profit": 84,
        "Operating Income": 51,
        "EBIT": 80,
        "Net Income": 17
    },
    "2013-12-31": {
        "Diluted EPS": 0.35,
        "Total Revenue": 113,
        "Gross Profit": 81,
        "Operating Income": 44,
        "EBIT": 72,
        "Net Income": 26
    },
    "2013-09-30": {
        "Diluted EPS": 0.27,
        "Total Revenue": 110,
        "Gross Profit": 79,
        "Operating Income": 42,
        "EBIT": 68,
        "Net Income": 20
    },
    "2013-06-30": {
        "Diluted EPS": 0.41,
        "Total Revenue": 100,
        "Gross Profit": 70,
        "Operating Income": 44,
        "EBIT": 68,
        "Net Income": 31
    },
    "2013-03-31": {
        "Diluted EPS": 0.33,
        "Total Revenue": 92,
        "Gross Profit": 62,
        "Operating Income": 38,
        "EBIT": 61,
        "Net Income": 25
    },
    "2012-12-31": {
        "Diluted EPS": 0.31,
        "Total Revenue": 95,
        "Gross Profit": 65,
        "Operating Income": 40,
        "EBIT": 62,
        "Net Income": 23
    },
    "2012-09-30": {
        "Diluted EPS": 0.18,
        "Total Revenue": 95,
        "Gross Profit": 64,
        "Operating Income": 31,
        "EBIT": 54,
        "Net Income": 13
    },
    "2012-06-30": {
        "Diluted EPS": 0.31,
        "Total Revenue": 96,
        "Gross Profit": 65,
        "Operating Income": 42,
        "EBIT": 64,
        "Net Income": 21
    },
    "2012-03-31": {
        "Diluted EPS": 0.4,
        "Total Revenue": 100,
        "Gross Profit": 71,
        "Operating Income": 42,
        "EBIT": 64,
        "Net Income": 25
    },
    "2011-12-31": {
        "Diluted EPS": 0.43,
        "Total Revenue": 102,
        "Gross Profit": 73,
        "Operating Income": 48,
        "EBIT": 71,
        "Net Income": 26
    },
    "2011-09-30": {
        "Diluted EPS": 0.29,
        "Total Revenue": 100,
        "Gross Profit": 71,
        "Operating Income": 44,
        "EBIT": 66,
        "Net Income": 17
    },
    "2011-06-30": {
        "Diluted EPS": 0.43,
        "Total Revenue": 94,
        "Gross Profit": 64,
        "Operating Income": 48,
        "EBIT": 70,
        "Net Income": 26
    },
    "2011-03-31": {
        "Diluted EPS": 0.3,
        "Total Revenue": 86,
        "Gross Profit": 57,
        "Operating Income": 32,
        "EBIT": 53,
        "Net Income": 18
    },
    "2010-12-31": {
        "Diluted EPS": 0.16,
        "Total Revenue": 86,
        "Gross Profit": 59,
        "Operating Income": 25,
        "EBIT": 46,
        "Net Income": 12
    },
    "2010-09-30": {
        "Diluted EPS": 0.51,
        "Total Revenue": 89,
        "Gross Profit": 63,
        "Operating Income": 42,
        "EBIT": 63,
        "Net Income": 24
    },
    "2010-06-30": {
        "Diluted EPS": 0.45,
        "Total Revenue": 90,
        "Gross Profit": 63,
        "Operating Income": 46,
        "EBIT": 66,
        "Net Income": 21
    },
    "2010-03-31": {
        "Diluted EPS": 0.53,
        "Total Revenue": 89,
        "Gross Profit": 63,
        "Operating Income": 43,
        "EBIT": 62,
        "Net Income": 25
    },
    "2009-12-31": {
        "Diluted EPS": 0.0,
        "Total Revenue": NaN,
        "Gross Profit": NaN,
        "Operating Income": NaN,
        "EBIT": NaN,
        "Net Income": NaN
    },
    "2009-09-30": {
        "Diluted EPS": 0.51,
        "Total Revenue": 97,
        "Gross Profit": 70,
        "Operating Income": 46,
        "EBIT": 46,
        "Net Income": 24
    },
    "2023-09-30": {
        "Tax Effect Of Unusual Items": NaN,
        "Tax Rate For Calcs": NaN,
        "Normalized EBITDA": NaN,
        "Total Unusual Items": NaN,
        "Total Unusual Items Excluding Goodwill": NaN,
        "Net Income From Continuing Operation Net Minority Interest": NaN,
        "Reconciled Depreciation": NaN,
        "Reconciled Cost Of Revenue": NaN,
        "EBITDA": NaN,
        "EBIT": NaN,
        "Net Interest Income": NaN,
        "Interest Expense": NaN,
        "Interest Income": NaN,
        "Normalized Income": NaN,
        "Net Income From Continuing And Discontinued Operation": NaN,
        "Total Expenses": NaN,
        "Rent Expense Supplemental": NaN,
        "Total Operating Income As Reported": NaN,
        "Diluted Average Shares": 118107881.0,
        "Basic Average Shares": 118107881.0,
        "Diluted EPS": 0.45,
        "Basic EPS": 0.45,
        "Diluted NI Availto Com Stockholders": NaN,
        "Net Income Common Stockholders": NaN,
        "Preferred Stock Dividends": NaN,
        "Net Income": NaN,
        "Minority Interests": NaN,
        "Net Income Including Noncontrolling Interests": NaN,
        "Net Income Continuous Operations": NaN,
        "Pretax Income": NaN,
        "Other Income Expense": NaN,
        "Other Non Operating Income Expenses": NaN,
        "Special Income Charges": NaN,
        "Gain On Sale Of Ppe": NaN,
        "Write Off": NaN,
        "Impairment Of Capital Assets": 229000.0,
        "Earnings From Equity Interest": NaN,
        "Gain On Sale Of Security": NaN,
        "Net Non Operating Interest Income Expense": NaN,
        "Total Other Finance Cost": NaN,
        "Interest Expense Non Operating": NaN,
        "Interest Income Non Operating": NaN,
        "Operating Income": NaN,
        "Operating Expense": NaN,
        "Other Operating Expenses": NaN,
        "Selling General And Administration": NaN,
        "General And Administrative Expense": NaN,
        "Other Gand A": NaN,
        "Gross Profit": NaN,
        "Cost Of Revenue": NaN,
        "Total Revenue": NaN,
        "Operating Revenue": NaN
    },
    "2023-12-31": {
        "Tax Effect Of Unusual Items": NaN,
        "Tax Rate For Calcs": NaN,
        "Normalized EBITDA": NaN,
        "Total Unusual Items": NaN,
        "Total Unusual Items Excluding Goodwill": NaN,
        "Net Income From Continuing Operation Net Minority Interest": NaN,
        "Reconciled Depreciation": NaN,
        "Reconciled Cost Of Revenue": NaN,
        "EBITDA": NaN,
        "EBIT": NaN,
        "Net Interest Income": NaN,
        "Interest Expense": NaN,
        "Interest Income": NaN,
        "Normalized Income": NaN,
        "Net Income From Continuing And Discontinued Operation": NaN,
        "Total Expenses": NaN,
        "Rent Expense Supplemental": NaN,
        "Total Operating Income As Reported": NaN,
        "Diluted Average Shares": 118042187.0,
        "Basic Average Shares": 118042187.0,
        "Diluted EPS": 0.82,
        "Basic EPS": 0.82,
        "Diluted NI Availto Com Stockholders": NaN,
        "Net Income Common Stockholders": NaN,
        "Preferred Stock Dividends": NaN,
        "Net Income": NaN,
        "Minority Interests": NaN,
        "Net Income Including Noncontrolling Interests": NaN,
        "Net Income Discontinuous Operations": NaN,
        "Net Income Continuous Operations": NaN,
        "Pretax Income": NaN,
        "Other Income Expense": NaN,
        "Other Non Operating Income Expenses": NaN,
        "Special Income Charges": NaN,
        "Gain On Sale Of Ppe": NaN,
        "Write Off": NaN,
        "Impairment Of Capital Assets": 205000.0,
        "Earnings From Equity Interest": NaN,
        "Gain On Sale Of Security": NaN,
        "Net Non Operating Interest Income Expense": NaN,
        "Total Other Finance Cost": NaN,
        "Interest Expense Non Operating": NaN,
        "Interest Income Non Operating": NaN,
        "Operating Income": NaN,
        "Operating Expense": NaN,
        "Other Operating Expenses": NaN,
        "Selling General And Administration": NaN,
        "General And Administrative Expense": NaN,
        "Other Gand A": NaN,
        "Gross Profit": NaN,
        "Cost Of Revenue": NaN,
        "Total Revenue": NaN,
        "Operating Revenue": NaN
    },
    "2024-03-31": {
        "Tax Effect Of Unusual Items": NaN,
        "Tax Rate For Calcs": NaN,
        "Normalized EBITDA": NaN,
        "Total Unusual Items": NaN,
        "Total Unusual Items Excluding Goodwill": NaN,
        "Net Income From Continuing Operation Net Minority Interest": NaN,
        "Reconciled Depreciation": NaN,
        "Reconciled Cost Of Revenue": NaN,
        "EBITDA": NaN,
        "EBIT": NaN,
        "Net Interest Income": NaN,
        "Interest Expense": NaN,
        "Interest Income": NaN,
        "Normalized Income": NaN,
        "Net Income From Continuing And Discontinued Operation": NaN,
        "Total Expenses": NaN,
        "Rent Expense Supplemental": 144349000.0,
        "Total Operating Income As Reported": NaN,
        "Diluted Average Shares": 118628891.0,
        "Basic Average Shares": 118628891.0,
        "Diluted EPS": 0.79,
        "Basic EPS": 0.79,
        "Diluted NI Availto Com Stockholders": NaN,
        "Net Income Common Stockholders": NaN,
        "Preferred Stock Dividends": NaN,
        "Net Income": NaN,
        "Minority Interests": NaN,
        "Net Income Including Noncontrolling Interests": NaN,
        "Net Income Discontinuous Operations": NaN,
        "Net Income Continuous Operations": NaN,
        "Pretax Income": NaN,
        "Other Income Expense": NaN,
        "Other Non Operating Income Expenses": NaN,
        "Special Income Charges": 993000.0,
        "Gain On Sale Of Ppe": 993000.0,
        "Write Off": 1617000.0,
        "Impairment Of Capital Assets": 0.0,
        "Earnings From Equity Interest": NaN,
        "Gain On Sale Of Security": NaN,
        "Net Non Operating Interest Income Expense": NaN,
        "Total Other Finance Cost": NaN,
        "Interest Expense Non Operating": NaN,
        "Interest Income Non Operating": NaN,
        "Operating Income": NaN,
        "Operating Expense": NaN,
        "Other Operating Expenses": NaN,
        "Selling General And Administration": NaN,
        "General And Administrative Expense": NaN,
        "Other Gand A": NaN,
        "Gross Profit": NaN,
        "Cost Of Revenue": NaN,
        "Total Revenue": NaN,
        "Operating Revenue": NaN
    },
    "2024-06-30": {
        "Tax Effect Of Unusual Items": NaN,
        "Tax Rate For Calcs": NaN,
        "Normalized EBITDA": NaN,
        "Total Unusual Items": NaN,
        "Total Unusual Items Excluding Goodwill": NaN,
        "Net Income From Continuing Operation Net Minority Interest": NaN,
        "Reconciled Depreciation": 22395000.0,
        "Reconciled Cost Of Revenue": NaN,
        "EBITDA": NaN,
        "EBIT": NaN,
        "Net Interest Income": NaN,
        "Interest Expense": NaN,
        "Interest Income": NaN,
        "Normalized Income": NaN,
        "Net Income From Continuing And Discontinued Operation": NaN,
        "Total Expenses": NaN,
        "Rent Expense Supplemental": 164208000.0,
        "Total Operating Income As Reported": NaN,
        "Diluted Average Shares": 119176547.0,
        "Basic Average Shares": 119176547.0,
        "Diluted EPS": 0.77,
        "Basic EPS": 0.77,
        "Diluted NI Availto Com Stockholders": NaN,
        "Net Income Common Stockholders": NaN,
        "Preferred Stock Dividends": NaN,
        "Net Income": NaN,
        "Minority Interests": NaN,
        "Net Income Including Noncontrolling Interests": NaN,
        "Net Income Discontinuous Operations": 4384000.0,
        "Net Income Continuous Operations": NaN,
        "Pretax Income": NaN,
        "Other Income Expense": NaN,
        "Other Non Operating Income Expenses": NaN,
        "Special Income Charges": 121000.0,
        "Gain On Sale Of Ppe": 121000.0,
        "Write Off": 1586000.0,
        "Impairment Of Capital Assets": NaN,
        "Earnings From Equity Interest": NaN,
        "Gain On Sale Of Security": NaN,
        "Net Non Operating Interest Income Expense": NaN,
        "Total Other Finance Cost": 3654000.0,
        "Interest Expense Non Operating": NaN,
        "Interest Income Non Operating": NaN,
        "Operating Income": NaN,
        "Operating Expense": NaN,
        "Other Operating Expenses": NaN,
        "Selling General And Administration": NaN,
        "General And Administrative Expense": NaN,
        "Other Gand A": NaN,
        "Gross Profit": NaN,
        "Cost Of Revenue": NaN,
        "Total Revenue": NaN,
        "Operating Revenue": NaN
    },
    "2024-09-30": {
        "Tax Effect Of Unusual Items": 2357250.0,
        "Tax Rate For Calcs": 0.21,
        "Normalized EBITDA": 144338000.0,
        "Total Unusual Items": 11225000.0,
        "Total Unusual Items Excluding Goodwill": 11225000.0,
        "Net Income From Continuing Operation Net Minority Interest": 80751000.0,
        "Reconciled Depreciation": 41246000.0,
        "Reconciled Cost Of Revenue": 420452000.0,
        "EBITDA": 155563000.0,
        "EBIT": 114317000.0,
        "Net Interest Income": -30638000.0,
        "Interest Expense": 35446000.0,
        "Interest Income": 8629000.0,
        "Normalized Income": 71883250.0,
        "Net Income From Continuing And Discontinued Operation": 80751000.0,
        "Total Expenses": 446502000.0,
        "Rent Expense Supplemental": 212874000.0,
        "Total Operating Income As Reported": 104001000.0,
        "Diluted Average Shares": NaN,
        "Basic Average Shares": NaN,
        "Diluted EPS": NaN,
        "Basic EPS": NaN,
        "Diluted NI Availto Com Stockholders": 75463000.0,
        "Net Income Common Stockholders": 75463000.0,
        "Preferred Stock Dividends": 5288000.0,
        "Net Income": 80751000.0,
        "Minority Interests": 1880000.0,
        "Net Income Including Noncontrolling Interests": 78871000.0,
        "Net Income Discontinuous Operations": NaN,
        "Net Income Continuous Operations": 78871000.0,
        "Pretax Income": 78871000.0,
        "Other Income Expense": 11370000.0,
        "Other Non Operating Income Expenses": 168000.0,
        "Special Income Charges": 2234000.0,
        "Gain On Sale Of Ppe": 2234000.0,
        "Write Off": NaN,
        "Impairment Of Capital Assets": 0.0,
        "Earnings From Equity Interest": -23000.0,
        "Gain On Sale Of Security": 8991000.0,
        "Net Non Operating Interest Income Expense": -30638000.0,
        "Total Other Finance Cost": 3821000.0,
        "Interest Expense Non Operating": 35446000.0,
        "Interest Income Non Operating": 8629000.0,
        "Operating Income": 98139000.0,
        "Operating Expense": 26050000.0,
        "Other Operating Expenses": 15936000.0,
        "Selling General And Administration": 10114000.0,
        "General And Administrative Expense": 10114000.0,
        "Other Gand A": 10114000.0,
        "Gross Profit": 124189000.0,
        "Cost Of Revenue": 420452000.0,
        "Total Revenue": 544641000.0,
        "Operating Revenue": 544641000.0
    },
    "2024-12-31": {
        "Tax Effect Of Unusual Items": -15053430.0,
        "Tax Rate For Calcs": 0.21,
        "Normalized EBITDA": 176843000.0,
        "Total Unusual Items": -71683000.0,
        "Total Unusual Items Excluding Goodwill": -71683000.0,
        "Net Income From Continuing Operation Net Minority Interest": 34972000.0,
        "Reconciled Depreciation": 41435000.0,
        "Reconciled Cost Of Revenue": 392929000.0,
        "EBITDA": 105160000.0,
        "EBIT": 63725000.0,
        "Net Interest Income": -30193000.0,
        "Interest Expense": 31809000.0,
        "Interest Income": 6989000.0,
        "Normalized Income": 91601570.0,
        "Net Income From Continuing And Discontinued Operation": 34972000.0,
        "Total Expenses": 415192000.0,
        "Rent Expense Supplemental": 185138000.0,
        "Total Operating Income As Reported": 127237000.0,
        "Diluted Average Shares": 119805639.0,
        "Basic Average Shares": 119805639.0,
        "Diluted EPS": 0.25,
        "Basic EPS": 0.25,
        "Diluted NI Availto Com Stockholders": 29742000.0,
        "Net Income Common Stockholders": 29742000.0,
        "Preferred Stock Dividends": 5230000.0,
        "Net Income": 34972000.0,
        "Minority Interests": 3056000.0,
        "Net Income Including Noncontrolling Interests": 31916000.0,
        "Net Income Discontinuous Operations": NaN,
        "Net Income Continuous Operations": 31916000.0,
        "Pretax Income": 31916000.0,
        "Other Income Expense": -71102000.0,
        "Other Non Operating Income Expenses": 588000.0,
        "Special Income Charges": 440000.0,
        "Gain On Sale Of Ppe": 440000.0,
        "Write Off": NaN,
        "Impairment Of Capital Assets": 0.0,
        "Earnings From Equity Interest": -7000.0,
        "Gain On Sale Of Security": -72123000.0,
        "Net Non Operating Interest Income Expense": -30193000.0,
        "Total Other Finance Cost": 5373000.0,
        "Interest Expense Non Operating": 31809000.0,
        "Interest Income Non Operating": 6989000.0,
        "Operating Income": 133211000.0,
        "Operating Expense": 22263000.0,
        "Other Operating Expenses": 14002000.0,
        "Selling General And Administration": 8261000.0,
        "General And Administrative Expense": 8261000.0,
        "Other Gand A": 8261000.0,
        "Gross Profit": 155474000.0,
        "Cost Of Revenue": 392929000.0,
        "Total Revenue": 548403000.0,
        "Operating Revenue": 548403000.0
    },
    "2025-03-31": {
        "Tax Effect Of Unusual Items": 2751210.0,
        "Tax Rate For Calcs": 0.21,
        "Normalized EBITDA": 158032000.0,
        "Total Unusual Items": 13101000.0,
        "Total Unusual Items Excluding Goodwill": 13101000.0,
        "Net Income From Continuing Operation Net Minority Interest": 100128000.0,
        "Reconciled Depreciation": 41676000.0,
        "Reconciled Cost Of Revenue": 311158000.0,
        "EBITDA": 171133000.0,
        "EBIT": 129457000.0,
        "Net Interest Income": -24591000.0,
        "Interest Expense": 28614000.0,
        "Interest Income": 6481000.0,
        "Normalized Income": 89778210.0,
        "Net Income From Continuing And Discontinued Operation": 100128000.0,
        "Total Expenses": 333956000.0,
        "Rent Expense Supplemental": 111518000.0,
        "Total Operating Income As Reported": 107670000.0,
        "Diluted Average Shares": 119960329.0,
        "Basic Average Shares": 119960329.0,
        "Diluted EPS": 0.79,
        "Basic EPS": 0.79,
        "Diluted NI Availto Com Stockholders": 95014000.0,
        "Net Income Common Stockholders": 95014000.0,
        "Preferred Stock Dividends": 5114000.0,
        "Net Income": 100128000.0,
        "Minority Interests": -715000.0,
        "Net Income Including Noncontrolling Interests": 100843000.0,
        "Net Income Discontinuous Operations": NaN,
        "Net Income Continuous Operations": 100843000.0,
        "Pretax Income": 100843000.0,
        "Other Income Expense": 13164000.0,
        "Other Non Operating Income Expenses": 63000.0,
        "Special Income Charges": -4848000.0,
        "Gain On Sale Of Ppe": -4669000.0,
        "Write Off": NaN,
        "Impairment Of Capital Assets": 179000.0,
        "Earnings From Equity Interest": 0.0,
        "Gain On Sale Of Security": 17949000.0,
        "Net Non Operating Interest Income Expense": -24591000.0,
        "Total Other Finance Cost": 2458000.0,
        "Interest Expense Non Operating": 28614000.0,
        "Interest Income Non Operating": 6481000.0,
        "Operating Income": 112270000.0,
        "Operating Expense": 22798000.0,
        "Other Operating Expenses": 13996000.0,
        "Selling General And Administration": 8802000.0,
        "General And Administrative Expense": 8802000.0,
        "Other Gand A": 8802000.0,
        "Gross Profit": 135068000.0,
        "Cost Of Revenue": 311158000.0,
        "Total Revenue": 446226000.0,
        "Operating Revenue": 446226000.0
    },
    "2025-06-30": {
        "Tax Effect Of Unusual Items": 1749300.0,
        "Tax Rate For Calcs": 0.21,
        "Normalized EBITDA": 148233000.0,
        "Total Unusual Items": 8330000.0,
        "Total Unusual Items Excluding Goodwill": 8330000.0,
        "Net Income From Continuing Operation Net Minority Interest": 116241000.0,
        "Reconciled Depreciation": 21849000.0,
        "Reconciled Cost Of Revenue": -129763000.0,
        "EBITDA": 156563000.0,
        "EBIT": 134714000.0,
        "Net Interest Income": -13933000.0,
        "Interest Expense": 17511000.0,
        "Interest Income": 5298000.0,
        "Normalized Income": 109660300.0,
        "Net Income From Continuing And Discontinued Operation": 88694000.0,
        "Total Expenses": -128308000.0,
        "Rent Expense Supplemental": NaN,
        "Total Operating Income As Reported": 130013000.0,
        "Diluted Average Shares": NaN,
        "Basic Average Shares": NaN,
        "Diluted EPS": NaN,
        "Basic EPS": NaN,
        "Diluted NI Availto Com Stockholders": 83406000.0,
        "Net Income Common Stockholders": 83406000.0,
        "Preferred Stock Dividends": 5288000.0,
        "Net Income": 88694000.0,
        "Minority Interests": -962000.0,
        "Net Income Including Noncontrolling Interests": 89656000.0,
        "Net Income Discontinuous Operations": -16466000.0,
        "Net Income Continuous Operations": 117203000.0,
        "Pretax Income": 117203000.0,
        "Other Income Expense": 8294000.0,
        "Other Non Operating Income Expenses": -36000.0,
        "Special Income Charges": NaN,
        "Gain On Sale Of Ppe": NaN,
        "Write Off": NaN,
        "Impairment Of Capital Assets": NaN,
        "Earnings From Equity Interest": 0.0,
        "Gain On Sale Of Security": 3482000.0,
        "Net Non Operating Interest Income Expense": -13933000.0,
        "Total Other Finance Cost": 1720000.0,
        "Interest Expense Non Operating": 17511000.0,
        "Interest Income Non Operating": 5298000.0,
        "Operating Income": 122842000.0,
        "Operating Expense": 1455000.0,
        "Other Operating Expenses": 182000.0,
        "Selling General And Administration": 1273000.0,
        "General And Administrative Expense": 1273000.0,
        "Other Gand A": 1273000.0,
        "Gross Profit": 124297000.0,
        "Cost Of Revenue": -129763000.0,
        "Total Revenue": -5466000.0,
        "Operating Revenue": -5466000.0
    },
    "2025-09-30": {
        "Tax Effect Of Unusual Items": -329280.0,
        "Tax Rate For Calcs": 0.21,
        "Normalized EBITDA": 122522000.0,
        "Total Unusual Items": -1568000.0,
        "Total Unusual Items Excluding Goodwill": -1568000.0,
        "Net Income From Continuing Operation Net Minority Interest": 97909000.0,
        "Reconciled Depreciation": NaN,
        "Reconciled Cost Of Revenue": 95763000.0,
        "EBITDA": 120954000.0,
        "EBIT": 120954000.0,
        "Net Interest Income": -17862000.0,
        "Interest Expense": 21603000.0,
        "Interest Income": 3741000.0,
        "Normalized Income": 99147720.0,
        "Net Income From Continuing And Discontinued Operation": 97909000.0,
        "Total Expenses": 107060000.0,
        "Rent Expense Supplemental": NaN,
        "Total Operating Income As Reported": 117770000.0,
        "Diluted Average Shares": 120276106.0,
        "Basic Average Shares": 120276106.0,
        "Diluted EPS": 0.77,
        "Basic EPS": 0.77,
        "Diluted NI Availto Com Stockholders": 92621000.0,
        "Net Income Common Stockholders": 92621000.0,
        "Preferred Stock Dividends": 5288000.0,
        "Net Income": 97909000.0,
        "Minority Interests": -1442000.0,
        "Net Income Including Noncontrolling Interests": 99351000.0,
        "Net Income Discontinuous Operations": 0.0,
        "Net Income Continuous Operations": 99351000.0,
        "Pretax Income": 99351000.0,
        "Other Income Expense": -895000.0,
        "Other Non Operating Income Expenses": 673000.0,
        "Special Income Charges": NaN,
        "Gain On Sale Of Ppe": NaN,
        "Write Off": NaN,
        "Impairment Of Capital Assets": NaN,
        "Earnings From Equity Interest": 0.0,
        "Gain On Sale Of Security": -1568000.0,
        "Net Non Operating Interest Income Expense": -17862000.0,
        "Total Other Finance Cost": NaN,
        "Interest Expense Non Operating": 21603000.0,
        "Interest Income Non Operating": 3741000.0,
        "Operating Income": 118108000.0,
        "Operating Expense": 11297000.0,
        "Other Operating Expenses": 7338000.0,
        "Selling General And Administration": 3959000.0,
        "General And Administrative Expense": 3959000.0,
        "Other Gand A": 3959000.0,
        "Gross Profit": 129405000.0,
        "Cost Of Revenue": 95763000.0,
        "Total Revenue": 225168000.0,
        "Operating Revenue": 225168000.0
    }
}