{
    "2023-04-30": {
        "Tax Effect Of Unusual Items": NaN,
        "Tax Rate For Calcs": NaN,
        "Normalized EBITDA": NaN,
        "Total Unusual Items": NaN,
        "Total Unusual Items Excluding Goodwill": NaN,
        "Net Income From Continuing Operation Net Minority Interest": NaN,
        "Reconciled Depreciation": NaN,
        "Reconciled Cost Of Revenue": NaN,
        "EBITDA": NaN,
        "EBIT": NaN,
        "Net Interest Income": NaN,
        "Interest Expense": NaN,
        "Interest Income": NaN,
        "Normalized Income": NaN,
        "Net Income From Continuing And Discontinued Operation": NaN,
        "Total Expenses": NaN,
        "Total Operating Income As Reported": NaN,
        "Diluted Average Shares": 28071000.0,
        "Basic Average Shares": 28071000.0,
        "Diluted EPS": -0.33,
        "Basic EPS": -0.33,
        "Diluted NI Availto Com Stockholders": NaN,
        "Net Income Common Stockholders": NaN,
        "Otherunder Preferred Stock Dividend": NaN,
        "Preferred Stock Dividends": NaN,
        "Net Income": NaN,
        "Net Income Including Noncontrolling Interests": NaN,
        "Net Income Continuous Operations": NaN,
        "Tax Provision": NaN,
        "Pretax Income": NaN,
        "Other Income Expense": NaN,
        "Special Income Charges": NaN,
        "Gain On Sale Of Business": 0.0,
        "Other Special Charges": NaN,
        "Write Off": NaN,
        "Impairment Of Capital Assets": NaN,
        "Restructuring And Mergern Acquisition": NaN,
        "Gain On Sale Of Security": NaN,
        "Net Non Operating Interest Income Expense": NaN,
        "Interest Expense Non Operating": NaN,
        "Interest Income Non Operating": NaN,
        "Operating Income": NaN,
        "Operating Expense": NaN,
        "Depreciation Amortization Depletion Income Statement": NaN,
        "Depreciation And Amortization In Income Statement": NaN,
        "Amortization": NaN,
        "Amortization Of Intangibles Income Statement": NaN,
        "Research And Development": NaN,
        "Selling General And Administration": NaN,
        "Gross Profit": NaN,
        "Cost Of Revenue": NaN,
        "Total Revenue": NaN,
        "Operating Revenue": NaN
    },
    "2023-01-31": {
        "Tax Effect Of Unusual Items": NaN,
        "Tax Rate For Calcs": NaN,
        "Normalized EBITDA": NaN,
        "Total Unusual Items": NaN,
        "Total Unusual Items Excluding Goodwill": NaN,
        "Net Income From Continuing Operation Net Minority Interest": NaN,
        "Reconciled Depreciation": NaN,
        "Reconciled Cost Of Revenue": NaN,
        "EBITDA": NaN,
        "EBIT": NaN,
        "Net Interest Income": NaN,
        "Interest Expense": NaN,
        "Interest Income": NaN,
        "Normalized Income": NaN,
        "Net Income From Continuing And Discontinued Operation": NaN,
        "Total Expenses": NaN,
        "Total Operating Income As Reported": NaN,
        "Diluted Average Shares": 27954000.0,
        "Basic Average Shares": 27954000.0,
        "Diluted EPS": -0.23,
        "Basic EPS": -0.23,
        "Diluted NI Availto Com Stockholders": NaN,
        "Net Income Common Stockholders": NaN,
        "Otherunder Preferred Stock Dividend": 0.0,
        "Preferred Stock Dividends": NaN,
        "Net Income": NaN,
        "Net Income Including Noncontrolling Interests": NaN,
        "Net Income Continuous Operations": NaN,
        "Tax Provision": NaN,
        "Pretax Income": NaN,
        "Other Income Expense": NaN,
        "Special Income Charges": NaN,
        "Gain On Sale Of Business": 0.0,
        "Restructuring And Mergern Acquisition": NaN,
        "Gain On Sale Of Security": NaN,
        "Net Non Operating Interest Income Expense": NaN,
        "Interest Expense Non Operating": NaN,
        "Interest Income Non Operating": NaN,
        "Operating Income": NaN,
        "Operating Expense": NaN,
        "Depreciation Amortization Depletion Income Statement": NaN,
        "Depreciation And Amortization In Income Statement": NaN,
        "Amortization": NaN,
        "Amortization Of Intangibles Income Statement": NaN,
        "Research And Development": NaN,
        "Selling General And Administration": NaN,
        "Gross Profit": NaN,
        "Cost Of Revenue": NaN,
        "Total Revenue": NaN,
        "Operating Revenue": NaN
    },
    "2022-10-31": {
        "Tax Effect Of Unusual Items": NaN,
        "Tax Rate For Calcs": NaN,
        "Normalized EBITDA": NaN,
        "Total Unusual Items": NaN,
        "Total Unusual Items Excluding Goodwill": NaN,
        "Net Income From Continuing Operation Net Minority Interest": NaN,
        "Reconciled Depreciation": NaN,
        "Reconciled Cost Of Revenue": NaN,
        "EBITDA": NaN,
        "EBIT": NaN,
        "Net Interest Income": NaN,
        "Interest Expense": NaN,
        "Interest Income": 255000.0,
        "Normalized Income": NaN,
        "Net Income From Continuing And Discontinued Operation": NaN,
        "Total Expenses": NaN,
        "Total Operating Income As Reported": NaN,
        "Diluted Average Shares": NaN,
        "Basic Average Shares": NaN,
        "Diluted EPS": NaN,
        "Basic EPS": NaN,
        "Diluted NI Availto Com Stockholders": NaN,
        "Net Income Common Stockholders": NaN,
        "Otherunder Preferred Stock Dividend": NaN,
        "Preferred Stock Dividends": NaN,
        "Net Income": NaN,
        "Net Income Including Noncontrolling Interests": NaN,
        "Net Income Continuous Operations": NaN,
        "Tax Provision": NaN,
        "Pretax Income": NaN,
        "Other Income Expense": -9090000.0,
        "Special Income Charges": NaN,
        "Gain On Sale Of Business": NaN,
        "Restructuring And Mergern Acquisition": NaN,
        "Gain On Sale Of Security": NaN,
        "Net Non Operating Interest Income Expense": NaN,
        "Interest Expense Non Operating": NaN,
        "Interest Income Non Operating": 255000.0,
        "Operating Income": NaN,
        "Operating Expense": NaN,
        "Depreciation Amortization Depletion Income Statement": NaN,
        "Depreciation And Amortization In Income Statement": NaN,
        "Amortization": NaN,
        "Amortization Of Intangibles Income Statement": NaN,
        "Research And Development": NaN,
        "Selling General And Administration": NaN,
        "Gross Profit": NaN,
        "Cost Of Revenue": NaN,
        "Total Revenue": NaN,
        "Operating Revenue": NaN
    },
    "2022-07-31": {
        "Tax Effect Of Unusual Items": 210.0,
        "Tax Rate For Calcs": 0.21,
        "Normalized EBITDA": 3711000.0,
        "Total Unusual Items": 1000.0,
        "Total Unusual Items Excluding Goodwill": 1000.0,
        "Net Income From Continuing Operation Net Minority Interest": -5169000.0,
        "Reconciled Depreciation": 5349000.0,
        "Reconciled Cost Of Revenue": 81404000.0,
        "EBITDA": 3712000.0,
        "EBIT": -1637000.0,
        "Net Interest Income": -1012000.0,
        "Interest Expense": 1455000.0,
        "Interest Income": 443000.0,
        "Normalized Income": -5169790.0,
        "Net Income From Continuing And Discontinued Operation": -5169000.0,
        "Total Expenses": 129064000.0,
        "Total Operating Income As Reported": -2081000.0,
        "Diluted Average Shares": 26278000.0,
        "Basic Average Shares": 26278000.0,
        "Diluted EPS": -0.26,
        "Basic EPS": -0.26,
        "Diluted NI Availto Com Stockholders": -6851000.0,
        "Net Income Common Stockholders": -6851000.0,
        "Otherunder Preferred Stock Dividend": 0.0,
        "Preferred Stock Dividends": 1682000.0,
        "Net Income": -5169000.0,
        "Net Income Including Noncontrolling Interests": -5169000.0,
        "Net Income Continuous Operations": -5169000.0,
        "Tax Provision": 2077000.0,
        "Pretax Income": -3092000.0,
        "Other Income Expense": 1000.0,
        "Special Income Charges": 0.0,
        "Other Special Charges": 0.0,
        "Restructuring And Mergern Acquisition": 0.0,
        "Gain On Sale Of Security": 1000.0,
        "Net Non Operating Interest Income Expense": -1012000.0,
        "Interest Expense Non Operating": 1455000.0,
        "Interest Income Non Operating": 443000.0,
        "Operating Income": -2081000.0,
        "Operating Expense": 47660000.0,
        "Depreciation Amortization Depletion Income Statement": 5349000.0,
        "Depreciation And Amortization In Income Statement": 5349000.0,
        "Amortization": 5349000.0,
        "Amortization Of Intangibles Income Statement": 5349000.0,
        "Research And Development": 13148000.0,
        "Selling General And Administration": 29163000.0,
        "Gross Profit": 45579000.0,
        "Cost Of Revenue": 81404000.0,
        "Total Revenue": 126983000.0,
        "Operating Revenue": 126983000.0
    },
    "2022-04-30": {
        "Diluted EPS": -0.06,
        "Total Revenue": 122,
        "Gross Profit": 47,
        "Operating Income": -1,
        "EBIT": 9,
        "Net Income": -2
    },
    "2022-01-31": {
        "Diluted EPS": -0.89,
        "Total Revenue": 120,
        "Gross Profit": 46,
        "Operating Income": -25,
        "EBIT": -15,
        "Net Income": -24
    },
    "2021-10-31": {
        "Diluted EPS": -0.43,
        "Total Revenue": 117,
        "Gross Profit": 42,
        "Operating Income": -7,
        "EBIT": 2,
        "Net Income": -11
    },
    "2021-07-31": {
        "Diluted EPS": 0.33,
        "Total Revenue": 146,
        "Gross Profit": 55,
        "Operating Income": 10,
        "EBIT": 24,
        "Net Income": 7
    },
    "2021-04-30": {
        "Diluted EPS": 0.03,
        "Total Revenue": 139,
        "Gross Profit": 53,
        "Operating Income": 2,
        "EBIT": 11,
        "Net Income": 1
    },
    "2021-01-31": {
        "Diluted EPS": 0.17,
        "Total Revenue": 161,
        "Gross Profit": 56,
        "Operating Income": 5,
        "EBIT": 14,
        "Net Income": 4
    },
    "2020-10-31": {
        "Diluted EPS": -3.39,
        "Total Revenue": 135,
        "Gross Profit": 50,
        "Operating Income": -86,
        "EBIT": -77,
        "Net Income": -86
    },
    "2020-07-31": {
        "Diluted EPS": 0.04,
        "Total Revenue": 150,
        "Gross Profit": 50,
        "Operating Income": 3,
        "EBIT": 17,
        "Net Income": 1
    },
    "2020-04-30": {
        "Diluted EPS": -0.16,
        "Total Revenue": 135,
        "Gross Profit": 53,
        "Operating Income": -3,
        "EBIT": 6,
        "Net Income": -4
    },
    "2020-01-31": {
        "Diluted EPS": 0.14,
        "Total Revenue": 162,
        "Gross Profit": 61,
        "Operating Income": 6,
        "EBIT": 16,
        "Net Income": 3
    },
    "2019-10-31": {
        "Diluted EPS": 0.26,
        "Total Revenue": 170,
        "Gross Profit": 64,
        "Operating Income": 9,
        "EBIT": 18,
        "Net Income": 6
    },
    "2019-07-31": {
        "Diluted EPS": 0.26,
        "Total Revenue": 176,
        "Gross Profit": 64,
        "Operating Income": 10,
        "EBIT": 27,
        "Net Income": 6
    },
    "2019-04-30": {
        "Diluted EPS": 0.31,
        "Total Revenue": 170,
        "Gross Profit": 64,
        "Operating Income": 11,
        "EBIT": 20,
        "Net Income": 8
    },
    "2019-01-31": {
        "Diluted EPS": 0.32,
        "Total Revenue": 164,
        "Gross Profit": 61,
        "Operating Income": 12,
        "EBIT": 21,
        "Net Income": 8
    },
    "2018-10-31": {
        "Diluted EPS": 0.14,
        "Total Revenue": 161,
        "Gross Profit": 58,
        "Operating Income": 7,
        "EBIT": 16,
        "Net Income": 3
    },
    "2018-07-31": {
        "Diluted EPS": 0.31,
        "Total Revenue": 167,
        "Gross Profit": 63,
        "Operating Income": 16,
        "EBIT": 31,
        "Net Income": 7
    },
    "2018-04-30": {
        "Diluted EPS": 0.34,
        "Total Revenue": 148,
        "Gross Profit": 62,
        "Operating Income": 14,
        "EBIT": 24,
        "Net Income": 8
    },
    "2018-01-31": {
        "Diluted EPS": 0.66,
        "Total Revenue": 134,
        "Gross Profit": 51,
        "Operating Income": 5,
        "EBIT": 15,
        "Net Income": 16
    },
    "2017-10-31": {
        "Diluted EPS": -0.07,
        "Total Revenue": 122,
        "Gross Profit": 48,
        "Operating Income": 0,
        "EBIT": 10,
        "Net Income": -2
    },
    "2017-07-31": {
        "Diluted EPS": 0.31,
        "Total Revenue": 148,
        "Gross Profit": 60,
        "Operating Income": 15,
        "EBIT": 30,
        "Net Income": 7
    },
    "2017-04-30": {
        "Diluted EPS": 0.19,
        "Total Revenue": 128,
        "Gross Profit": 52,
        "Operating Income": 10,
        "EBIT": 21,
        "Net Income": 4
    },
    "2017-01-31": {
        "Diluted EPS": 0.28,
        "Total Revenue": 139,
        "Gross Profit": 53,
        "Operating Income": 13,
        "EBIT": 24,
        "Net Income": 7
    },
    "2016-10-31": {
        "Diluted EPS": -0.11,
        "Total Revenue": 136,
        "Gross Profit": 52,
        "Operating Income": -1,
        "EBIT": 11,
        "Net Income": -2
    },
    "2016-07-31": {
        "Diluted EPS": 0.19,
        "Total Revenue": 152,
        "Gross Profit": 62,
        "Operating Income": 7,
        "EBIT": 19,
        "Net Income": 3
    },
    "2016-04-30": {
        "Diluted EPS": -0.89,
        "Total Revenue": 124,
        "Gross Profit": 51,
        "Operating Income": -13,
        "EBIT": -4,
        "Net Income": -14
    },
    "2016-01-31": {
        "Diluted EPS": 0.15,
        "Total Revenue": 70,
        "Gross Profit": 29,
        "Operating Income": 3,
        "EBIT": 7,
        "Net Income": 2
    },
    "2015-10-31": {
        "Diluted EPS": 0.09,
        "Total Revenue": 64,
        "Gross Profit": 28,
        "Operating Income": 2,
        "EBIT": 6,
        "Net Income": 1
    },
    "2015-07-31": {
        "Diluted EPS": 0.34,
        "Total Revenue": 77,
        "Gross Profit": 33,
        "Operating Income": 8,
        "EBIT": 12,
        "Net Income": 5
    },
    "2015-04-30": {
        "Diluted EPS": 0.3,
        "Total Revenue": 72,
        "Gross Profit": 32,
        "Operating Income": 7,
        "EBIT": 12,
        "Net Income": 5
    },
    "2015-01-31": {
        "Diluted EPS": 0.46,
        "Total Revenue": 82,
        "Gross Profit": 38,
        "Operating Income": 11,
        "EBIT": 15,
        "Net Income": 8
    },
    "2014-10-31": {
        "Diluted EPS": 0.32,
        "Total Revenue": 76,
        "Gross Profit": 35,
        "Operating Income": 8,
        "EBIT": 13,
        "Net Income": 5
    },
    "2014-07-31": {
        "Diluted EPS": 0.45,
        "Total Revenue": 89,
        "Gross Profit": 39,
        "Operating Income": 12,
        "EBIT": 16,
        "Net Income": 8
    },
    "2014-04-30": {
        "Diluted EPS": 0.32,
        "Total Revenue": 89,
        "Gross Profit": 38,
        "Operating Income": 11,
        "EBIT": 15,
        "Net Income": 6
    },
    "2014-01-31": {
        "Diluted EPS": 0.32,
        "Total Revenue": 85,
        "Gross Profit": 37,
        "Operating Income": 11,
        "EBIT": 15,
        "Net Income": 6
    },
    "2013-10-31": {
        "Diluted EPS": 0.28,
        "Total Revenue": 83,
        "Gross Profit": 36,
        "Operating Income": 10,
        "EBIT": 14,
        "Net Income": 5
    },
    "2013-07-31": {
        "Diluted EPS": 0.3,
        "Total Revenue": 84,
        "Gross Profit": 35,
        "Operating Income": 10,
        "EBIT": 14,
        "Net Income": 5
    },
    "2013-04-30": {
        "Diluted EPS": 0.17,
        "Total Revenue": 70,
        "Gross Profit": 31,
        "Operating Income": 5,
        "EBIT": 10,
        "Net Income": 3
    },
    "2013-01-31": {
        "Diluted EPS": 0.14,
        "Total Revenue": 75,
        "Gross Profit": 32,
        "Operating Income": 6,
        "EBIT": 10,
        "Net Income": 2
    },
    "2012-10-31": {
        "Diluted EPS": 0.36,
        "Total Revenue": 91,
        "Gross Profit": 42,
        "Operating Income": 13,
        "EBIT": 18,
        "Net Income": 7
    },
    "2012-07-31": {
        "Diluted EPS": 0.39,
        "Total Revenue": 113,
        "Gross Profit": 49,
        "Operating Income": 14,
        "EBIT": 20,
        "Net Income": 8
    },
    "2012-04-30": {
        "Diluted EPS": 0.29,
        "Total Revenue": 100,
        "Gross Profit": 42,
        "Operating Income": 11,
        "EBIT": 15,
        "Net Income": 6
    },
    "2012-01-31": {
        "Diluted EPS": 0.27,
        "Total Revenue": 99,
        "Gross Profit": 41,
        "Operating Income": 11,
        "EBIT": 16,
        "Net Income": 6
    },
    "2011-10-31": {
        "Diluted EPS": 0.47,
        "Total Revenue": 113,
        "Gross Profit": 51,
        "Operating Income": 16,
        "EBIT": 21,
        "Net Income": 13
    },
    "2011-07-31": {
        "Diluted EPS": 0.44,
        "Total Revenue": 140,
        "Gross Profit": 59,
        "Operating Income": 21,
        "EBIT": 28,
        "Net Income": 12
    },
    "2011-04-30": {
        "Diluted EPS": 0.47,
        "Total Revenue": 131,
        "Gross Profit": 57,
        "Operating Income": 22,
        "EBIT": 29,
        "Net Income": 14
    },
    "2011-01-31": {
        "Diluted EPS": 0.52,
        "Total Revenue": 163,
        "Gross Profit": 61,
        "Operating Income": 25,
        "EBIT": 32,
        "Net Income": 16
    },
    "2010-10-31": {
        "Diluted EPS": 0.79,
        "Total Revenue": 178,
        "Gross Profit": 64,
        "Operating Income": 40,
        "EBIT": 46,
        "Net Income": 26
    },
    "2010-07-31": {
        "Diluted EPS": 0.43,
        "Total Revenue": 257,
        "Gross Profit": 83,
        "Operating Income": 26,
        "EBIT": 47,
        "Net Income": 13
    },
    "2010-04-30": {
        "Diluted EPS": 0.67,
        "Total Revenue": 216,
        "Gross Profit": 75,
        "Operating Income": 36,
        "EBIT": 43,
        "Net Income": 22
    },
    "2010-01-31": {
        "Diluted EPS": 0.51,
        "Total Revenue": 171,
        "Gross Profit": 64,
        "Operating Income": 27,
        "EBIT": 34,
        "Net Income": 16
    },
    "2009-10-31": {
        "Diluted EPS": 0.3,
        "Total Revenue": 134,
        "Gross Profit": 50,
        "Operating Income": 15,
        "EBIT": 21,
        "Net Income": 9
    },
    "2009-07-31": {
        "Diluted EPS": 0.2,
        "Total Revenue": 122,
        "Gross Profit": 47,
        "Operating Income": 11,
        "EBIT": 19,
        "Net Income": 6
    },
    "2009-04-30": {
        "Diluted EPS": 0.27,
        "Total Revenue": 129,
        "Gross Profit": 48,
        "Operating Income": 11,
        "EBIT": 16,
        "Net Income": 8
    },
    "2009-01-31": {
        "Diluted EPS": 0.46,
        "Total Revenue": 144,
        "Gross Profit": 59,
        "Operating Income": 19,
        "EBIT": 28,
        "Net Income": 12
    },
    "2023-07-31": {
        "Tax Effect Of Unusual Items": NaN,
        "Tax Rate For Calcs": NaN,
        "Normalized EBITDA": NaN,
        "Total Unusual Items": NaN,
        "Total Unusual Items Excluding Goodwill": NaN,
        "Net Income From Continuing Operation Net Minority Interest": NaN,
        "Reconciled Depreciation": NaN,
        "Reconciled Cost Of Revenue": NaN,
        "EBITDA": NaN,
        "EBIT": NaN,
        "Net Interest Income": NaN,
        "Interest Expense": NaN,
        "Interest Income": NaN,
        "Normalized Income": NaN,
        "Net Income From Continuing And Discontinued Operation": NaN,
        "Total Expenses": NaN,
        "Total Operating Income As Reported": NaN,
        "Diluted Average Shares": NaN,
        "Basic Average Shares": NaN,
        "Diluted EPS": NaN,
        "Basic EPS": NaN,
        "Diluted NI Availto Com Stockholders": NaN,
        "Net Income Common Stockholders": NaN,
        "Otherunder Preferred Stock Dividend": NaN,
        "Preferred Stock Dividends": NaN,
        "Net Income": NaN,
        "Net Income Including Noncontrolling Interests": NaN,
        "Net Income Continuous Operations": NaN,
        "Tax Provision": NaN,
        "Pretax Income": NaN,
        "Other Income Expense": 0.0,
        "Special Income Charges": NaN,
        "Gain On Sale Of Business": NaN,
        "Other Special Charges": NaN,
        "Write Off": NaN,
        "Impairment Of Capital Assets": NaN,
        "Restructuring And Mergern Acquisition": NaN,
        "Gain On Sale Of Security": NaN,
        "Net Non Operating Interest Income Expense": NaN,
        "Interest Expense Non Operating": NaN,
        "Interest Income Non Operating": NaN,
        "Operating Income": NaN,
        "Operating Expense": NaN,
        "Depreciation Amortization Depletion Income Statement": NaN,
        "Depreciation And Amortization In Income Statement": NaN,
        "Amortization": NaN,
        "Amortization Of Intangibles Income Statement": NaN,
        "Research And Development": NaN,
        "Selling General And Administration": NaN,
        "Gross Profit": NaN,
        "Cost Of Revenue": NaN,
        "Total Revenue": NaN,
        "Operating Revenue": NaN
    },
    "2023-10-31": {
        "Tax Effect Of Unusual Items": NaN,
        "Tax Rate For Calcs": NaN,
        "Normalized EBITDA": NaN,
        "Total Unusual Items": NaN,
        "Total Unusual Items Excluding Goodwill": NaN,
        "Net Income From Continuing Operation Net Minority Interest": NaN,
        "Reconciled Depreciation": NaN,
        "Reconciled Cost Of Revenue": NaN,
        "EBITDA": NaN,
        "EBIT": NaN,
        "Net Interest Income": NaN,
        "Interest Expense": NaN,
        "Interest Income": 65000.0,
        "Normalized Income": NaN,
        "Net Income From Continuing And Discontinued Operation": NaN,
        "Total Expenses": NaN,
        "Total Operating Income As Reported": NaN,
        "Diluted Average Shares": NaN,
        "Basic Average Shares": NaN,
        "Diluted EPS": NaN,
        "Basic EPS": NaN,
        "Diluted NI Availto Com Stockholders": NaN,
        "Net Income Common Stockholders": NaN,
        "Otherunder Preferred Stock Dividend": NaN,
        "Preferred Stock Dividends": NaN,
        "Net Income": NaN,
        "Net Income Including Noncontrolling Interests": NaN,
        "Net Income Continuous Operations": NaN,
        "Tax Provision": NaN,
        "Pretax Income": NaN,
        "Other Income Expense": NaN,
        "Special Income Charges": NaN,
        "Gain On Sale Of Business": NaN,
        "Other Special Charges": NaN,
        "Write Off": NaN,
        "Impairment Of Capital Assets": NaN,
        "Restructuring And Mergern Acquisition": NaN,
        "Gain On Sale Of Security": NaN,
        "Net Non Operating Interest Income Expense": NaN,
        "Interest Expense Non Operating": NaN,
        "Interest Income Non Operating": 65000.0,
        "Operating Income": NaN,
        "Operating Expense": NaN,
        "Depreciation Amortization Depletion Income Statement": NaN,
        "Depreciation And Amortization In Income Statement": NaN,
        "Amortization": NaN,
        "Amortization Of Intangibles Income Statement": NaN,
        "Research And Development": NaN,
        "Selling General And Administration": NaN,
        "Gross Profit": NaN,
        "Cost Of Revenue": NaN,
        "Total Revenue": NaN,
        "Operating Revenue": NaN
    },
    "2024-01-31": {
        "Tax Effect Of Unusual Items": NaN,
        "Tax Rate For Calcs": NaN,
        "Normalized EBITDA": NaN,
        "Total Unusual Items": NaN,
        "Total Unusual Items Excluding Goodwill": NaN,
        "Net Income From Continuing Operation Net Minority Interest": NaN,
        "Reconciled Depreciation": NaN,
        "Reconciled Cost Of Revenue": NaN,
        "EBITDA": NaN,
        "EBIT": NaN,
        "Net Interest Income": NaN,
        "Interest Expense": NaN,
        "Interest Income": NaN,
        "Normalized Income": NaN,
        "Net Income From Continuing And Discontinued Operation": NaN,
        "Total Expenses": NaN,
        "Total Operating Income As Reported": NaN,
        "Diluted Average Shares": 28662000.0,
        "Basic Average Shares": 28662000.0,
        "Diluted EPS": -1.07,
        "Basic EPS": -1.07,
        "Diluted NI Availto Com Stockholders": NaN,
        "Net Income Common Stockholders": NaN,
        "Otherunder Preferred Stock Dividend": NaN,
        "Preferred Stock Dividends": NaN,
        "Net Income": NaN,
        "Net Income Including Noncontrolling Interests": NaN,
        "Net Income Continuous Operations": NaN,
        "Tax Provision": NaN,
        "Pretax Income": NaN,
        "Other Income Expense": NaN,
        "Special Income Charges": NaN,
        "Gain On Sale Of Business": 2213000.0,
        "Other Special Charges": NaN,
        "Write Off": 0.0,
        "Impairment Of Capital Assets": 0.0,
        "Restructuring And Mergern Acquisition": NaN,
        "Gain On Sale Of Security": NaN,
        "Net Non Operating Interest Income Expense": NaN,
        "Interest Expense Non Operating": NaN,
        "Interest Income Non Operating": NaN,
        "Operating Income": NaN,
        "Operating Expense": NaN,
        "Depreciation Amortization Depletion Income Statement": NaN,
        "Depreciation And Amortization In Income Statement": NaN,
        "Amortization": NaN,
        "Amortization Of Intangibles Income Statement": NaN,
        "Research And Development": NaN,
        "Selling General And Administration": NaN,
        "Gross Profit": NaN,
        "Cost Of Revenue": NaN,
        "Total Revenue": NaN,
        "Operating Revenue": NaN
    },
    "2024-04-30": {
        "Tax Effect Of Unusual Items": NaN,
        "Tax Rate For Calcs": NaN,
        "Normalized EBITDA": NaN,
        "Total Unusual Items": NaN,
        "Total Unusual Items Excluding Goodwill": NaN,
        "Net Income From Continuing Operation Net Minority Interest": NaN,
        "Reconciled Depreciation": NaN,
        "Reconciled Cost Of Revenue": NaN,
        "EBITDA": NaN,
        "EBIT": NaN,
        "Net Interest Income": NaN,
        "Interest Expense": NaN,
        "Interest Income": NaN,
        "Normalized Income": NaN,
        "Net Income From Continuing And Discontinued Operation": NaN,
        "Total Expenses": NaN,
        "Total Operating Income As Reported": NaN,
        "Diluted Average Shares": NaN,
        "Basic Average Shares": NaN,
        "Diluted EPS": NaN,
        "Basic EPS": NaN,
        "Diluted NI Availto Com Stockholders": NaN,
        "Net Income Common Stockholders": NaN,
        "Otherunder Preferred Stock Dividend": NaN,
        "Preferred Stock Dividends": NaN,
        "Net Income": NaN,
        "Net Income Including Noncontrolling Interests": NaN,
        "Net Income Continuous Operations": NaN,
        "Tax Provision": NaN,
        "Pretax Income": NaN,
        "Other Income Expense": NaN,
        "Special Income Charges": NaN,
        "Gain On Sale Of Business": -200000.0,
        "Other Special Charges": NaN,
        "Write Off": NaN,
        "Impairment Of Capital Assets": NaN,
        "Restructuring And Mergern Acquisition": NaN,
        "Gain On Sale Of Security": NaN,
        "Net Non Operating Interest Income Expense": NaN,
        "Interest Expense Non Operating": NaN,
        "Interest Income Non Operating": NaN,
        "Operating Income": NaN,
        "Operating Expense": NaN,
        "Depreciation Amortization Depletion Income Statement": NaN,
        "Depreciation And Amortization In Income Statement": NaN,
        "Amortization": NaN,
        "Amortization Of Intangibles Income Statement": NaN,
        "Research And Development": NaN,
        "Selling General And Administration": NaN,
        "Gross Profit": NaN,
        "Cost Of Revenue": NaN,
        "Total Revenue": NaN,
        "Operating Revenue": NaN
    },
    "2024-07-31": {
        "Tax Effect Of Unusual Items": NaN,
        "Tax Rate For Calcs": NaN,
        "Normalized EBITDA": NaN,
        "Total Unusual Items": NaN,
        "Total Unusual Items Excluding Goodwill": NaN,
        "Net Income From Continuing Operation Net Minority Interest": NaN,
        "Reconciled Depreciation": NaN,
        "Reconciled Cost Of Revenue": NaN,
        "EBITDA": NaN,
        "EBIT": NaN,
        "Net Interest Income": NaN,
        "Interest Expense": NaN,
        "Interest Income": NaN,
        "Normalized Income": NaN,
        "Net Income From Continuing And Discontinued Operation": NaN,
        "Total Expenses": NaN,
        "Total Operating Income As Reported": NaN,
        "Diluted Average Shares": NaN,
        "Basic Average Shares": NaN,
        "Diluted EPS": NaN,
        "Basic EPS": NaN,
        "Diluted NI Availto Com Stockholders": NaN,
        "Net Income Common Stockholders": NaN,
        "Otherunder Preferred Stock Dividend": NaN,
        "Preferred Stock Dividends": NaN,
        "Net Income": NaN,
        "Net Income Including Noncontrolling Interests": NaN,
        "Net Income Continuous Operations": NaN,
        "Tax Provision": NaN,
        "Pretax Income": NaN,
        "Other Income Expense": NaN,
        "Special Income Charges": NaN,
        "Gain On Sale Of Business": -3212000.0,
        "Other Special Charges": NaN,
        "Write Off": NaN,
        "Impairment Of Capital Assets": NaN,
        "Restructuring And Mergern Acquisition": NaN,
        "Gain On Sale Of Security": NaN,
        "Net Non Operating Interest Income Expense": NaN,
        "Interest Expense Non Operating": NaN,
        "Interest Income Non Operating": NaN,
        "Operating Income": NaN,
        "Operating Expense": NaN,
        "Depreciation Amortization Depletion Income Statement": NaN,
        "Depreciation And Amortization In Income Statement": NaN,
        "Amortization": NaN,
        "Amortization Of Intangibles Income Statement": NaN,
        "Research And Development": NaN,
        "Selling General And Administration": NaN,
        "Gross Profit": NaN,
        "Cost Of Revenue": NaN,
        "Total Revenue": NaN,
        "Operating Revenue": NaN
    },
    "2024-10-31": {
        "Tax Effect Of Unusual Items": -18621120.0,
        "Tax Rate For Calcs": 0.21,
        "Normalized EBITDA": -37946000.0,
        "Total Unusual Items": -88672000.0,
        "Total Unusual Items Excluding Goodwill": -88672000.0,
        "Net Income From Continuing Operation Net Minority Interest": -148407000.0,
        "Reconciled Depreciation": 9488000.0,
        "Reconciled Cost Of Revenue": 98389000.0,
        "EBITDA": -126618000.0,
        "EBIT": -136106000.0,
        "Net Interest Income": -10167000.0,
        "Interest Expense": 10167000.0,
        "Interest Income": NaN,
        "Normalized Income": -78356120.0,
        "Net Income From Continuing And Discontinued Operation": -148407000.0,
        "Total Expenses": 163234000.0,
        "Total Operating Income As Reported": -129170000.0,
        "Diluted Average Shares": 29446000.0,
        "Basic Average Shares": 29446000.0,
        "Diluted EPS": -5.29,
        "Basic EPS": -5.29,
        "Diluted NI Availto Com Stockholders": -155862000.0,
        "Net Income Common Stockholders": -155862000.0,
        "Otherunder Preferred Stock Dividend": -51179000.0,
        "Preferred Stock Dividends": 58634000.0,
        "Net Income": -148407000.0,
        "Net Income Including Noncontrolling Interests": -148407000.0,
        "Net Income Continuous Operations": -148407000.0,
        "Tax Provision": 2134000.0,
        "Pretax Income": -146273000.0,
        "Other Income Expense": -88672000.0,
        "Special Income Charges": -83148000.0,
        "Gain On Sale Of Business": NaN,
        "Other Special Charges": 1583000.0,
        "Write Off": 1412000.0,
        "Impairment Of Capital Assets": 79555000.0,
        "Restructuring And Mergern Acquisition": 598000.0,
        "Gain On Sale Of Security": -5524000.0,
        "Net Non Operating Interest Income Expense": -10167000.0,
        "Interest Expense Non Operating": 10167000.0,
        "Interest Income Non Operating": NaN,
        "Operating Income": -47434000.0,
        "Operating Expense": 61950000.0,
        "Depreciation Amortization Depletion Income Statement": 6593000.0,
        "Depreciation And Amortization In Income Statement": 6593000.0,
        "Amortization": 6593000.0,
        "Amortization Of Intangibles Income Statement": 6593000.0,
        "Research And Development": 3713000.0,
        "Selling General And Administration": 51644000.0,
        "Gross Profit": 14516000.0,
        "Cost Of Revenue": 101284000.0,
        "Total Revenue": 115800000.0,
        "Operating Revenue": 115800000.0
    },
    "2025-01-31": {
        "Tax Effect Of Unusual Items": -557384.0,
        "Tax Rate For Calcs": 0.019,
        "Normalized EBITDA": -1541000.0,
        "Total Unusual Items": -29336000.0,
        "Total Unusual Items Excluding Goodwill": -29336000.0,
        "Net Income From Continuing Operation Net Minority Interest": -48739000.0,
        "Reconciled Depreciation": 7822000.0,
        "Reconciled Cost Of Revenue": 90055000.0,
        "EBITDA": -30877000.0,
        "EBIT": -38699000.0,
        "Net Interest Income": -10882000.0,
        "Interest Expense": 11008000.0,
        "Interest Income": 126000.0,
        "Normalized Income": -19960384.0,
        "Net Income From Continuing And Discontinued Operation": -48739000.0,
        "Total Expenses": 136063000.0,
        "Total Operating Income As Reported": -10257000.0,
        "Diluted Average Shares": 29339000.0,
        "Basic Average Shares": 29339000.0,
        "Diluted EPS": -0.76,
        "Basic EPS": -0.76,
        "Diluted NI Availto Com Stockholders": -22356000.0,
        "Net Income Common Stockholders": -22356000.0,
        "Otherunder Preferred Stock Dividend": 0.0,
        "Preferred Stock Dividends": -26383000.0,
        "Net Income": -48739000.0,
        "Net Income Including Noncontrolling Interests": -48739000.0,
        "Net Income Continuous Operations": -48739000.0,
        "Tax Provision": -968000.0,
        "Pretax Income": -49707000.0,
        "Other Income Expense": -29336000.0,
        "Special Income Charges": -768000.0,
        "Gain On Sale Of Business": 0.0,
        "Other Special Charges": 1099000.0,
        "Write Off": 0.0,
        "Impairment Of Capital Assets": 0.0,
        "Restructuring And Mergern Acquisition": -331000.0,
        "Gain On Sale Of Security": -28568000.0,
        "Net Non Operating Interest Income Expense": -10882000.0,
        "Interest Expense Non Operating": 11008000.0,
        "Interest Income Non Operating": 126000.0,
        "Operating Income": -9489000.0,
        "Operating Expense": 43229000.0,
        "Depreciation Amortization Depletion Income Statement": 5043000.0,
        "Depreciation And Amortization In Income Statement": 5043000.0,
        "Amortization": 5043000.0,
        "Amortization Of Intangibles Income Statement": 5043000.0,
        "Research And Development": 4354000.0,
        "Selling General And Administration": 33832000.0,
        "Gross Profit": 33740000.0,
        "Cost Of Revenue": 92834000.0,
        "Total Revenue": 126574000.0,
        "Operating Revenue": 126574000.0
    },
    "2025-04-30": {
        "Tax Effect Of Unusual Items": 9504180.0,
        "Tax Rate For Calcs": 0.21,
        "Normalized EBITDA": 7552000.0,
        "Total Unusual Items": 45258000.0,
        "Total Unusual Items Excluding Goodwill": 45258000.0,
        "Net Income From Continuing Operation Net Minority Interest": 33934000.0,
        "Reconciled Depreciation": 7770000.0,
        "Reconciled Cost Of Revenue": 85116000.0,
        "EBITDA": 52810000.0,
        "EBIT": 45040000.0,
        "Net Interest Income": -12398000.0,
        "Interest Expense": 12907000.0,
        "Interest Income": 509000.0,
        "Normalized Income": -1819820.0,
        "Net Income From Continuing And Discontinued Operation": 33934000.0,
        "Total Expenses": 127514000.0,
        "Total Operating Income As Reported": -1532000.0,
        "Diluted Average Shares": 29399000.0,
        "Basic Average Shares": 29399000.0,
        "Diluted EPS": -0.49,
        "Basic EPS": -0.49,
        "Diluted NI Availto Com Stockholders": -14471000.0,
        "Net Income Common Stockholders": -14471000.0,
        "Otherunder Preferred Stock Dividend": 0.0,
        "Preferred Stock Dividends": 48405000.0,
        "Net Income": 33934000.0,
        "Net Income Including Noncontrolling Interests": 33934000.0,
        "Net Income Continuous Operations": 33934000.0,
        "Tax Provision": -1801000.0,
        "Pretax Income": 32133000.0,
        "Other Income Expense": 45258000.0,
        "Special Income Charges": -4284000.0,
        "Gain On Sale Of Business": 0.0,
        "Other Special Charges": NaN,
        "Write Off": 3479000.0,
        "Impairment Of Capital Assets": 0.0,
        "Restructuring And Mergern Acquisition": 805000.0,
        "Gain On Sale Of Security": 49542000.0,
        "Net Non Operating Interest Income Expense": -12398000.0,
        "Interest Expense Non Operating": 12907000.0,
        "Interest Income Non Operating": 509000.0,
        "Operating Income": -727000.0,
        "Operating Expense": 39672000.0,
        "Depreciation Amortization Depletion Income Statement": 5044000.0,
        "Depreciation And Amortization In Income Statement": 5044000.0,
        "Amortization": 5044000.0,
        "Amortization Of Intangibles Income Statement": 5044000.0,
        "Research And Development": 4425000.0,
        "Selling General And Administration": 30203000.0,
        "Gross Profit": 38945000.0,
        "Cost Of Revenue": 87842000.0,
        "Total Revenue": 126787000.0,
        "Operating Revenue": 126787000.0
    },
    "2025-07-31": {
        "Tax Effect Of Unusual Items": 1174711.754282,
        "Tax Rate For Calcs": 0.065564,
        "Normalized EBITDA": 11347000.0,
        "Total Unusual Items": 17917000.0,
        "Total Unusual Items Excluding Goodwill": 17917000.0,
        "Net Income From Continuing Operation Net Minority Interest": 7910000.0,
        "Reconciled Depreciation": 8441000.0,
        "Reconciled Cost Of Revenue": 86296000.0,
        "EBITDA": 29264000.0,
        "EBIT": 20823000.0,
        "Net Interest Income": -12358000.0,
        "Interest Expense": 12358000.0,
        "Interest Income": NaN,
        "Normalized Income": -8832288.245718,
        "Net Income From Continuing And Discontinued Operation": 7910000.0,
        "Total Expenses": 127461000.0,
        "Total Operating Income As Reported": 1861000.0,
        "Diluted Average Shares": 29436000.0,
        "Basic Average Shares": 29436000.0,
        "Diluted EPS": -0.39,
        "Basic EPS": -0.39,
        "Diluted NI Availto Com Stockholders": -11562000.0,
        "Net Income Common Stockholders": -11562000.0,
        "Otherunder Preferred Stock Dividend": 0.0,
        "Preferred Stock Dividends": 19472000.0,
        "Net Income": 7910000.0,
        "Net Income Including Noncontrolling Interests": 7910000.0,
        "Net Income Continuous Operations": 7910000.0,
        "Tax Provision": 555000.0,
        "Pretax Income": 8465000.0,
        "Other Income Expense": 17917000.0,
        "Special Income Charges": -5131000.0,
        "Gain On Sale Of Business": 0.0,
        "Other Special Charges": 0.0,
        "Write Off": 4086000.0,
        "Impairment Of Capital Assets": 0.0,
        "Restructuring And Mergern Acquisition": 1045000.0,
        "Gain On Sale Of Security": 23048000.0,
        "Net Non Operating Interest Income Expense": -12358000.0,
        "Interest Expense Non Operating": 12358000.0,
        "Interest Income Non Operating": NaN,
        "Operating Income": 2906000.0,
        "Operating Expense": 37767000.0,
        "Depreciation Amortization Depletion Income Statement": 5043000.0,
        "Depreciation And Amortization In Income Statement": 5043000.0,
        "Amortization": 5043000.0,
        "Amortization Of Intangibles Income Statement": 5043000.0,
        "Research And Development": 4916000.0,
        "Selling General And Administration": 27808000.0,
        "Gross Profit": 40673000.0,
        "Cost Of Revenue": 89694000.0,
        "Total Revenue": 130367000.0,
        "Operating Revenue": 130367000.0
    },
    "2025-10-31": {
        "Tax Effect Of Unusual Items": -441210.0,
        "Tax Rate For Calcs": 0.21,
        "Normalized EBITDA": 6261000.0,
        "Total Unusual Items": -2101000.0,
        "Total Unusual Items Excluding Goodwill": -2101000.0,
        "Net Income From Continuing Operation Net Minority Interest": -15879000.0,
        "Reconciled Depreciation": 8044000.0,
        "Reconciled Cost Of Revenue": 71266000.0,
        "EBITDA": 4160000.0,
        "EBIT": -3884000.0,
        "Net Interest Income": -11330000.0,
        "Interest Expense": 11553000.0,
        "Interest Income": 223000.0,
        "Normalized Income": -14219210.0,
        "Net Income From Continuing And Discontinued Operation": -15879000.0,
        "Total Expenses": 113038000.0,
        "Total Operating Income As Reported": -2757000.0,
        "Diluted Average Shares": 29618000.0,
        "Basic Average Shares": 29618000.0,
        "Diluted EPS": -0.67,
        "Basic EPS": -0.67,
        "Diluted NI Availto Com Stockholders": -19782000.0,
        "Net Income Common Stockholders": -19782000.0,
        "Otherunder Preferred Stock Dividend": 0.0,
        "Preferred Stock Dividends": 3903000.0,
        "Net Income": -15879000.0,
        "Net Income Including Noncontrolling Interests": -15879000.0,
        "Net Income Continuous Operations": -15879000.0,
        "Tax Provision": 442000.0,
        "Pretax Income": -15437000.0,
        "Other Income Expense": -2101000.0,
        "Special Income Charges": -751000.0,
        "Gain On Sale Of Business": NaN,
        "Other Special Charges": NaN,
        "Write Off": 0.0,
        "Impairment Of Capital Assets": 0.0,
        "Restructuring And Mergern Acquisition": 751000.0,
        "Gain On Sale Of Security": -1350000.0,
        "Net Non Operating Interest Income Expense": -11330000.0,
        "Interest Expense Non Operating": 11553000.0,
        "Interest Income Non Operating": 223000.0,
        "Operating Income": -2006000.0,
        "Operating Expense": 38772000.0,
        "Depreciation Amortization Depletion Income Statement": 5044000.0,
        "Depreciation And Amortization In Income Statement": 5044000.0,
        "Amortization": 5044000.0,
        "Amortization Of Intangibles Income Statement": 5044000.0,
        "Research And Development": 3790000.0,
        "Selling General And Administration": 29938000.0,
        "Gross Profit": 36766000.0,
        "Cost Of Revenue": 74266000.0,
        "Total Revenue": 111032000.0,
        "Operating Revenue": 111032000.0
    }
}