{
    "2024-09-30": {
        "Tax Effect Of Unusual Items": 0.0,
        "Tax Rate For Calcs": 0.264,
        "Normalized EBITDA": 179000000.0,
        "Net Income From Continuing Operation Net Minority Interest": 15000000.0,
        "Reconciled Depreciation": 142000000.0,
        "Reconciled Cost Of Revenue": 68325000000.0,
        "EBITDA": 179000000.0,
        "EBIT": 37000000.0,
        "Net Interest Income": -16000000.0,
        "Interest Expense": 16000000.0,
        "Interest Income": 0.0,
        "Normalized Income": 15000000.0,
        "Net Income From Continuing And Discontinued Operation": 15000000.0,
        "Total Expenses": 70324000000.0,
        "Total Operating Income As Reported": 23000000.0,
        "Diluted Average Shares": 126783589.0,
        "Basic Average Shares": 126783589.0,
        "Diluted EPS": 0.118312,
        "Basic EPS": 0.118312,
        "Diluted NI Availto Com Stockholders": 15000000.0,
        "Net Income Common Stockholders": 15000000.0,
        "Net Income": 15000000.0,
        "Net Income Including Noncontrolling Interests": 15000000.0,
        "Net Income Continuous Operations": 15000000.0,
        "Tax Provision": 6000000.0,
        "Pretax Income": 21000000.0,
        "Other Income Expense": 13000000.0,
        "Other Non Operating Income Expenses": 13000000.0,
        "Net Non Operating Interest Income Expense": -16000000.0,
        "Interest Expense Non Operating": 16000000.0,
        "Interest Income Non Operating": 0.0,
        "Operating Income": 24000000.0,
        "Operating Expense": 1999000000.0,
        "Other Operating Expenses": NaN,
        "Selling General And Administration": 1999000000.0,
        "Gross Profit": 2023000000.0,
        "Cost Of Revenue": 68325000000.0,
        "Total Revenue": 70348000000.0,
        "Operating Revenue": 70339000000.0
    },
    "2024-06-30": {
        "Tax Effect Of Unusual Items": 0.0,
        "Tax Rate For Calcs": 0.324031,
        "Normalized EBITDA": 851000000.0,
        "Net Income From Continuing Operation Net Minority Interest": 436000000.0,
        "Reconciled Depreciation": 183000000.0,
        "Reconciled Cost Of Revenue": 72182000000.0,
        "EBITDA": 851000000.0,
        "EBIT": 668000000.0,
        "Net Interest Income": 0.0,
        "Interest Expense": 23000000.0,
        "Interest Income": 23000000.0,
        "Normalized Income": 436000000.0,
        "Net Income From Continuing And Discontinued Operation": 436000000.0,
        "Total Expenses": 74656000000.0,
        "Total Operating Income As Reported": 644000000.0,
        "Diluted Average Shares": 126783589.0,
        "Basic Average Shares": 126783589.0,
        "Diluted EPS": 3.438931,
        "Basic EPS": 3.438931,
        "Diluted NI Availto Com Stockholders": 436000000.0,
        "Net Income Common Stockholders": 436000000.0,
        "Net Income": 436000000.0,
        "Net Income Including Noncontrolling Interests": 436000000.0,
        "Net Income Continuous Operations": 436000000.0,
        "Tax Provision": 209000000.0,
        "Pretax Income": 645000000.0,
        "Other Income Expense": 1000000.0,
        "Other Non Operating Income Expenses": 1000000.0,
        "Net Non Operating Interest Income Expense": 0.0,
        "Interest Expense Non Operating": 23000000.0,
        "Interest Income Non Operating": 23000000.0,
        "Operating Income": 644000000.0,
        "Operating Expense": 2474000000.0,
        "Other Operating Expenses": NaN,
        "Selling General And Administration": 2474000000.0,
        "Gross Profit": 3118000000.0,
        "Cost Of Revenue": 72182000000.0,
        "Total Revenue": 75300000000.0,
        "Operating Revenue": 75294000000.0
    },
    "2023-09-30": {
        "Tax Effect Of Unusual Items": 0.0,
        "Tax Rate For Calcs": 0.301887,
        "Normalized EBITDA": 6000000.0,
        "Net Income From Continuing Operation Net Minority Interest": -111000000.0,
        "Reconciled Depreciation": 165000000.0,
        "Reconciled Cost Of Revenue": 36003000000.0,
        "EBITDA": 6000000.0,
        "EBIT": -159000000.0,
        "Net Interest Income": -43000000.0,
        "Interest Expense": 0.0,
        "Interest Income": NaN,
        "Normalized Income": -111000000.0,
        "Net Income From Continuing And Discontinued Operation": -111000000.0,
        "Total Expenses": 37504000000.0,
        "Total Operating Income As Reported": -85000000.0,
        "Diluted Average Shares": NaN,
        "Basic Average Shares": NaN,
        "Diluted EPS": NaN,
        "Basic EPS": NaN,
        "Diluted NI Availto Com Stockholders": -111000000.0,
        "Net Income Common Stockholders": -111000000.0,
        "Net Income": -111000000.0,
        "Net Income Including Noncontrolling Interests": -111000000.0,
        "Net Income Continuous Operations": -111000000.0,
        "Tax Provision": -48000000.0,
        "Pretax Income": -159000000.0,
        "Other Income Expense": -31000000.0,
        "Other Non Operating Income Expenses": -31000000.0,
        "Net Non Operating Interest Income Expense": -43000000.0,
        "Interest Expense Non Operating": 0.0,
        "Interest Income Non Operating": NaN,
        "Operating Income": -85000000.0,
        "Operating Expense": 1501000000.0,
        "Selling General And Administration": 1501000000.0,
        "Gross Profit": 1416000000.0,
        "Cost Of Revenue": 36003000000.0,
        "Total Revenue": 37419000000.0,
        "Operating Revenue": 37345000000.0
    },
    "2023-06-30": {
        "Tax Effect Of Unusual Items": NaN,
        "Tax Rate For Calcs": NaN,
        "Normalized EBITDA": NaN,
        "Net Income From Continuing Operation Net Minority Interest": NaN,
        "Reconciled Depreciation": NaN,
        "Reconciled Cost Of Revenue": NaN,
        "EBITDA": NaN,
        "EBIT": NaN,
        "Net Interest Income": NaN,
        "Interest Expense": NaN,
        "Interest Income": 43000000.0,
        "Normalized Income": NaN,
        "Net Income From Continuing And Discontinued Operation": NaN,
        "Total Expenses": NaN,
        "Total Operating Income As Reported": NaN,
        "Diluted Average Shares": 126783589.0,
        "Basic Average Shares": 126783589.0,
        "Diluted EPS": -2.137501,
        "Basic EPS": -2.137501,
        "Diluted NI Availto Com Stockholders": NaN,
        "Net Income Common Stockholders": NaN,
        "Net Income": NaN,
        "Net Income Including Noncontrolling Interests": NaN,
        "Net Income Continuous Operations": NaN,
        "Tax Provision": NaN,
        "Pretax Income": NaN,
        "Other Income Expense": NaN,
        "Other Non Operating Income Expenses": NaN,
        "Net Non Operating Interest Income Expense": NaN,
        "Interest Expense Non Operating": NaN,
        "Interest Income Non Operating": 43000000.0,
        "Operating Income": NaN,
        "Operating Expense": NaN,
        "Selling General And Administration": NaN,
        "Gross Profit": NaN,
        "Cost Of Revenue": NaN,
        "Total Revenue": NaN,
        "Operating Revenue": NaN
    },
    "2024-12-31": {
        "Tax Effect Of Unusual Items": 0.0,
        "Tax Rate For Calcs": 0.258,
        "Normalized EBITDA": -14755000000.0,
        "Net Income From Continuing Operation Net Minority Interest": -15444000000.0,
        "Reconciled Depreciation": 149000000.0,
        "Reconciled Cost Of Revenue": 118311000000.0,
        "EBITDA": -14755000000.0,
        "EBIT": -14904000000.0,
        "Net Interest Income": 472000000.0,
        "Interest Expense": 4000000.0,
        "Interest Income": 476000000.0,
        "Normalized Income": -15444000000.0,
        "Net Income From Continuing And Discontinued Operation": -15444000000.0,
        "Total Expenses": 138454000000.0,
        "Total Operating Income As Reported": -1636000000.0,
        "Diluted Average Shares": 129703075.0,
        "Basic Average Shares": 129703075.0,
        "Diluted EPS": -119.071965,
        "Basic EPS": -119.071965,
        "Diluted NI Availto Com Stockholders": -15444000000.0,
        "Net Income Common Stockholders": -15444000000.0,
        "Net Income": -15444000000.0,
        "Net Income Including Noncontrolling Interests": -15444000000.0,
        "Net Income Continuous Operations": -15444000000.0,
        "Tax Provision": 536000000.0,
        "Pretax Income": -14908000000.0,
        "Other Income Expense": -30000000.0,
        "Other Non Operating Income Expenses": -30000000.0,
        "Net Non Operating Interest Income Expense": 472000000.0,
        "Interest Expense Non Operating": 4000000.0,
        "Interest Income Non Operating": 476000000.0,
        "Operating Income": -15350000000.0,
        "Operating Expense": 20143000000.0,
        "Other Operating Expenses": 13714000000.0,
        "Selling General And Administration": 6429000000.0,
        "Gross Profit": 4793000000.0,
        "Cost Of Revenue": 118311000000.0,
        "Total Revenue": 123104000000.0,
        "Operating Revenue": 123084000000.0
    },
    "2024-03-31": {
        "Tax Effect Of Unusual Items": NaN,
        "Tax Rate For Calcs": NaN,
        "Normalized EBITDA": NaN,
        "Net Income From Continuing Operation Net Minority Interest": NaN,
        "Reconciled Depreciation": 248000000.0,
        "Reconciled Cost Of Revenue": NaN,
        "EBITDA": NaN,
        "EBIT": NaN,
        "Net Interest Income": NaN,
        "Interest Expense": NaN,
        "Interest Income": NaN,
        "Normalized Income": NaN,
        "Net Income From Continuing And Discontinued Operation": NaN,
        "Total Expenses": NaN,
        "Total Operating Income As Reported": NaN,
        "Diluted Average Shares": NaN,
        "Basic Average Shares": NaN,
        "Diluted EPS": NaN,
        "Basic EPS": NaN,
        "Diluted NI Availto Com Stockholders": NaN,
        "Net Income Common Stockholders": NaN,
        "Net Income": NaN,
        "Net Income Including Noncontrolling Interests": NaN,
        "Net Income Continuous Operations": NaN,
        "Tax Provision": NaN,
        "Pretax Income": NaN,
        "Other Income Expense": NaN,
        "Other Non Operating Income Expenses": NaN,
        "Net Non Operating Interest Income Expense": NaN,
        "Interest Expense Non Operating": NaN,
        "Interest Income Non Operating": NaN,
        "Operating Income": NaN,
        "Operating Expense": NaN,
        "Selling General And Administration": NaN,
        "Gross Profit": NaN,
        "Cost Of Revenue": NaN,
        "Total Revenue": NaN,
        "Operating Revenue": NaN
    },
    "2023-12-31": {
        "Tax Effect Of Unusual Items": NaN,
        "Tax Rate For Calcs": NaN,
        "Normalized EBITDA": NaN,
        "Net Income From Continuing Operation Net Minority Interest": NaN,
        "Reconciled Depreciation": NaN,
        "Reconciled Cost Of Revenue": NaN,
        "EBITDA": NaN,
        "EBIT": NaN,
        "Net Interest Income": NaN,
        "Interest Expense": NaN,
        "Interest Income": NaN,
        "Normalized Income": NaN,
        "Net Income From Continuing And Discontinued Operation": NaN,
        "Total Expenses": NaN,
        "Total Operating Income As Reported": NaN,
        "Diluted Average Shares": 126783589.0,
        "Basic Average Shares": 126783589.0,
        "Diluted EPS": 3.462593,
        "Basic EPS": 3.462593,
        "Diluted NI Availto Com Stockholders": NaN,
        "Net Income Common Stockholders": NaN,
        "Net Income": NaN,
        "Net Income Including Noncontrolling Interests": NaN,
        "Net Income Continuous Operations": NaN,
        "Tax Provision": NaN,
        "Pretax Income": NaN,
        "Other Income Expense": NaN,
        "Other Non Operating Income Expenses": NaN,
        "Net Non Operating Interest Income Expense": NaN,
        "Interest Expense Non Operating": NaN,
        "Interest Income Non Operating": NaN,
        "Operating Income": NaN,
        "Operating Expense": NaN,
        "Other Operating Expenses": NaN,
        "Selling General And Administration": NaN,
        "Gross Profit": NaN,
        "Cost Of Revenue": NaN,
        "Total Revenue": NaN,
        "Operating Revenue": NaN
    },
    "2025-06-30": {
        "Tax Effect Of Unusual Items": 0.0,
        "Tax Rate For Calcs": 0.258,
        "Normalized EBITDA": -836000000.0,
        "Net Income From Continuing Operation Net Minority Interest": -1377000000.0,
        "Reconciled Depreciation": 164000000.0,
        "Reconciled Cost Of Revenue": 81288000000.0,
        "EBITDA": -836000000.0,
        "EBIT": -1000000000.0,
        "Net Interest Income": -250000000.0,
        "Interest Expense": 251000000.0,
        "Interest Income": 1000000.0,
        "Normalized Income": -1377000000.0,
        "Net Income From Continuing And Discontinued Operation": -1377000000.0,
        "Total Expenses": 84859000000.0,
        "Total Operating Income As Reported": -870000000.0,
        "Diluted Average Shares": 130814526.0,
        "Basic Average Shares": 130814526.0,
        "Diluted EPS": -10.52,
        "Basic EPS": -10.52,
        "Diluted NI Availto Com Stockholders": -1377000000.0,
        "Net Income Common Stockholders": -1377000000.0,
        "Net Income": -1377000000.0,
        "Net Income Including Noncontrolling Interests": -1377000000.0,
        "Net Income Continuous Operations": -1377000000.0,
        "Tax Provision": 126000000.0,
        "Pretax Income": -1251000000.0,
        "Other Income Expense": -131000000.0,
        "Other Non Operating Income Expenses": -131000000.0,
        "Net Non Operating Interest Income Expense": -250000000.0,
        "Interest Expense Non Operating": 251000000.0,
        "Interest Income Non Operating": 1000000.0,
        "Operating Income": -870000000.0,
        "Operating Expense": 3571000000.0,
        "Other Operating Expenses": NaN,
        "Selling General And Administration": 3571000000.0,
        "Gross Profit": 2701000000.0,
        "Cost Of Revenue": 81288000000.0,
        "Total Revenue": 83989000000.0,
        "Operating Revenue": 83553000000.0
    },
    "2025-03-31": {
        "Tax Effect Of Unusual Items": 0.0,
        "Tax Rate For Calcs": 0.272933,
        "Normalized EBITDA": 1143000000.0,
        "Net Income From Continuing Operation Net Minority Interest": 642000000.0,
        "Reconciled Depreciation": 253000000.0,
        "Reconciled Cost Of Revenue": 113718000000.0,
        "EBITDA": 1143000000.0,
        "EBIT": 890000000.0,
        "Net Interest Income": -490000000.0,
        "Interest Expense": 7000000.0,
        "Interest Income": -483000000.0,
        "Normalized Income": 642000000.0,
        "Net Income From Continuing And Discontinued Operation": 642000000.0,
        "Total Expenses": 114590000000.0,
        "Total Operating Income As Reported": 3475000000.0,
        "Diluted Average Shares": 130814526.0,
        "Basic Average Shares": 130814526.0,
        "Diluted EPS": 4.907712,
        "Basic EPS": 4.907712,
        "Diluted NI Availto Com Stockholders": 642000000.0,
        "Net Income Common Stockholders": 642000000.0,
        "Net Income": 642000000.0,
        "Net Income Including Noncontrolling Interests": 642000000.0,
        "Net Income Continuous Operations": 642000000.0,
        "Tax Provision": 241000000.0,
        "Pretax Income": 883000000.0,
        "Other Income Expense": 1384000000.0,
        "Other Non Operating Income Expenses": 21000000.0,
        "Net Non Operating Interest Income Expense": -490000000.0,
        "Interest Expense Non Operating": 7000000.0,
        "Interest Income Non Operating": -483000000.0,
        "Operating Income": -11000000.0,
        "Operating Expense": 872000000.0,
        "Other Operating Expenses": 0.0,
        "Selling General And Administration": 45000000.0,
        "Gross Profit": 861000000.0,
        "Cost Of Revenue": 113718000000.0,
        "Total Revenue": 114579000000.0,
        "Operating Revenue": 114489000000.0
    },
    "2025-09-30": {
        "Tax Effect Of Unusual Items": 0.0,
        "Tax Rate For Calcs": 0.258,
        "Normalized EBITDA": 1138000000.0,
        "Net Income From Continuing Operation Net Minority Interest": 355000000.0,
        "Reconciled Depreciation": 185000000.0,
        "Reconciled Cost Of Revenue": 129219000000.0,
        "EBITDA": 1138000000.0,
        "EBIT": 953000000.0,
        "Net Interest Income": 66000000.0,
        "Interest Expense": 50000000.0,
        "Interest Income": 116000000.0,
        "Normalized Income": 355000000.0,
        "Net Income From Continuing And Discontinued Operation": 355000000.0,
        "Total Expenses": 132589000000.0,
        "Total Operating Income As Reported": 516000000.0,
        "Diluted Average Shares": 134648307.0,
        "Basic Average Shares": 130822522.0,
        "Diluted EPS": 2.64,
        "Basic EPS": 2.71,
        "Diluted NI Availto Com Stockholders": 355000000.0,
        "Net Income Common Stockholders": 355000000.0,
        "Net Income": 355000000.0,
        "Net Income Including Noncontrolling Interests": 355000000.0,
        "Net Income Continuous Operations": 355000000.0,
        "Tax Provision": 548000000.0,
        "Pretax Income": 903000000.0,
        "Other Income Expense": 321000000.0,
        "Other Non Operating Income Expenses": 321000000.0,
        "Net Non Operating Interest Income Expense": 66000000.0,
        "Interest Expense Non Operating": 50000000.0,
        "Interest Income Non Operating": 116000000.0,
        "Operating Income": 516000000.0,
        "Operating Expense": 3370000000.0,
        "Other Operating Expenses": NaN,
        "Selling General And Administration": 3370000000.0,
        "Gross Profit": 3886000000.0,
        "Cost Of Revenue": 129219000000.0,
        "Total Revenue": 133105000000.0,
        "Operating Revenue": 132229000000.0
    }
}