{
    "2023-03-31": {
        "Tax Effect Of Unusual Items": NaN,
        "Tax Rate For Calcs": NaN,
        "Normalized EBITDA": NaN,
        "Total Unusual Items": NaN,
        "Total Unusual Items Excluding Goodwill": NaN,
        "Net Income From Continuing Operation Net Minority Interest": NaN,
        "Reconciled Depreciation": NaN,
        "Reconciled Cost Of Revenue": NaN,
        "EBITDA": NaN,
        "EBIT": NaN,
        "Net Interest Income": NaN,
        "Interest Expense": NaN,
        "Interest Income": NaN,
        "Normalized Income": NaN,
        "Net Income From Continuing And Discontinued Operation": NaN,
        "Total Expenses": NaN,
        "Rent Expense Supplemental": NaN,
        "Total Operating Income As Reported": NaN,
        "Diluted Average Shares": NaN,
        "Basic Average Shares": NaN,
        "Diluted EPS": NaN,
        "Basic EPS": NaN,
        "Diluted NI Availto Com Stockholders": NaN,
        "Average Dilution Earnings": NaN,
        "Net Income Common Stockholders": NaN,
        "Otherunder Preferred Stock Dividend": NaN,
        "Net Income": NaN,
        "Minority Interests": NaN,
        "Net Income Including Noncontrolling Interests": NaN,
        "Net Income Continuous Operations": NaN,
        "Tax Provision": NaN,
        "Pretax Income": NaN,
        "Other Income Expense": NaN,
        "Special Income Charges": NaN,
        "Gain On Sale Of Ppe": NaN,
        "Other Special Charges": NaN,
        "Impairment Of Capital Assets": NaN,
        "Restructuring And Mergern Acquisition": NaN,
        "Earnings From Equity Interest": NaN,
        "Gain On Sale Of Security": NaN,
        "Net Non Operating Interest Income Expense": NaN,
        "Interest Expense Non Operating": NaN,
        "Interest Income Non Operating": NaN,
        "Operating Income": NaN,
        "Operating Expense": NaN,
        "Other Operating Expenses": 103800000.0,
        "Depreciation Amortization Depletion Income Statement": NaN,
        "Depreciation And Amortization In Income Statement": NaN,
        "Selling General And Administration": NaN,
        "General And Administrative Expense": NaN,
        "Other Gand A": NaN,
        "Rent And Landing Fees": NaN,
        "Salaries And Wages": NaN,
        "Gross Profit": NaN,
        "Cost Of Revenue": NaN,
        "Total Revenue": NaN,
        "Operating Revenue": NaN
    },
    "2022-12-31": {
        "Tax Effect Of Unusual Items": NaN,
        "Tax Rate For Calcs": NaN,
        "Normalized EBITDA": NaN,
        "Total Unusual Items": NaN,
        "Total Unusual Items Excluding Goodwill": NaN,
        "Net Income From Continuing Operation Net Minority Interest": NaN,
        "Reconciled Depreciation": NaN,
        "Reconciled Cost Of Revenue": NaN,
        "EBITDA": NaN,
        "EBIT": NaN,
        "Net Interest Income": NaN,
        "Interest Expense": NaN,
        "Interest Income": NaN,
        "Normalized Income": NaN,
        "Net Income From Continuing And Discontinued Operation": NaN,
        "Total Expenses": NaN,
        "Rent Expense Supplemental": NaN,
        "Total Operating Income As Reported": NaN,
        "Diluted Average Shares": 121097561.0,
        "Basic Average Shares": 121097561.0,
        "Diluted EPS": -0.82,
        "Basic EPS": -0.82,
        "Diluted NI Availto Com Stockholders": NaN,
        "Average Dilution Earnings": NaN,
        "Net Income Common Stockholders": NaN,
        "Otherunder Preferred Stock Dividend": NaN,
        "Net Income": NaN,
        "Minority Interests": NaN,
        "Net Income Including Noncontrolling Interests": NaN,
        "Net Income Continuous Operations": NaN,
        "Tax Provision": NaN,
        "Pretax Income": NaN,
        "Other Income Expense": NaN,
        "Special Income Charges": NaN,
        "Gain On Sale Of Ppe": NaN,
        "Other Special Charges": NaN,
        "Impairment Of Capital Assets": NaN,
        "Restructuring And Mergern Acquisition": -300000.0,
        "Earnings From Equity Interest": NaN,
        "Gain On Sale Of Security": NaN,
        "Net Non Operating Interest Income Expense": NaN,
        "Interest Expense Non Operating": NaN,
        "Interest Income Non Operating": NaN,
        "Operating Income": NaN,
        "Operating Expense": NaN,
        "Other Operating Expenses": NaN,
        "Depreciation Amortization Depletion Income Statement": NaN,
        "Depreciation And Amortization In Income Statement": NaN,
        "Selling General And Administration": NaN,
        "General And Administrative Expense": NaN,
        "Other Gand A": NaN,
        "Rent And Landing Fees": NaN,
        "Salaries And Wages": NaN,
        "Gross Profit": NaN,
        "Cost Of Revenue": NaN,
        "Total Revenue": NaN,
        "Operating Revenue": NaN
    },
    "2022-09-30": {
        "Tax Effect Of Unusual Items": NaN,
        "Tax Rate For Calcs": NaN,
        "Normalized EBITDA": NaN,
        "Total Unusual Items": NaN,
        "Total Unusual Items Excluding Goodwill": NaN,
        "Net Income From Continuing Operation Net Minority Interest": NaN,
        "Reconciled Depreciation": NaN,
        "Reconciled Cost Of Revenue": NaN,
        "EBITDA": NaN,
        "EBIT": NaN,
        "Net Interest Income": NaN,
        "Interest Expense": NaN,
        "Interest Income": NaN,
        "Normalized Income": NaN,
        "Net Income From Continuing And Discontinued Operation": NaN,
        "Total Expenses": NaN,
        "Rent Expense Supplemental": NaN,
        "Total Operating Income As Reported": NaN,
        "Diluted Average Shares": NaN,
        "Basic Average Shares": NaN,
        "Diluted EPS": NaN,
        "Basic EPS": NaN,
        "Diluted NI Availto Com Stockholders": NaN,
        "Average Dilution Earnings": NaN,
        "Net Income Common Stockholders": NaN,
        "Otherunder Preferred Stock Dividend": NaN,
        "Net Income": NaN,
        "Minority Interests": NaN,
        "Net Income Including Noncontrolling Interests": NaN,
        "Net Income Continuous Operations": NaN,
        "Tax Provision": NaN,
        "Pretax Income": NaN,
        "Other Income Expense": NaN,
        "Special Income Charges": NaN,
        "Gain On Sale Of Ppe": NaN,
        "Other Special Charges": NaN,
        "Impairment Of Capital Assets": NaN,
        "Restructuring And Mergern Acquisition": 0.0,
        "Earnings From Equity Interest": NaN,
        "Gain On Sale Of Security": NaN,
        "Net Non Operating Interest Income Expense": NaN,
        "Interest Expense Non Operating": NaN,
        "Interest Income Non Operating": NaN,
        "Operating Income": NaN,
        "Operating Expense": NaN,
        "Other Operating Expenses": NaN,
        "Depreciation Amortization Depletion Income Statement": NaN,
        "Depreciation And Amortization In Income Statement": NaN,
        "Selling General And Administration": NaN,
        "General And Administrative Expense": NaN,
        "Other Gand A": NaN,
        "Rent And Landing Fees": NaN,
        "Salaries And Wages": NaN,
        "Gross Profit": NaN,
        "Cost Of Revenue": NaN,
        "Total Revenue": NaN,
        "Operating Revenue": NaN
    },
    "2022-06-30": {
        "Tax Effect Of Unusual Items": -37800000.0,
        "Tax Rate For Calcs": 0.4,
        "Normalized EBITDA": 131400000.0,
        "Total Unusual Items": -94500000.0,
        "Total Unusual Items Excluding Goodwill": -94500000.0,
        "Net Income From Continuing Operation Net Minority Interest": -73400000.0,
        "Reconciled Depreciation": 61000000.0,
        "Reconciled Cost Of Revenue": 275100000.0,
        "EBITDA": 36900000.0,
        "EBIT": -24100000.0,
        "Net Interest Income": -40900000.0,
        "Interest Expense": 44000000.0,
        "Interest Income": 3100000.0,
        "Normalized Income": -16700000.0,
        "Net Income From Continuing And Discontinued Operation": -73400000.0,
        "Total Expenses": 671300000.0,
        "Rent Expense Supplemental": 80300000.0,
        "Total Operating Income As Reported": -18600000.0,
        "Diluted Average Shares": 118200000.0,
        "Basic Average Shares": 118200000.0,
        "Diluted EPS": -0.61,
        "Basic EPS": -0.61,
        "Diluted NI Availto Com Stockholders": -72000000.0,
        "Average Dilution Earnings": NaN,
        "Net Income Common Stockholders": -72000000.0,
        "Otherunder Preferred Stock Dividend": -1400000.0,
        "Net Income": -73400000.0,
        "Minority Interests": -600000.0,
        "Net Income Including Noncontrolling Interests": -72800000.0,
        "Net Income Continuous Operations": -72800000.0,
        "Tax Provision": 4700000.0,
        "Pretax Income": -68100000.0,
        "Other Income Expense": -100000000.0,
        "Special Income Charges": -91400000.0,
        "Gain On Sale Of Ppe": 700000.0,
        "Other Special Charges": NaN,
        "Impairment Of Capital Assets": 92300000.0,
        "Restructuring And Mergern Acquisition": -200000.0,
        "Earnings From Equity Interest": -5500000.0,
        "Gain On Sale Of Security": -3100000.0,
        "Net Non Operating Interest Income Expense": -40900000.0,
        "Interest Expense Non Operating": 44000000.0,
        "Interest Income Non Operating": 3100000.0,
        "Operating Income": 72800000.0,
        "Operating Expense": 396200000.0,
        "Other Operating Expenses": NaN,
        "Depreciation Amortization Depletion Income Statement": 61000000.0,
        "Depreciation And Amortization In Income Statement": 61000000.0,
        "Selling General And Administration": 335200000.0,
        "General And Administrative Expense": 335200000.0,
        "Other Gand A": 154700000.0,
        "Rent And Landing Fees": 80300000.0,
        "Salaries And Wages": 100200000.0,
        "Gross Profit": 469000000.0,
        "Cost Of Revenue": 275100000.0,
        "Total Revenue": 744100000.0,
        "Operating Revenue": 667900000.0
    },
    "2022-03-31": {
        "Diluted EPS": -0.62,
        "Total Revenue": 461,
        "Gross Profit": 142,
        "Operating Income": -33,
        "EBIT": 24,
        "Net Income": -74
    },
    "2021-12-31": {
        "Diluted EPS": 0.04,
        "Total Revenue": 667,
        "Gross Profit": 255,
        "Operating Income": 45,
        "EBIT": 104,
        "Net Income": 6
    },
    "2021-09-30": {
        "Diluted EPS": -0.65,
        "Total Revenue": 435,
        "Gross Profit": 139,
        "Operating Income": -43,
        "EBIT": 20,
        "Net Income": -78
    },
    "2021-06-30": {
        "Diluted EPS": -1.19,
        "Total Revenue": 295,
        "Gross Profit": 71,
        "Operating Income": -85,
        "EBIT": -23,
        "Net Income": -142
    },
    "2021-03-31": {
        "Diluted EPS": -1.75,
        "Total Revenue": 114,
        "Gross Profit": -30,
        "Operating Income": -170,
        "EBIT": -106,
        "Net Income": -208
    },
    "2020-12-31": {
        "Diluted EPS": -2.04,
        "Total Revenue": 98,
        "Gross Profit": -48,
        "Operating Income": -287,
        "EBIT": -228,
        "Net Income": -239
    },
    "2020-09-30": {
        "Diluted EPS": -1.25,
        "Total Revenue": 35,
        "Gross Profit": -86,
        "Operating Income": -211,
        "EBIT": -150,
        "Net Income": -148
    },
    "2020-06-30": {
        "Diluted EPS": -1.45,
        "Total Revenue": 9,
        "Gross Profit": -94,
        "Operating Income": -214,
        "EBIT": -154,
        "Net Income": -170
    },
    "2020-03-31": {
        "Diluted EPS": -0.51,
        "Total Revenue": 544,
        "Gross Profit": 169,
        "Operating Income": -43,
        "EBIT": 16,
        "Net Income": -60
    },
    "2019-12-31": {
        "Diluted EPS": 0.22,
        "Total Revenue": 789,
        "Gross Profit": 295,
        "Operating Income": 66,
        "EBIT": 131,
        "Net Income": 26
    },
    "2019-09-30": {
        "Diluted EPS": 0.27,
        "Total Revenue": 822,
        "Gross Profit": 304,
        "Operating Income": 59,
        "EBIT": 123,
        "Net Income": 31
    },
    "2019-06-30": {
        "Diluted EPS": 0.86,
        "Total Revenue": 958,
        "Gross Profit": 388,
        "Operating Income": 156,
        "EBIT": 218,
        "Net Income": 101
    },
    "2019-03-31": {
        "Diluted EPS": 0.28,
        "Total Revenue": 715,
        "Gross Profit": 265,
        "Operating Income": 57,
        "EBIT": 119,
        "Net Income": 33
    },
    "2018-12-31": {
        "Diluted EPS": 0.17,
        "Total Revenue": 798,
        "Gross Profit": 321,
        "Operating Income": 77,
        "EBIT": 141,
        "Net Income": 19
    },
    "2018-09-30": {
        "Diluted EPS": 0.43,
        "Total Revenue": 754,
        "Gross Profit": 288,
        "Operating Income": 83,
        "EBIT": 144,
        "Net Income": 50
    },
    "2018-06-30": {
        "Diluted EPS": 0.7,
        "Total Revenue": 889,
        "Gross Profit": 354,
        "Operating Income": 127,
        "EBIT": 187,
        "Net Income": 82
    },
    "2018-03-31": {
        "Diluted EPS": 0.53,
        "Total Revenue": 780,
        "Gross Profit": 307,
        "Operating Income": 102,
        "EBIT": 164,
        "Net Income": 62
    },
    "2017-12-31": {
        "Diluted EPS": 0.81,
        "Total Revenue": 750,
        "Gross Profit": 304,
        "Operating Income": 89,
        "EBIT": 150,
        "Net Income": 95
    },
    "2017-09-30": {
        "Diluted EPS": 0.33,
        "Total Revenue": 711,
        "Gross Profit": 270,
        "Operating Income": 74,
        "EBIT": 130,
        "Net Income": 38
    },
    "2017-06-30": {
        "Diluted EPS": 0.44,
        "Total Revenue": 751,
        "Gross Profit": 289,
        "Operating Income": 98,
        "EBIT": 155,
        "Net Income": 51
    },
    "2017-03-31": {
        "Diluted EPS": 0.68,
        "Total Revenue": 780,
        "Gross Profit": 312,
        "Operating Income": 131,
        "EBIT": 187,
        "Net Income": 79
    },
    "2016-12-31": {
        "Diluted EPS": 0.67,
        "Total Revenue": 701,
        "Gross Profit": 264,
        "Operating Income": 85,
        "EBIT": 136,
        "Net Income": 76
    },
    "2016-09-30": {
        "Diluted EPS": 0.56,
        "Total Revenue": 769,
        "Gross Profit": 299,
        "Operating Income": 118,
        "EBIT": 170,
        "Net Income": 66
    },
    "2016-06-30": {
        "Diluted EPS": 0.46,
        "Total Revenue": 744,
        "Gross Profit": 285,
        "Operating Income": 106,
        "EBIT": 156,
        "Net Income": 54
    },
    "2016-03-31": {
        "Diluted EPS": 0.5,
        "Total Revenue": 705,
        "Gross Profit": 276,
        "Operating Income": 115,
        "EBIT": 161,
        "Net Income": 59
    },
    "2015-12-31": {
        "Diluted EPS": 0.49,
        "Total Revenue": 707,
        "Gross Profit": 276,
        "Operating Income": 99,
        "EBIT": 145,
        "Net Income": 57
    },
    "2015-09-30": {
        "Diluted EPS": 0.4,
        "Total Revenue": 700,
        "Gross Profit": 262,
        "Operating Income": 99,
        "EBIT": 143,
        "Net Income": 46
    },
    "2015-06-30": {
        "Diluted EPS": 0.61,
        "Total Revenue": 800,
        "Gross Profit": 306,
        "Operating Income": 134,
        "EBIT": 180,
        "Net Income": 70
    },
    "2015-03-31": {
        "Diluted EPS": 0.37,
        "Total Revenue": 645,
        "Gross Profit": 242,
        "Operating Income": 90,
        "EBIT": 135,
        "Net Income": 43
    },
    "2014-12-31": {
        "Diluted EPS": 0.4,
        "Total Revenue": 660,
        "Gross Profit": 257,
        "Operating Income": 96,
        "EBIT": 138,
        "Net Income": 47
    },
    "2014-09-30": {
        "Diluted EPS": 0.33,
        "Total Revenue": 647,
        "Gross Profit": 238,
        "Operating Income": 82,
        "EBIT": 126,
        "Net Income": 38
    },
    "2014-06-30": {
        "Diluted EPS": 0.62,
        "Total Revenue": 718,
        "Gross Profit": 274,
        "Operating Income": 117,
        "EBIT": 159,
        "Net Income": 72
    },
    "2014-03-31": {
        "Diluted EPS": 0.31,
        "Total Revenue": 602,
        "Gross Profit": 217,
        "Operating Income": 68,
        "EBIT": 109,
        "Net Income": 35
    },
    "2013-12-31": {
        "Diluted EPS": 0.13,
        "Total Revenue": 652,
        "Gross Profit": 240,
        "Operating Income": 81,
        "EBIT": 123,
        "Net Income": 15
    },
    "2013-09-30": {
        "Diluted EPS": 0.69,
        "Total Revenue": 758,
        "Gross Profit": 294,
        "Operating Income": 135,
        "EBIT": 176,
        "Net Income": 79
    },
    "2013-06-30": {
        "Diluted EPS": 0.18,
        "Total Revenue": 726,
        "Gross Profit": 279,
        "Operating Income": 134,
        "EBIT": 172,
        "Net Income": 20
    },
    "2013-03-31": {
        "Diluted EPS": 0.28,
        "Total Revenue": 548,
        "Gross Profit": 201,
        "Operating Income": 66,
        "EBIT": 104,
        "Net Income": 33
    },
    "2012-12-31": {
        "Diluted EPS": 0.24,
        "Total Revenue": 612,
        "Gross Profit": 234,
        "Operating Income": 86,
        "EBIT": 123,
        "Net Income": 27
    },
    "2012-09-30": {
        "Diluted EPS": 0.41,
        "Total Revenue": 634,
        "Gross Profit": 239,
        "Operating Income": 94,
        "EBIT": 131,
        "Net Income": 47
    },
    "2012-06-30": {
        "Diluted EPS": 0.45,
        "Total Revenue": 650,
        "Gross Profit": 249,
        "Operating Income": 114,
        "EBIT": 151,
        "Net Income": 51
    },
    "2012-03-31": {
        "Diluted EPS": 0.37,
        "Total Revenue": 579,
        "Gross Profit": 220,
        "Operating Income": 89,
        "EBIT": 127,
        "Net Income": 42
    },
    "2011-12-31": {
        "Diluted EPS": 0.16,
        "Total Revenue": 536,
        "Gross Profit": 194,
        "Operating Income": 61,
        "EBIT": 97,
        "Net Income": 18
    },
    "2011-09-30": {
        "Diluted EPS": 0.41,
        "Total Revenue": 640,
        "Gross Profit": 237,
        "Operating Income": 101,
        "EBIT": 143,
        "Net Income": 46
    },
    "2011-06-30": {
        "Diluted EPS": 0.35,
        "Total Revenue": 621,
        "Gross Profit": 233,
        "Operating Income": 97,
        "EBIT": 138,
        "Net Income": 40
    },
    "2011-03-31": {
        "Diluted EPS": 0.22,
        "Total Revenue": 483,
        "Gross Profit": 168,
        "Operating Income": 49,
        "EBIT": 89,
        "Net Income": 25
    },
    "2010-12-31": {
        "Diluted EPS": 0.34,
        "Total Revenue": 525,
        "Gross Profit": 187,
        "Operating Income": 68,
        "EBIT": 108,
        "Net Income": 37
    },
    "2010-09-30": {
        "Diluted EPS": 0.29,
        "Total Revenue": 560,
        "Gross Profit": 202,
        "Operating Income": 74,
        "EBIT": 110,
        "Net Income": 33
    },
    "2010-06-30": {
        "Diluted EPS": 0.35,
        "Total Revenue": 539,
        "Gross Profit": 202,
        "Operating Income": 80,
        "EBIT": 116,
        "Net Income": 40
    },
    "2010-03-31": {
        "Diluted EPS": 0.31,
        "Total Revenue": 517,
        "Gross Profit": 187,
        "Operating Income": 72,
        "EBIT": 107,
        "Net Income": 35
    },
    "2009-12-31": {
        "Diluted EPS": 0.35,
        "Total Revenue": 536,
        "Gross Profit": 197,
        "Operating Income": 74,
        "EBIT": 112,
        "Net Income": 40
    },
    "2009-09-30": {
        "Diluted EPS": 0.19,
        "Total Revenue": 497,
        "Gross Profit": 174,
        "Operating Income": 56,
        "EBIT": 96,
        "Net Income": 21
    },
    "2009-06-30": {
        "Diluted EPS": 0.17,
        "Total Revenue": 518,
        "Gross Profit": 189,
        "Operating Income": 71,
        "EBIT": 110,
        "Net Income": 19
    },
    "2009-03-31": {
        "Diluted EPS": 0.16,
        "Total Revenue": 426,
        "Gross Profit": 154,
        "Operating Income": 51,
        "EBIT": 97,
        "Net Income": 18
    },
    "2023-06-30": {
        "Tax Effect Of Unusual Items": NaN,
        "Tax Rate For Calcs": NaN,
        "Normalized EBITDA": NaN,
        "Total Unusual Items": NaN,
        "Total Unusual Items Excluding Goodwill": NaN,
        "Net Income From Continuing Operation Net Minority Interest": NaN,
        "Reconciled Depreciation": NaN,
        "Reconciled Cost Of Revenue": NaN,
        "EBITDA": NaN,
        "EBIT": NaN,
        "Net Interest Income": NaN,
        "Interest Expense": NaN,
        "Interest Income": NaN,
        "Normalized Income": NaN,
        "Net Income From Continuing And Discontinued Operation": NaN,
        "Total Expenses": NaN,
        "Rent Expense Supplemental": NaN,
        "Total Operating Income As Reported": NaN,
        "Diluted Average Shares": 151700000.0,
        "Basic Average Shares": 119100000.0,
        "Diluted EPS": 0.8,
        "Basic EPS": 0.98,
        "Diluted NI Availto Com Stockholders": NaN,
        "Average Dilution Earnings": NaN,
        "Net Income Common Stockholders": NaN,
        "Otherunder Preferred Stock Dividend": NaN,
        "Net Income": NaN,
        "Minority Interests": NaN,
        "Net Income Including Noncontrolling Interests": NaN,
        "Net Income Continuous Operations": NaN,
        "Tax Provision": NaN,
        "Pretax Income": NaN,
        "Other Income Expense": NaN,
        "Special Income Charges": NaN,
        "Gain On Sale Of Ppe": NaN,
        "Other Special Charges": 10700000.0,
        "Impairment Of Capital Assets": NaN,
        "Restructuring And Mergern Acquisition": 0.0,
        "Earnings From Equity Interest": NaN,
        "Gain On Sale Of Security": NaN,
        "Net Non Operating Interest Income Expense": NaN,
        "Interest Expense Non Operating": NaN,
        "Interest Income Non Operating": NaN,
        "Operating Income": NaN,
        "Operating Expense": NaN,
        "Other Operating Expenses": 120200000.0,
        "Depreciation Amortization Depletion Income Statement": NaN,
        "Depreciation And Amortization In Income Statement": NaN,
        "Selling General And Administration": NaN,
        "General And Administrative Expense": NaN,
        "Other Gand A": NaN,
        "Rent And Landing Fees": NaN,
        "Salaries And Wages": NaN,
        "Gross Profit": NaN,
        "Cost Of Revenue": NaN,
        "Total Revenue": NaN,
        "Operating Revenue": NaN
    },
    "2023-09-30": {
        "Tax Effect Of Unusual Items": NaN,
        "Tax Rate For Calcs": NaN,
        "Normalized EBITDA": NaN,
        "Total Unusual Items": NaN,
        "Total Unusual Items Excluding Goodwill": NaN,
        "Net Income From Continuing Operation Net Minority Interest": NaN,
        "Reconciled Depreciation": NaN,
        "Reconciled Cost Of Revenue": NaN,
        "EBITDA": NaN,
        "EBIT": NaN,
        "Net Interest Income": NaN,
        "Interest Expense": NaN,
        "Interest Income": NaN,
        "Normalized Income": NaN,
        "Net Income From Continuing And Discontinued Operation": NaN,
        "Total Expenses": NaN,
        "Rent Expense Supplemental": NaN,
        "Total Operating Income As Reported": NaN,
        "Diluted Average Shares": 152000000.0,
        "Basic Average Shares": 119200000.0,
        "Diluted EPS": 0.61,
        "Basic EPS": 0.74,
        "Diluted NI Availto Com Stockholders": NaN,
        "Average Dilution Earnings": NaN,
        "Net Income Common Stockholders": NaN,
        "Otherunder Preferred Stock Dividend": NaN,
        "Net Income": NaN,
        "Minority Interests": NaN,
        "Net Income Including Noncontrolling Interests": NaN,
        "Net Income Continuous Operations": NaN,
        "Tax Provision": NaN,
        "Pretax Income": NaN,
        "Other Income Expense": NaN,
        "Special Income Charges": NaN,
        "Gain On Sale Of Ppe": NaN,
        "Other Special Charges": NaN,
        "Impairment Of Capital Assets": NaN,
        "Restructuring And Mergern Acquisition": 0.0,
        "Earnings From Equity Interest": NaN,
        "Gain On Sale Of Security": NaN,
        "Net Non Operating Interest Income Expense": NaN,
        "Interest Expense Non Operating": NaN,
        "Interest Income Non Operating": NaN,
        "Operating Income": NaN,
        "Operating Expense": NaN,
        "Other Operating Expenses": NaN,
        "Depreciation Amortization Depletion Income Statement": NaN,
        "Depreciation And Amortization In Income Statement": NaN,
        "Selling General And Administration": NaN,
        "General And Administrative Expense": NaN,
        "Other Gand A": NaN,
        "Rent And Landing Fees": NaN,
        "Salaries And Wages": NaN,
        "Gross Profit": NaN,
        "Cost Of Revenue": NaN,
        "Total Revenue": NaN,
        "Operating Revenue": NaN
    },
    "2023-12-31": {
        "Tax Effect Of Unusual Items": NaN,
        "Tax Rate For Calcs": NaN,
        "Normalized EBITDA": NaN,
        "Total Unusual Items": NaN,
        "Total Unusual Items Excluding Goodwill": NaN,
        "Net Income From Continuing Operation Net Minority Interest": NaN,
        "Reconciled Depreciation": NaN,
        "Reconciled Cost Of Revenue": NaN,
        "EBITDA": NaN,
        "EBIT": NaN,
        "Net Interest Income": NaN,
        "Interest Expense": NaN,
        "Interest Income": NaN,
        "Normalized Income": NaN,
        "Net Income From Continuing And Discontinued Operation": NaN,
        "Total Expenses": NaN,
        "Rent Expense Supplemental": NaN,
        "Total Operating Income As Reported": NaN,
        "Diluted Average Shares": NaN,
        "Basic Average Shares": NaN,
        "Diluted EPS": NaN,
        "Basic EPS": NaN,
        "Diluted NI Availto Com Stockholders": NaN,
        "Average Dilution Earnings": NaN,
        "Net Income Common Stockholders": NaN,
        "Otherunder Preferred Stock Dividend": NaN,
        "Net Income": NaN,
        "Minority Interests": NaN,
        "Net Income Including Noncontrolling Interests": NaN,
        "Net Income Continuous Operations": NaN,
        "Tax Provision": NaN,
        "Pretax Income": NaN,
        "Other Income Expense": NaN,
        "Special Income Charges": NaN,
        "Gain On Sale Of Ppe": NaN,
        "Other Special Charges": 0.0,
        "Impairment Of Capital Assets": NaN,
        "Restructuring And Mergern Acquisition": 0.0,
        "Earnings From Equity Interest": NaN,
        "Gain On Sale Of Security": NaN,
        "Net Non Operating Interest Income Expense": NaN,
        "Interest Expense Non Operating": NaN,
        "Interest Income Non Operating": NaN,
        "Operating Income": NaN,
        "Operating Expense": NaN,
        "Other Operating Expenses": NaN,
        "Depreciation Amortization Depletion Income Statement": NaN,
        "Depreciation And Amortization In Income Statement": NaN,
        "Selling General And Administration": NaN,
        "General And Administrative Expense": NaN,
        "Other Gand A": NaN,
        "Rent And Landing Fees": NaN,
        "Salaries And Wages": NaN,
        "Gross Profit": NaN,
        "Cost Of Revenue": NaN,
        "Total Revenue": NaN,
        "Operating Revenue": NaN
    },
    "2024-03-31": {
        "Tax Effect Of Unusual Items": NaN,
        "Tax Rate For Calcs": NaN,
        "Normalized EBITDA": NaN,
        "Total Unusual Items": NaN,
        "Total Unusual Items Excluding Goodwill": NaN,
        "Net Income From Continuing Operation Net Minority Interest": NaN,
        "Reconciled Depreciation": NaN,
        "Reconciled Cost Of Revenue": NaN,
        "EBITDA": NaN,
        "EBIT": NaN,
        "Net Interest Income": NaN,
        "Interest Expense": NaN,
        "Interest Income": NaN,
        "Normalized Income": NaN,
        "Net Income From Continuing And Discontinued Operation": NaN,
        "Total Expenses": NaN,
        "Rent Expense Supplemental": NaN,
        "Total Operating Income As Reported": NaN,
        "Diluted Average Shares": NaN,
        "Basic Average Shares": NaN,
        "Diluted EPS": NaN,
        "Basic EPS": NaN,
        "Diluted NI Availto Com Stockholders": NaN,
        "Average Dilution Earnings": NaN,
        "Net Income Common Stockholders": NaN,
        "Otherunder Preferred Stock Dividend": NaN,
        "Net Income": NaN,
        "Minority Interests": NaN,
        "Net Income Including Noncontrolling Interests": NaN,
        "Net Income Continuous Operations": NaN,
        "Tax Provision": NaN,
        "Pretax Income": NaN,
        "Other Income Expense": NaN,
        "Special Income Charges": NaN,
        "Gain On Sale Of Ppe": NaN,
        "Other Special Charges": NaN,
        "Impairment Of Capital Assets": NaN,
        "Earnings From Equity Interest": NaN,
        "Gain On Sale Of Security": NaN,
        "Net Non Operating Interest Income Expense": NaN,
        "Interest Expense Non Operating": NaN,
        "Interest Income Non Operating": NaN,
        "Operating Income": NaN,
        "Operating Expense": NaN,
        "Other Operating Expenses": 100400000.0,
        "Depreciation Amortization Depletion Income Statement": NaN,
        "Depreciation And Amortization In Income Statement": NaN,
        "Selling General And Administration": NaN,
        "General And Administrative Expense": NaN,
        "Other Gand A": NaN,
        "Rent And Landing Fees": NaN,
        "Salaries And Wages": NaN,
        "Gross Profit": NaN,
        "Cost Of Revenue": NaN,
        "Total Revenue": NaN,
        "Operating Revenue": NaN
    },
    "2024-06-30": {
        "Tax Effect Of Unusual Items": NaN,
        "Tax Rate For Calcs": NaN,
        "Normalized EBITDA": NaN,
        "Total Unusual Items": NaN,
        "Total Unusual Items Excluding Goodwill": NaN,
        "Net Income From Continuing Operation Net Minority Interest": NaN,
        "Reconciled Depreciation": NaN,
        "Reconciled Cost Of Revenue": NaN,
        "EBITDA": NaN,
        "EBIT": NaN,
        "Net Interest Income": NaN,
        "Interest Expense": NaN,
        "Interest Income": NaN,
        "Normalized Income": NaN,
        "Net Income From Continuing And Discontinued Operation": NaN,
        "Total Expenses": NaN,
        "Rent Expense Supplemental": NaN,
        "Total Operating Income As Reported": NaN,
        "Diluted Average Shares": NaN,
        "Basic Average Shares": NaN,
        "Diluted EPS": NaN,
        "Basic EPS": NaN,
        "Diluted NI Availto Com Stockholders": NaN,
        "Average Dilution Earnings": NaN,
        "Net Income Common Stockholders": NaN,
        "Otherunder Preferred Stock Dividend": NaN,
        "Net Income": NaN,
        "Minority Interests": NaN,
        "Net Income Including Noncontrolling Interests": NaN,
        "Net Income Continuous Operations": NaN,
        "Tax Provision": NaN,
        "Pretax Income": NaN,
        "Other Income Expense": NaN,
        "Special Income Charges": NaN,
        "Gain On Sale Of Ppe": NaN,
        "Other Special Charges": 2500000.0,
        "Impairment Of Capital Assets": 0.0,
        "Earnings From Equity Interest": NaN,
        "Gain On Sale Of Security": NaN,
        "Net Non Operating Interest Income Expense": NaN,
        "Interest Expense Non Operating": NaN,
        "Interest Income Non Operating": NaN,
        "Operating Income": NaN,
        "Operating Expense": NaN,
        "Other Operating Expenses": 104700000.0,
        "Depreciation Amortization Depletion Income Statement": NaN,
        "Depreciation And Amortization In Income Statement": NaN,
        "Selling General And Administration": NaN,
        "General And Administrative Expense": NaN,
        "Other Gand A": NaN,
        "Rent And Landing Fees": NaN,
        "Salaries And Wages": NaN,
        "Gross Profit": NaN,
        "Cost Of Revenue": NaN,
        "Total Revenue": NaN,
        "Operating Revenue": NaN
    },
    "2024-09-30": {
        "Tax Effect Of Unusual Items": 1197000.0,
        "Tax Rate For Calcs": 0.21,
        "Normalized EBITDA": 231700000.0,
        "Total Unusual Items": 5700000.0,
        "Total Unusual Items Excluding Goodwill": 5700000.0,
        "Net Income From Continuing Operation Net Minority Interest": 187800000.0,
        "Reconciled Depreciation": 49100000.0,
        "Reconciled Cost Of Revenue": 330100000.0,
        "EBITDA": 237400000.0,
        "EBIT": 188300000.0,
        "Net Interest Income": -27900000.0,
        "Interest Expense": 42100000.0,
        "Interest Income": 14200000.0,
        "Normalized Income": 183297000.0,
        "Net Income From Continuing And Discontinued Operation": 187800000.0,
        "Total Expenses": 758400000.0,
        "Rent Expense Supplemental": 85900000.0,
        "Total Operating Income As Reported": 163500000.0,
        "Diluted Average Shares": 158200000.0,
        "Basic Average Shares": 120000000.0,
        "Diluted EPS": 1.19,
        "Basic EPS": 1.54,
        "Diluted NI Availto Com Stockholders": 188100000.0,
        "Average Dilution Earnings": 3900000.0,
        "Net Income Common Stockholders": 184200000.0,
        "Otherunder Preferred Stock Dividend": 3600000.0,
        "Net Income": 187800000.0,
        "Minority Interests": -1100000.0,
        "Net Income Including Noncontrolling Interests": 188900000.0,
        "Net Income Continuous Operations": 188900000.0,
        "Tax Provision": -42700000.0,
        "Pretax Income": 146200000.0,
        "Other Income Expense": 10700000.0,
        "Special Income Charges": -2900000.0,
        "Gain On Sale Of Ppe": 100000.0,
        "Other Special Charges": 3000000.0,
        "Impairment Of Capital Assets": 0.0,
        "Earnings From Equity Interest": 5000000.0,
        "Gain On Sale Of Security": 8600000.0,
        "Net Non Operating Interest Income Expense": -27900000.0,
        "Interest Expense Non Operating": 42100000.0,
        "Interest Income Non Operating": 14200000.0,
        "Operating Income": 163400000.0,
        "Operating Expense": 428300000.0,
        "Other Operating Expenses": NaN,
        "Depreciation Amortization Depletion Income Statement": 49100000.0,
        "Depreciation And Amortization In Income Statement": 49100000.0,
        "Selling General And Administration": 379200000.0,
        "General And Administrative Expense": 379200000.0,
        "Other Gand A": 183400000.0,
        "Rent And Landing Fees": 85900000.0,
        "Salaries And Wages": 109900000.0,
        "Gross Profit": 591700000.0,
        "Cost Of Revenue": 330100000.0,
        "Total Revenue": 921800000.0,
        "Operating Revenue": 827700000.0
    },
    "2024-12-31": {
        "Tax Effect Of Unusual Items": -1079304.897314,
        "Tax Rate For Calcs": 0.176935,
        "Normalized EBITDA": 159100000.0,
        "Total Unusual Items": -6100000.0,
        "Total Unusual Items Excluding Goodwill": -6100000.0,
        "Net Income From Continuing Operation Net Minority Interest": 51300000.0,
        "Reconciled Depreciation": 49200000.0,
        "Reconciled Cost Of Revenue": 296000000.0,
        "EBITDA": 153000000.0,
        "EBIT": 103800000.0,
        "Net Interest Income": -27600000.0,
        "Interest Expense": 40500000.0,
        "Interest Income": 12900000.0,
        "Normalized Income": 56320695.102686,
        "Net Income From Continuing And Discontinued Operation": 51300000.0,
        "Total Expenses": 717900000.0,
        "Rent Expense Supplemental": 80600000.0,
        "Total Operating Income As Reported": 95300000.0,
        "Diluted Average Shares": 163600000.0,
        "Basic Average Shares": 120000000.0,
        "Diluted EPS": 0.33,
        "Basic EPS": 0.42,
        "Diluted NI Availto Com Stockholders": 53100000.0,
        "Average Dilution Earnings": 2300000.0,
        "Net Income Common Stockholders": 50800000.0,
        "Otherunder Preferred Stock Dividend": 500000.0,
        "Net Income": 51300000.0,
        "Minority Interests": -800000.0,
        "Net Income Including Noncontrolling Interests": 52100000.0,
        "Net Income Continuous Operations": 52100000.0,
        "Tax Provision": 11200000.0,
        "Pretax Income": 63300000.0,
        "Other Income Expense": -5500000.0,
        "Special Income Charges": -2500000.0,
        "Gain On Sale Of Ppe": 400000.0,
        "Other Special Charges": 1400000.0,
        "Impairment Of Capital Assets": 1500000.0,
        "Earnings From Equity Interest": 600000.0,
        "Gain On Sale Of Security": -3600000.0,
        "Net Non Operating Interest Income Expense": -27600000.0,
        "Interest Expense Non Operating": 40500000.0,
        "Interest Income Non Operating": 12900000.0,
        "Operating Income": 96400000.0,
        "Operating Expense": 421900000.0,
        "Other Operating Expenses": NaN,
        "Depreciation Amortization Depletion Income Statement": 49200000.0,
        "Depreciation And Amortization In Income Statement": 49200000.0,
        "Selling General And Administration": -86700000.0,
        "General And Administrative Expense": -86700000.0,
        "Other Gand A": -275000000.0,
        "Rent And Landing Fees": 80600000.0,
        "Salaries And Wages": 107700000.0,
        "Gross Profit": 518300000.0,
        "Cost Of Revenue": 296000000.0,
        "Total Revenue": 814300000.0,
        "Operating Revenue": 719900000.0
    },
    "2025-03-31": {
        "Tax Effect Of Unusual Items": 275797.373358,
        "Tax Rate For Calcs": 0.275797,
        "Normalized EBITDA": 39100000.0,
        "Total Unusual Items": 1000000.0,
        "Total Unusual Items Excluding Goodwill": 1000000.0,
        "Net Income From Continuing Operation Net Minority Interest": -38900000.0,
        "Reconciled Depreciation": 49500000.0,
        "Reconciled Cost Of Revenue": 185700000.0,
        "EBITDA": 40100000.0,
        "EBIT": -9400000.0,
        "Net Interest Income": -31900000.0,
        "Interest Expense": 43900000.0,
        "Interest Income": 12000000.0,
        "Normalized Income": -39624202.626642,
        "Net Income From Continuing And Discontinued Operation": -38900000.0,
        "Total Expenses": 564000000.0,
        "Rent Expense Supplemental": 78300000.0,
        "Total Operating Income As Reported": -19200000.0,
        "Diluted Average Shares": 119400000.0,
        "Basic Average Shares": 119400000.0,
        "Diluted EPS": -0.32,
        "Basic EPS": -0.32,
        "Diluted NI Availto Com Stockholders": -38500000.0,
        "Average Dilution Earnings": 0.0,
        "Net Income Common Stockholders": -38500000.0,
        "Otherunder Preferred Stock Dividend": -400000.0,
        "Net Income": -38900000.0,
        "Minority Interests": -300000.0,
        "Net Income Including Noncontrolling Interests": -38600000.0,
        "Net Income Continuous Operations": -38600000.0,
        "Tax Provision": -14700000.0,
        "Pretax Income": -53300000.0,
        "Other Income Expense": 1900000.0,
        "Special Income Charges": 4100000.0,
        "Gain On Sale Of Ppe": 4100000.0,
        "Other Special Charges": NaN,
        "Impairment Of Capital Assets": NaN,
        "Earnings From Equity Interest": 900000.0,
        "Gain On Sale Of Security": -3100000.0,
        "Net Non Operating Interest Income Expense": -31900000.0,
        "Interest Expense Non Operating": 43900000.0,
        "Interest Income Non Operating": 12000000.0,
        "Operating Income": -23300000.0,
        "Operating Expense": 378300000.0,
        "Other Operating Expenses": 105700000.0,
        "Depreciation Amortization Depletion Income Statement": 49500000.0,
        "Depreciation And Amortization In Income Statement": 49500000.0,
        "Selling General And Administration": 223100000.0,
        "General And Administrative Expense": 223100000.0,
        "Other Gand A": 54500000.0,
        "Rent And Landing Fees": 78300000.0,
        "Salaries And Wages": 90300000.0,
        "Gross Profit": 355000000.0,
        "Cost Of Revenue": 185700000.0,
        "Total Revenue": 540700000.0,
        "Operating Revenue": 474500000.0
    },
    "2025-06-30": {
        "Tax Effect Of Unusual Items": -2911807.580175,
        "Tax Rate For Calcs": 0.309767,
        "Normalized EBITDA": 240700000.0,
        "Total Unusual Items": -9400000.0,
        "Total Unusual Items Excluding Goodwill": -9400000.0,
        "Net Income From Continuing Operation Net Minority Interest": 93500000.0,
        "Reconciled Depreciation": 49400000.0,
        "Reconciled Cost Of Revenue": 343900000.0,
        "EBITDA": 231300000.0,
        "EBIT": 181900000.0,
        "Net Interest Income": -33500000.0,
        "Interest Expense": 44700000.0,
        "Interest Income": 11200000.0,
        "Normalized Income": 99988192.419825,
        "Net Income From Continuing And Discontinued Operation": 93500000.0,
        "Total Expenses": 764400000.0,
        "Rent Expense Supplemental": 82900000.0,
        "Total Operating Income As Reported": 173500000.0,
        "Diluted Average Shares": 149100000.0,
        "Basic Average Shares": 113500000.0,
        "Diluted EPS": 0.63,
        "Basic EPS": 0.81,
        "Diluted NI Availto Com Stockholders": 94100000.0,
        "Average Dilution Earnings": 1800000.0,
        "Net Income Common Stockholders": 92300000.0,
        "Otherunder Preferred Stock Dividend": 1200000.0,
        "Net Income": 93500000.0,
        "Minority Interests": -1200000.0,
        "Net Income Including Noncontrolling Interests": 94700000.0,
        "Net Income Continuous Operations": 94700000.0,
        "Tax Provision": 42500000.0,
        "Pretax Income": 137200000.0,
        "Other Income Expense": -5400000.0,
        "Special Income Charges": -4100000.0,
        "Gain On Sale Of Ppe": -1000000.0,
        "Other Special Charges": 1500000.0,
        "Impairment Of Capital Assets": 1600000.0,
        "Earnings From Equity Interest": 4000000.0,
        "Gain On Sale Of Security": -5300000.0,
        "Net Non Operating Interest Income Expense": -33500000.0,
        "Interest Expense Non Operating": 44700000.0,
        "Interest Income Non Operating": 11200000.0,
        "Operating Income": 176100000.0,
        "Operating Expense": 420500000.0,
        "Other Operating Expenses": 124700000.0,
        "Depreciation Amortization Depletion Income Statement": 49400000.0,
        "Depreciation And Amortization In Income Statement": 49400000.0,
        "Selling General And Administration": 246400000.0,
        "General And Administrative Expense": 246400000.0,
        "Other Gand A": 54100000.0,
        "Rent And Landing Fees": 82900000.0,
        "Salaries And Wages": 109400000.0,
        "Gross Profit": 596600000.0,
        "Cost Of Revenue": 343900000.0,
        "Total Revenue": 940500000.0,
        "Operating Revenue": 844800000.0
    },
    "2025-09-30": {
        "Tax Effect Of Unusual Items": -13608000.0,
        "Tax Rate For Calcs": 0.21,
        "Normalized EBITDA": 180800000.0,
        "Total Unusual Items": -64800000.0,
        "Total Unusual Items Excluding Goodwill": -64800000.0,
        "Net Income From Continuing Operation Net Minority Interest": 49500000.0,
        "Reconciled Depreciation": 50900000.0,
        "Reconciled Cost Of Revenue": 311100000.0,
        "EBITDA": 116000000.0,
        "EBIT": 65100000.0,
        "Net Interest Income": -27400000.0,
        "Interest Expense": 37500000.0,
        "Interest Income": 10100000.0,
        "Normalized Income": 100692000.0,
        "Net Income From Continuing And Discontinued Operation": 49500000.0,
        "Total Expenses": 739500000.0,
        "Rent Expense Supplemental": 81900000.0,
        "Total Operating Income As Reported": 114400000.0,
        "Diluted Average Shares": 123800000.0,
        "Basic Average Shares": 113800000.0,
        "Diluted EPS": 0.4,
        "Basic EPS": 0.43,
        "Diluted NI Availto Com Stockholders": 48900000.0,
        "Average Dilution Earnings": 0.0,
        "Net Income Common Stockholders": 48900000.0,
        "Otherunder Preferred Stock Dividend": 600000.0,
        "Net Income": 49500000.0,
        "Minority Interests": -1000000.0,
        "Net Income Including Noncontrolling Interests": 50500000.0,
        "Net Income Continuous Operations": 50500000.0,
        "Tax Provision": -22900000.0,
        "Pretax Income": 27600000.0,
        "Other Income Expense": -63000000.0,
        "Special Income Charges": -3600000.0,
        "Gain On Sale Of Ppe": -3000000.0,
        "Other Special Charges": NaN,
        "Impairment Of Capital Assets": 600000.0,
        "Earnings From Equity Interest": 1800000.0,
        "Gain On Sale Of Security": -61200000.0,
        "Net Non Operating Interest Income Expense": -27400000.0,
        "Interest Expense Non Operating": 37500000.0,
        "Interest Income Non Operating": 10100000.0,
        "Operating Income": 118000000.0,
        "Operating Expense": 428400000.0,
        "Other Operating Expenses": 127400000.0,
        "Depreciation Amortization Depletion Income Statement": 50900000.0,
        "Depreciation And Amortization In Income Statement": 50900000.0,
        "Selling General And Administration": 250100000.0,
        "General And Administrative Expense": 250100000.0,
        "Other Gand A": 61900000.0,
        "Rent And Landing Fees": 81900000.0,
        "Salaries And Wages": 106300000.0,
        "Gross Profit": 546400000.0,
        "Cost Of Revenue": 311100000.0,
        "Total Revenue": 857500000.0,
        "Operating Revenue": 766400000.0
    }
}