{
    "2023-03-31": {
        "Tax Effect Of Unusual Items": 0.0,
        "Tax Rate For Calcs": 0.094,
        "Normalized EBITDA": 42200000.0,
        "Net Income From Continuing Operation Net Minority Interest": -4100000.0,
        "Reconciled Depreciation": 10000000.0,
        "Reconciled Cost Of Revenue": 142300000.0,
        "EBITDA": 42200000.0,
        "EBIT": 32200000.0,
        "Net Interest Income": -1600000.0,
        "Interest Expense": 4400000.0,
        "Interest Income": 2800000.0,
        "Normalized Income": -4100000.0,
        "Net Income From Continuing And Discontinued Operation": -4100000.0,
        "Total Expenses": 177000000.0,
        "Total Operating Income As Reported": -22700000.0,
        "Diluted Average Shares": 76100000.0,
        "Basic Average Shares": 76100000.0,
        "Diluted EPS": -0.05,
        "Basic EPS": -0.05,
        "Diluted NI Availto Com Stockholders": -4100000.0,
        "Net Income Common Stockholders": -4100000.0,
        "Net Income": -4100000.0,
        "Minority Interests": 2800000.0,
        "Net Income Including Noncontrolling Interests": -6900000.0,
        "Net Income Continuous Operations": -6900000.0,
        "Earnings From Equity Interest Net Of Tax": -32100000.0,
        "Tax Provision": 2600000.0,
        "Pretax Income": 27800000.0,
        "Other Income Expense": 52100000.0,
        "Other Non Operating Income Expenses": 52100000.0,
        "Net Non Operating Interest Income Expense": -1600000.0,
        "Interest Expense Non Operating": 4400000.0,
        "Interest Income Non Operating": 2800000.0,
        "Operating Income": -22700000.0,
        "Operating Expense": 29800000.0,
        "Other Operating Expenses": 24700000.0,
        "Depreciation Amortization Depletion Income Statement": 5100000.0,
        "Depreciation And Amortization In Income Statement": 5100000.0,
        "Gross Profit": 7100000.0,
        "Cost Of Revenue": 147200000.0,
        "Total Revenue": 154300000.0,
        "Operating Revenue": 148500000.0
    },
    "2022-12-31": {
        "Tax Effect Of Unusual Items": 0.0,
        "Tax Rate For Calcs": 0.266749,
        "Normalized EBITDA": 95900000.0,
        "Net Income From Continuing Operation Net Minority Interest": 27500000.0,
        "Reconciled Depreciation": 11600000.0,
        "Reconciled Cost Of Revenue": 140500000.0,
        "EBITDA": 95900000.0,
        "EBIT": 84300000.0,
        "Net Interest Income": -1300000.0,
        "Interest Expense": 3700000.0,
        "Interest Income": 2400000.0,
        "Normalized Income": 27500000.0,
        "Net Income From Continuing And Discontinued Operation": 27500000.0,
        "Total Expenses": 176400000.0,
        "Total Operating Income As Reported": -20700000.0,
        "Diluted Average Shares": 77500000.0,
        "Basic Average Shares": 77500000.0,
        "Diluted EPS": 0.35,
        "Basic EPS": 0.35,
        "Diluted NI Availto Com Stockholders": 27500000.0,
        "Net Income Common Stockholders": 27500000.0,
        "Net Income": 27500000.0,
        "Minority Interests": -1700000.0,
        "Net Income Including Noncontrolling Interests": 29200000.0,
        "Net Income Continuous Operations": 29200000.0,
        "Earnings From Equity Interest Net Of Tax": -29900000.0,
        "Tax Provision": 21500000.0,
        "Pretax Income": 80600000.0,
        "Other Income Expense": 102600000.0,
        "Other Non Operating Income Expenses": 102600000.0,
        "Net Non Operating Interest Income Expense": -1300000.0,
        "Interest Expense Non Operating": 3700000.0,
        "Interest Income Non Operating": 2400000.0,
        "Operating Income": -20700000.0,
        "Operating Expense": 29400000.0,
        "Other Operating Expenses": 24300000.0,
        "Depreciation Amortization Depletion Income Statement": 5100000.0,
        "Depreciation And Amortization In Income Statement": 5100000.0,
        "Gross Profit": 8700000.0,
        "Cost Of Revenue": 147000000.0,
        "Total Revenue": 155700000.0,
        "Operating Revenue": 147200000.0
    },
    "2022-09-30": {
        "Tax Effect Of Unusual Items": 0.0,
        "Tax Rate For Calcs": 0.113,
        "Normalized EBITDA": 164400000.0,
        "Net Income From Continuing Operation Net Minority Interest": 55300000.0,
        "Reconciled Depreciation": 10700000.0,
        "Reconciled Cost Of Revenue": 148500000.0,
        "EBITDA": 164400000.0,
        "EBIT": 153700000.0,
        "Net Interest Income": -3600000.0,
        "Interest Expense": 3600000.0,
        "Interest Income": 0.0,
        "Normalized Income": 55300000.0,
        "Net Income From Continuing And Discontinued Operation": 55300000.0,
        "Total Expenses": 185800000.0,
        "Total Operating Income As Reported": -21300000.0,
        "Diluted Average Shares": 79600000.0,
        "Basic Average Shares": 79600000.0,
        "Diluted EPS": 0.69,
        "Basic EPS": 0.69,
        "Diluted NI Availto Com Stockholders": 55300000.0,
        "Net Income Common Stockholders": 55300000.0,
        "Net Income": 55300000.0,
        "Minority Interests": 100000.0,
        "Net Income Including Noncontrolling Interests": 55200000.0,
        "Net Income Continuous Operations": 55200000.0,
        "Earnings From Equity Interest Net Of Tax": -77900000.0,
        "Tax Provision": 17000000.0,
        "Pretax Income": 150100000.0,
        "Other Income Expense": 175000000.0,
        "Other Non Operating Income Expenses": 175000000.0,
        "Net Non Operating Interest Income Expense": -3600000.0,
        "Interest Expense Non Operating": 3600000.0,
        "Interest Income Non Operating": 0.0,
        "Operating Income": -21300000.0,
        "Operating Expense": 32300000.0,
        "Other Operating Expenses": 26600000.0,
        "Depreciation Amortization Depletion Income Statement": 5700000.0,
        "Depreciation And Amortization In Income Statement": 5700000.0,
        "Gross Profit": 11000000.0,
        "Cost Of Revenue": 153500000.0,
        "Total Revenue": 164500000.0,
        "Operating Revenue": 154600000.0
    },
    "2022-06-30": {
        "Tax Effect Of Unusual Items": 0.0,
        "Tax Rate For Calcs": 0.298,
        "Normalized EBITDA": -209200000.0,
        "Net Income From Continuing Operation Net Minority Interest": -263300000.0,
        "Reconciled Depreciation": 11300000.0,
        "Reconciled Cost Of Revenue": 158800000.0,
        "EBITDA": -209200000.0,
        "EBIT": -220500000.0,
        "Net Interest Income": -2500000.0,
        "Interest Expense": 2600000.0,
        "Interest Income": 100000.0,
        "Normalized Income": -263300000.0,
        "Net Income From Continuing And Discontinued Operation": -263300000.0,
        "Total Expenses": 201500000.0,
        "Total Operating Income As Reported": -27000000.0,
        "Diluted Average Shares": 83500000.0,
        "Basic Average Shares": 83500000.0,
        "Diluted EPS": -3.15,
        "Basic EPS": -3.15,
        "Diluted NI Availto Com Stockholders": -263300000.0,
        "Net Income Common Stockholders": -263300000.0,
        "Net Income": -263300000.0,
        "Minority Interests": 1300000.0,
        "Net Income Including Noncontrolling Interests": -264600000.0,
        "Net Income Continuous Operations": -264600000.0,
        "Earnings From Equity Interest Net Of Tax": -108000000.0,
        "Tax Provision": -66500000.0,
        "Pretax Income": -223100000.0,
        "Other Income Expense": -193600000.0,
        "Other Non Operating Income Expenses": -193600000.0,
        "Net Non Operating Interest Income Expense": -2500000.0,
        "Interest Expense Non Operating": 2600000.0,
        "Interest Income Non Operating": 100000.0,
        "Operating Income": -27000000.0,
        "Operating Expense": 37600000.0,
        "Other Operating Expenses": 31400000.0,
        "Depreciation Amortization Depletion Income Statement": 6200000.0,
        "Depreciation And Amortization In Income Statement": 6200000.0,
        "Gross Profit": 10600000.0,
        "Cost Of Revenue": 163900000.0,
        "Total Revenue": 174500000.0,
        "Operating Revenue": 166700000.0
    },
    "2022-03-31": {
        "Diluted EPS": -2.88,
        "Total Revenue": 167,
        "Gross Profit": 22,
        "Operating Income": -76,
        "EBIT": -65,
        "Net Income": -248
    },
    "2021-12-31": {
        "Diluted EPS": -1.22,
        "Total Revenue": 182,
        "Gross Profit": 27,
        "Operating Income": -37,
        "EBIT": -24,
        "Net Income": -109
    },
    "2021-09-30": {
        "Diluted EPS": -1.36,
        "Total Revenue": 186,
        "Gross Profit": 31,
        "Operating Income": -25,
        "EBIT": -13,
        "Net Income": -121
    },
    "2021-06-30": {
        "Diluted EPS": 1.94,
        "Total Revenue": 202,
        "Gross Profit": 42,
        "Operating Income": -36,
        "EBIT": -25,
        "Net Income": 176
    },
    "2021-03-31": {
        "Diluted EPS": -2.55,
        "Total Revenue": 172,
        "Gross Profit": 24,
        "Operating Income": -36,
        "EBIT": -22,
        "Net Income": -233
    },
    "2020-12-31": {
        "Diluted EPS": 5.31,
        "Total Revenue": 170,
        "Gross Profit": 22,
        "Operating Income": -61,
        "EBIT": -45,
        "Net Income": 531
    },
    "2020-09-30": {
        "Diluted EPS": 1.44,
        "Total Revenue": 140,
        "Gross Profit": 18,
        "Operating Income": -28,
        "EBIT": -16,
        "Net Income": 132
    },
    "2020-06-30": {
        "Diluted EPS": 5.87,
        "Total Revenue": 103,
        "Gross Profit": 2,
        "Operating Income": -46,
        "EBIT": -33,
        "Net Income": 475
    },
    "2020-03-31": {
        "Diluted EPS": 8.17,
        "Total Revenue": 173,
        "Gross Profit": 20,
        "Operating Income": -53,
        "EBIT": -39,
        "Net Income": 648
    },
    "2019-12-31": {
        "Diluted EPS": 0.34,
        "Total Revenue": 279,
        "Gross Profit": 44,
        "Operating Income": -64,
        "EBIT": -38,
        "Net Income": 25
    },
    "2019-09-30": {
        "Diluted EPS": 0.64,
        "Total Revenue": 257,
        "Gross Profit": 37,
        "Operating Income": -22,
        "EBIT": 0,
        "Net Income": 46
    },
    "2019-06-30": {
        "Diluted EPS": 0.33,
        "Total Revenue": 272,
        "Gross Profit": 41,
        "Operating Income": -21,
        "EBIT": 0,
        "Net Income": 23
    },
    "2019-03-31": {
        "Diluted EPS": -0.24,
        "Total Revenue": 262,
        "Gross Profit": 35,
        "Operating Income": -11,
        "EBIT": 13,
        "Net Income": -17
    },
    "2018-12-31": {
        "Diluted EPS": 0.67,
        "Total Revenue": 259,
        "Gross Profit": -7,
        "Operating Income": -44,
        "EBIT": -28,
        "Net Income": 47
    },
    "2018-09-30": {
        "Diluted EPS": 0.02,
        "Total Revenue": 294,
        "Gross Profit": 49,
        "Operating Income": -25,
        "EBIT": -9,
        "Net Income": 2
    },
    "2018-06-30": {
        "Diluted EPS": -0.28,
        "Total Revenue": 302,
        "Gross Profit": 62,
        "Operating Income": -68,
        "EBIT": -53,
        "Net Income": -20
    },
    "2018-03-31": {
        "Diluted EPS": -0.02,
        "Total Revenue": 292,
        "Gross Profit": 52,
        "Operating Income": -8,
        "EBIT": 6,
        "Net Income": -1
    },
    "2017-12-31": {
        "Diluted EPS": -0.07,
        "Total Revenue": 317,
        "Gross Profit": 54,
        "Operating Income": -2,
        "EBIT": 12,
        "Net Income": -5
    },
    "2017-09-30": {
        "Diluted EPS": -0.24,
        "Total Revenue": 281,
        "Gross Profit": 38,
        "Operating Income": -21,
        "EBIT": -9,
        "Net Income": -17
    },
    "2017-06-30": {
        "Diluted EPS": 1.79,
        "Total Revenue": 296,
        "Gross Profit": 47,
        "Operating Income": -35,
        "EBIT": -20,
        "Net Income": 126
    },
    "2017-03-31": {
        "Diluted EPS": 0.01,
        "Total Revenue": 275,
        "Gross Profit": 39,
        "Operating Income": -6,
        "EBIT": 10,
        "Net Income": 1
    },
    "2016-12-31": {
        "Diluted EPS": -0.12,
        "Total Revenue": 339,
        "Gross Profit": -645,
        "Operating Income": NaN,
        "EBIT": NaN,
        "Net Income": -8
    },
    "2016-09-30": {
        "Diluted EPS": -0.11,
        "Total Revenue": 319,
        "Gross Profit": 319,
        "Operating Income": NaN,
        "EBIT": NaN,
        "Net Income": -7
    },
    "2016-06-30": {
        "Diluted EPS": 0.14,
        "Total Revenue": 348,
        "Gross Profit": 348,
        "Operating Income": NaN,
        "EBIT": NaN,
        "Net Income": 10
    },
    "2016-03-31": {
        "Diluted EPS": 0.01,
        "Total Revenue": 329,
        "Gross Profit": 329,
        "Operating Income": NaN,
        "EBIT": NaN,
        "Net Income": 1
    },
    "2015-12-31": {
        "Diluted EPS": 3.14,
        "Total Revenue": 398,
        "Gross Profit": -797,
        "Operating Income": NaN,
        "EBIT": NaN,
        "Net Income": 292
    },
    "2015-09-30": {
        "Diluted EPS": -0.24,
        "Total Revenue": 369,
        "Gross Profit": 369,
        "Operating Income": NaN,
        "EBIT": NaN,
        "Net Income": -18
    },
    "2015-06-30": {
        "Diluted EPS": 0.12,
        "Total Revenue": 400,
        "Gross Profit": 400,
        "Operating Income": NaN,
        "EBIT": NaN,
        "Net Income": 10
    },
    "2015-03-31": {
        "Diluted EPS": 0.0,
        "Total Revenue": 478,
        "Gross Profit": 478,
        "Operating Income": NaN,
        "EBIT": NaN,
        "Net Income": 86
    },
    "2014-12-31": {
        "Diluted EPS": 3.14,
        "Total Revenue": 398,
        "Gross Profit": 398,
        "Operating Income": NaN,
        "EBIT": NaN,
        "Net Income": 292
    },
    "2014-09-30": {
        "Diluted EPS": -0.13,
        "Total Revenue": 657,
        "Gross Profit": 657,
        "Operating Income": NaN,
        "EBIT": NaN,
        "Net Income": -12
    },
    "2014-06-30": {
        "Diluted EPS": 0.0,
        "Total Revenue": NaN,
        "Gross Profit": NaN,
        "Operating Income": 247,
        "EBIT": 350,
        "Net Income": 112
    },
    "2014-03-31": {
        "Diluted EPS": 0.0,
        "Total Revenue": NaN,
        "Gross Profit": NaN,
        "Operating Income": -5,
        "EBIT": 127,
        "Net Income": -22
    },
    "2013-12-31": {
        "Diluted EPS": 0.0,
        "Total Revenue": 946,
        "Gross Profit": 946,
        "Operating Income": 166,
        "EBIT": 216,
        "Net Income": 72
    },
    "2013-09-30": {
        "Diluted EPS": 0.0,
        "Total Revenue": NaN,
        "Gross Profit": NaN,
        "Operating Income": 266,
        "EBIT": 321,
        "Net Income": 94
    },
    "2013-06-30": {
        "Diluted EPS": 0.0,
        "Total Revenue": NaN,
        "Gross Profit": NaN,
        "Operating Income": 323,
        "EBIT": 375,
        "Net Income": 138
    },
    "2013-03-31": {
        "Diluted EPS": 0.0,
        "Total Revenue": NaN,
        "Gross Profit": NaN,
        "Operating Income": 225,
        "EBIT": 277,
        "Net Income": 90
    },
    "2012-12-31": {
        "Diluted EPS": 0.0,
        "Total Revenue": NaN,
        "Gross Profit": NaN,
        "Operating Income": 214,
        "EBIT": 268,
        "Net Income": 152
    },
    "2012-09-30": {
        "Diluted EPS": 0.0,
        "Total Revenue": NaN,
        "Gross Profit": NaN,
        "Operating Income": 389,
        "EBIT": 424,
        "Net Income": 234
    },
    "2012-06-30": {
        "Diluted EPS": 0.0,
        "Total Revenue": NaN,
        "Gross Profit": NaN,
        "Operating Income": 312,
        "EBIT": 338,
        "Net Income": 147
    },
    "2012-03-31": {
        "Diluted EPS": 0.0,
        "Total Revenue": NaN,
        "Gross Profit": NaN,
        "Operating Income": 174,
        "EBIT": 191,
        "Net Income": 74
    },
    "2011-12-31": {
        "Diluted EPS": 0.0,
        "Total Revenue": NaN,
        "Gross Profit": NaN,
        "Operating Income": 181,
        "EBIT": 199,
        "Net Income": 172
    },
    "2011-09-30": {
        "Diluted EPS": 0.0,
        "Total Revenue": NaN,
        "Gross Profit": NaN,
        "Operating Income": 180,
        "EBIT": 199,
        "Net Income": 74
    },
    "2011-06-30": {
        "Diluted EPS": 0.0,
        "Total Revenue": NaN,
        "Gross Profit": NaN,
        "Operating Income": 180,
        "EBIT": 200,
        "Net Income": 80
    },
    "2011-03-31": {
        "Diluted EPS": 0.0,
        "Total Revenue": NaN,
        "Gross Profit": NaN,
        "Operating Income": 142,
        "EBIT": 163,
        "Net Income": 43
    },
    "2010-12-31": {
        "Diluted EPS": 0.0,
        "Total Revenue": NaN,
        "Gross Profit": NaN,
        "Operating Income": 154,
        "EBIT": 177,
        "Net Income": 131
    },
    "2010-09-30": {
        "Diluted EPS": 0.0,
        "Total Revenue": NaN,
        "Gross Profit": NaN,
        "Operating Income": 231,
        "EBIT": 253,
        "Net Income": 83
    },
    "2010-06-30": {
        "Diluted EPS": 0.0,
        "Total Revenue": NaN,
        "Gross Profit": NaN,
        "Operating Income": 323,
        "EBIT": 345,
        "Net Income": 140
    },
    "2010-03-31": {
        "Diluted EPS": 0.0,
        "Total Revenue": NaN,
        "Gross Profit": NaN,
        "Operating Income": 136,
        "EBIT": 159,
        "Net Income": 17
    },
    "2009-12-31": {
        "Diluted EPS": 0.0,
        "Total Revenue": NaN,
        "Gross Profit": NaN,
        "Operating Income": NaN,
        "EBIT": NaN,
        "Net Income": NaN
    },
    "2023-06-30": {
        "Tax Effect Of Unusual Items": NaN,
        "Tax Rate For Calcs": NaN,
        "Normalized EBITDA": NaN,
        "Total Unusual Items": -40300000.0,
        "Total Unusual Items Excluding Goodwill": -40300000.0,
        "Net Income From Continuing Operation Net Minority Interest": NaN,
        "Reconciled Depreciation": NaN,
        "Reconciled Cost Of Revenue": NaN,
        "EBITDA": NaN,
        "EBIT": NaN,
        "Net Interest Income": NaN,
        "Interest Expense": NaN,
        "Interest Income": NaN,
        "Normalized Income": NaN,
        "Net Income From Continuing And Discontinued Operation": NaN,
        "Total Expenses": NaN,
        "Total Operating Income As Reported": NaN,
        "Diluted Average Shares": NaN,
        "Basic Average Shares": NaN,
        "Diluted EPS": NaN,
        "Basic EPS": NaN,
        "Diluted NI Availto Com Stockholders": NaN,
        "Net Income Common Stockholders": NaN,
        "Net Income": NaN,
        "Minority Interests": NaN,
        "Net Income Including Noncontrolling Interests": NaN,
        "Net Income Continuous Operations": NaN,
        "Earnings From Equity Interest Net Of Tax": NaN,
        "Tax Provision": NaN,
        "Pretax Income": NaN,
        "Other Income Expense": NaN,
        "Other Non Operating Income Expenses": NaN,
        "Special Income Charges": 0.0,
        "Write Off": 0.0,
        "Gain On Sale Of Security": -40300000.0,
        "Net Non Operating Interest Income Expense": NaN,
        "Interest Expense Non Operating": NaN,
        "Interest Income Non Operating": NaN,
        "Operating Income": NaN,
        "Operating Expense": NaN,
        "Other Operating Expenses": NaN,
        "Depreciation Amortization Depletion Income Statement": NaN,
        "Depreciation And Amortization In Income Statement": NaN,
        "Gross Profit": NaN,
        "Cost Of Revenue": NaN,
        "Total Revenue": NaN,
        "Operating Revenue": NaN
    },
    "2023-09-30": {
        "Tax Effect Of Unusual Items": NaN,
        "Tax Rate For Calcs": NaN,
        "Normalized EBITDA": NaN,
        "Total Unusual Items": -130800000.0,
        "Total Unusual Items Excluding Goodwill": -130800000.0,
        "Net Income From Continuing Operation Net Minority Interest": NaN,
        "Reconciled Depreciation": NaN,
        "Reconciled Cost Of Revenue": NaN,
        "EBITDA": NaN,
        "EBIT": NaN,
        "Net Interest Income": NaN,
        "Interest Expense": NaN,
        "Interest Income": NaN,
        "Normalized Income": NaN,
        "Net Income From Continuing And Discontinued Operation": NaN,
        "Total Expenses": NaN,
        "Total Operating Income As Reported": NaN,
        "Diluted Average Shares": NaN,
        "Basic Average Shares": NaN,
        "Diluted EPS": NaN,
        "Basic EPS": NaN,
        "Diluted NI Availto Com Stockholders": NaN,
        "Net Income Common Stockholders": NaN,
        "Net Income": NaN,
        "Minority Interests": NaN,
        "Net Income Including Noncontrolling Interests": NaN,
        "Net Income Discontinuous Operations": NaN,
        "Net Income Continuous Operations": NaN,
        "Earnings From Equity Interest Net Of Tax": NaN,
        "Tax Provision": NaN,
        "Pretax Income": NaN,
        "Other Income Expense": NaN,
        "Other Non Operating Income Expenses": NaN,
        "Special Income Charges": -134100000.0,
        "Write Off": 134100000.0,
        "Gain On Sale Of Security": 3300000.0,
        "Net Non Operating Interest Income Expense": NaN,
        "Interest Expense Non Operating": NaN,
        "Interest Income Non Operating": NaN,
        "Operating Income": NaN,
        "Operating Expense": NaN,
        "Other Operating Expenses": NaN,
        "Depreciation Amortization Depletion Income Statement": NaN,
        "Depreciation And Amortization In Income Statement": NaN,
        "Gross Profit": NaN,
        "Cost Of Revenue": NaN,
        "Total Revenue": NaN,
        "Operating Revenue": NaN
    },
    "2023-12-31": {
        "Tax Effect Of Unusual Items": 0.0,
        "Tax Rate For Calcs": 0.21,
        "Normalized EBITDA": 25400000.0,
        "Total Unusual Items": NaN,
        "Total Unusual Items Excluding Goodwill": NaN,
        "Net Income From Continuing Operation Net Minority Interest": -64800000.0,
        "Reconciled Depreciation": 8400000.0,
        "Reconciled Cost Of Revenue": 103100000.0,
        "EBITDA": 25400000.0,
        "EBIT": 17000000.0,
        "Net Interest Income": 1000000.0,
        "Interest Expense": 3700000.0,
        "Interest Income": 4700000.0,
        "Normalized Income": -64800000.0,
        "Net Income From Continuing And Discontinued Operation": -64800000.0,
        "Total Expenses": 144000000.0,
        "Total Operating Income As Reported": -24700000.0,
        "Diluted Average Shares": 70100000.0,
        "Basic Average Shares": 70100000.0,
        "Diluted EPS": -0.83,
        "Basic EPS": -0.83,
        "Diluted NI Availto Com Stockholders": -64800000.0,
        "Net Income Common Stockholders": -64800000.0,
        "Net Income": -64800000.0,
        "Minority Interests": -8600000.0,
        "Net Income Including Noncontrolling Interests": -56200000.0,
        "Net Income Continuous Operations": -56200000.0,
        "Earnings From Equity Interest Net Of Tax": -86800000.0,
        "Tax Provision": -17300000.0,
        "Pretax Income": 13300000.0,
        "Other Income Expense": 37000000.0,
        "Other Non Operating Income Expenses": 37000000.0,
        "Special Income Charges": NaN,
        "Write Off": NaN,
        "Gain On Sale Of Security": NaN,
        "Net Non Operating Interest Income Expense": 1000000.0,
        "Interest Expense Non Operating": 3700000.0,
        "Interest Income Non Operating": 4700000.0,
        "Operating Income": -24700000.0,
        "Operating Expense": 35900000.0,
        "Other Operating Expenses": 32500000.0,
        "Depreciation Amortization Depletion Income Statement": 3400000.0,
        "Depreciation And Amortization In Income Statement": 3400000.0,
        "Gross Profit": 11200000.0,
        "Cost Of Revenue": 108100000.0,
        "Total Revenue": 119300000.0,
        "Operating Revenue": 111100000.0
    },
    "2024-03-31": {
        "Tax Effect Of Unusual Items": 3255000.0,
        "Tax Rate For Calcs": 0.21,
        "Normalized EBITDA": -42400000.0,
        "Total Unusual Items": 15500000.0,
        "Total Unusual Items Excluding Goodwill": 15500000.0,
        "Net Income From Continuing Operation Net Minority Interest": -73200000.0,
        "Reconciled Depreciation": 6700000.0,
        "Reconciled Cost Of Revenue": 114000000.0,
        "EBITDA": -26900000.0,
        "EBIT": -33600000.0,
        "Net Interest Income": -500000.0,
        "Interest Expense": 2600000.0,
        "Interest Income": 2100000.0,
        "Normalized Income": -85445000.0,
        "Net Income From Continuing And Discontinued Operation": -89900000.0,
        "Total Expenses": 151300000.0,
        "Total Operating Income As Reported": -40600000.0,
        "Diluted Average Shares": 70900000.0,
        "Basic Average Shares": 70800000.0,
        "Diluted EPS": -1.27,
        "Basic EPS": -1.27,
        "Diluted NI Availto Com Stockholders": -89900000.0,
        "Net Income Common Stockholders": -89900000.0,
        "Net Income": -89900000.0,
        "Minority Interests": 1900000.0,
        "Net Income Including Noncontrolling Interests": -91800000.0,
        "Net Income Discontinuous Operations": -16700000.0,
        "Net Income Continuous Operations": -75100000.0,
        "Earnings From Equity Interest Net Of Tax": 17600000.0,
        "Tax Provision": 56500000.0,
        "Pretax Income": -36200000.0,
        "Other Income Expense": 4600000.0,
        "Other Non Operating Income Expenses": -10900000.0,
        "Special Income Charges": NaN,
        "Write Off": NaN,
        "Gain On Sale Of Security": 15500000.0,
        "Net Non Operating Interest Income Expense": -500000.0,
        "Interest Expense Non Operating": 2600000.0,
        "Interest Income Non Operating": 2100000.0,
        "Operating Income": -40600000.0,
        "Operating Expense": 33900000.0,
        "Other Operating Expenses": 30600000.0,
        "Depreciation Amortization Depletion Income Statement": 3300000.0,
        "Depreciation And Amortization In Income Statement": 3300000.0,
        "Gross Profit": -6700000.0,
        "Cost Of Revenue": 117400000.0,
        "Total Revenue": 110700000.0,
        "Operating Revenue": 106500000.0
    },
    "2024-06-30": {
        "Tax Effect Of Unusual Items": -29551500.0,
        "Tax Rate For Calcs": 0.199,
        "Normalized EBITDA": -12200000.0,
        "Total Unusual Items": -148500000.0,
        "Total Unusual Items Excluding Goodwill": -148500000.0,
        "Net Income From Continuing Operation Net Minority Interest": -155000000.0,
        "Reconciled Depreciation": 6700000.0,
        "Reconciled Cost Of Revenue": 108000000.0,
        "EBITDA": -160700000.0,
        "EBIT": -167400000.0,
        "Net Interest Income": -1300000.0,
        "Interest Expense": 2000000.0,
        "Interest Income": 700000.0,
        "Normalized Income": -36051500.0,
        "Net Income From Continuing And Discontinued Operation": -155000000.0,
        "Total Expenses": 141000000.0,
        "Total Operating Income As Reported": -23000000.0,
        "Diluted Average Shares": 62200000.0,
        "Basic Average Shares": 62200000.0,
        "Diluted EPS": -2.49,
        "Basic EPS": -2.49,
        "Diluted NI Availto Com Stockholders": -155000000.0,
        "Net Income Common Stockholders": -155000000.0,
        "Net Income": -155000000.0,
        "Minority Interests": 0.0,
        "Net Income Including Noncontrolling Interests": -155000000.0,
        "Net Income Discontinuous Operations": NaN,
        "Net Income Continuous Operations": -155000000.0,
        "Earnings From Equity Interest Net Of Tax": -19300000.0,
        "Tax Provision": -33700000.0,
        "Pretax Income": -169400000.0,
        "Other Income Expense": -146100000.0,
        "Other Non Operating Income Expenses": 2400000.0,
        "Special Income Charges": -141000000.0,
        "Write Off": 141000000.0,
        "Gain On Sale Of Security": -7500000.0,
        "Net Non Operating Interest Income Expense": -1300000.0,
        "Interest Expense Non Operating": 2000000.0,
        "Interest Income Non Operating": 700000.0,
        "Operating Income": -23000000.0,
        "Operating Expense": 29700000.0,
        "Other Operating Expenses": 26300000.0,
        "Depreciation Amortization Depletion Income Statement": 3400000.0,
        "Depreciation And Amortization In Income Statement": 3400000.0,
        "Gross Profit": 6700000.0,
        "Cost Of Revenue": 111300000.0,
        "Total Revenue": 118000000.0,
        "Operating Revenue": 107600000.0
    },
    "2024-09-30": {
        "Tax Effect Of Unusual Items": 4473000.0,
        "Tax Rate For Calcs": 0.21,
        "Normalized EBITDA": -8500000.0,
        "Total Unusual Items": 21300000.0,
        "Total Unusual Items Excluding Goodwill": 21300000.0,
        "Net Income From Continuing Operation Net Minority Interest": -13600000.0,
        "Reconciled Depreciation": 6700000.0,
        "Reconciled Cost Of Revenue": 107700000.0,
        "EBITDA": 12800000.0,
        "EBIT": 6100000.0,
        "Net Interest Income": -2100000.0,
        "Interest Expense": 2900000.0,
        "Interest Income": 800000.0,
        "Normalized Income": -30427000.0,
        "Net Income From Continuing And Discontinued Operation": -13600000.0,
        "Total Expenses": 132000000.0,
        "Total Operating Income As Reported": -18100000.0,
        "Diluted Average Shares": 62400000.0,
        "Basic Average Shares": 62400000.0,
        "Diluted EPS": -0.22,
        "Basic EPS": -0.22,
        "Diluted NI Availto Com Stockholders": -13600000.0,
        "Net Income Common Stockholders": -13600000.0,
        "Net Income": -13600000.0,
        "Minority Interests": 3900000.0,
        "Net Income Including Noncontrolling Interests": -17500000.0,
        "Net Income Discontinuous Operations": NaN,
        "Net Income Continuous Operations": -17500000.0,
        "Earnings From Equity Interest Net Of Tax": -26900000.0,
        "Tax Provision": -6200000.0,
        "Pretax Income": 3200000.0,
        "Other Income Expense": 23400000.0,
        "Other Non Operating Income Expenses": 2100000.0,
        "Special Income Charges": 0.0,
        "Write Off": 0.0,
        "Gain On Sale Of Security": 21300000.0,
        "Net Non Operating Interest Income Expense": -2100000.0,
        "Interest Expense Non Operating": 2900000.0,
        "Interest Income Non Operating": 800000.0,
        "Operating Income": -18100000.0,
        "Operating Expense": 20900000.0,
        "Other Operating Expenses": 17600000.0,
        "Depreciation Amortization Depletion Income Statement": 3300000.0,
        "Depreciation And Amortization In Income Statement": 3300000.0,
        "Gross Profit": 2800000.0,
        "Cost Of Revenue": 111100000.0,
        "Total Revenue": 113900000.0,
        "Operating Revenue": 102100000.0
    },
    "2024-12-31": {
        "Tax Effect Of Unusual Items": 0.0,
        "Tax Rate For Calcs": 0.289583,
        "Normalized EBITDA": -36200000.0,
        "Total Unusual Items": NaN,
        "Total Unusual Items Excluding Goodwill": NaN,
        "Net Income From Continuing Operation Net Minority Interest": -46100000.0,
        "Reconciled Depreciation": 7700000.0,
        "Reconciled Cost Of Revenue": 105400000.0,
        "EBITDA": -36200000.0,
        "EBIT": -43900000.0,
        "Net Interest Income": -3100000.0,
        "Interest Expense": 4100000.0,
        "Interest Income": 1000000.0,
        "Normalized Income": -46100000.0,
        "Net Income From Continuing And Discontinued Operation": -46100000.0,
        "Total Expenses": 131900000.0,
        "Total Operating Income As Reported": -22000000.0,
        "Diluted Average Shares": 62200000.0,
        "Basic Average Shares": 62200000.0,
        "Diluted EPS": -0.74,
        "Basic EPS": -0.74,
        "Diluted NI Availto Com Stockholders": -46100000.0,
        "Net Income Common Stockholders": -46100000.0,
        "Net Income": -46100000.0,
        "Minority Interests": -300000.0,
        "Net Income Including Noncontrolling Interests": -45800000.0,
        "Net Income Discontinuous Operations": NaN,
        "Net Income Continuous Operations": -45800000.0,
        "Earnings From Equity Interest Net Of Tax": -11700000.0,
        "Tax Provision": -13900000.0,
        "Pretax Income": -48000000.0,
        "Other Income Expense": -22900000.0,
        "Other Non Operating Income Expenses": -156800000.0,
        "Special Income Charges": NaN,
        "Write Off": NaN,
        "Gain On Sale Of Security": NaN,
        "Net Non Operating Interest Income Expense": -3100000.0,
        "Interest Expense Non Operating": 4100000.0,
        "Interest Income Non Operating": 1000000.0,
        "Operating Income": -22000000.0,
        "Operating Expense": 22100000.0,
        "Other Operating Expenses": 18800000.0,
        "Depreciation Amortization Depletion Income Statement": 3300000.0,
        "Depreciation And Amortization In Income Statement": 3300000.0,
        "Gross Profit": 100000.0,
        "Cost Of Revenue": 109800000.0,
        "Total Revenue": 109900000.0,
        "Operating Revenue": 103400000.0
    },
    "2025-03-31": {
        "Tax Effect Of Unusual Items": -1743000.0,
        "Tax Rate For Calcs": 0.21,
        "Normalized EBITDA": 2000000.0,
        "Total Unusual Items": -8300000.0,
        "Total Unusual Items Excluding Goodwill": -8300000.0,
        "Net Income From Continuing Operation Net Minority Interest": -36700000.0,
        "Reconciled Depreciation": 6500000.0,
        "Reconciled Cost Of Revenue": 101800000.0,
        "EBITDA": -6300000.0,
        "EBIT": -12800000.0,
        "Net Interest Income": -2400000.0,
        "Interest Expense": 3800000.0,
        "Interest Income": 1400000.0,
        "Normalized Income": -30143000.0,
        "Net Income From Continuing And Discontinued Operation": -113000000.0,
        "Total Expenses": 124600000.0,
        "Total Operating Income As Reported": -21400000.0,
        "Diluted Average Shares": 62300000.0,
        "Basic Average Shares": 62300000.0,
        "Diluted EPS": -1.81,
        "Basic EPS": -1.81,
        "Diluted NI Availto Com Stockholders": -113000000.0,
        "Net Income Common Stockholders": -113000000.0,
        "Net Income": -113000000.0,
        "Minority Interests": 2000000.0,
        "Net Income Including Noncontrolling Interests": -115000000.0,
        "Net Income Discontinuous Operations": -76300000.0,
        "Net Income Continuous Operations": -38700000.0,
        "Earnings From Equity Interest Net Of Tax": -1900000.0,
        "Tax Provision": 20200000.0,
        "Pretax Income": -16600000.0,
        "Other Income Expense": 7000000.0,
        "Other Non Operating Income Expenses": 15300000.0,
        "Special Income Charges": NaN,
        "Write Off": NaN,
        "Gain On Sale Of Security": -8300000.0,
        "Net Non Operating Interest Income Expense": -2400000.0,
        "Interest Expense Non Operating": 3800000.0,
        "Interest Income Non Operating": 1400000.0,
        "Operating Income": -21400000.0,
        "Operating Expense": 19400000.0,
        "Other Operating Expenses": 16300000.0,
        "Depreciation Amortization Depletion Income Statement": 3100000.0,
        "Depreciation And Amortization In Income Statement": 3100000.0,
        "Gross Profit": -2000000.0,
        "Cost Of Revenue": 105200000.0,
        "Total Revenue": 103200000.0,
        "Operating Revenue": 99100000.0
    }
}