{
    "2023-06-30": {
        "Tax Effect Of Unusual Items": NaN,
        "Tax Rate For Calcs": NaN,
        "Total Unusual Items": NaN,
        "Total Unusual Items Excluding Goodwill": NaN,
        "Net Income From Continuing Operation Net Minority Interest": NaN,
        "Reconciled Depreciation": NaN,
        "EBIT": NaN,
        "Net Interest Income": NaN,
        "Interest Expense": NaN,
        "Normalized Income": NaN,
        "Net Income From Continuing And Discontinued Operation": NaN,
        "Total Expenses": NaN,
        "Diluted Average Shares": NaN,
        "Basic Average Shares": NaN,
        "Diluted EPS": NaN,
        "Basic EPS": NaN,
        "Diluted NI Availto Com Stockholders": NaN,
        "Net Income Common Stockholders": NaN,
        "Net Income": NaN,
        "Net Income Including Noncontrolling Interests": NaN,
        "Net Income Continuous Operations": NaN,
        "Tax Provision": NaN,
        "Pretax Income": NaN,
        "Special Income Charges": NaN,
        "Other Special Charges": NaN,
        "Net Non Operating Interest Income Expense": NaN,
        "Interest Expense Non Operating": NaN,
        "Other Operating Expenses": NaN,
        "Depreciation And Amortization In Income Statement": 56000000.0,
        "Amortization": 56000000.0,
        "Total Revenue": NaN,
        "Operating Revenue": NaN,
        "Loss Adjustment Expense": NaN,
        "Net Policyholder Benefits And Claims": NaN
    },
    "2023-03-31": {
        "Tax Effect Of Unusual Items": NaN,
        "Tax Rate For Calcs": NaN,
        "Total Unusual Items": NaN,
        "Total Unusual Items Excluding Goodwill": NaN,
        "Net Income From Continuing Operation Net Minority Interest": NaN,
        "Reconciled Depreciation": NaN,
        "EBIT": NaN,
        "Net Interest Income": NaN,
        "Interest Expense": NaN,
        "Normalized Income": NaN,
        "Net Income From Continuing And Discontinued Operation": NaN,
        "Total Expenses": NaN,
        "Diluted Average Shares": NaN,
        "Basic Average Shares": NaN,
        "Diluted EPS": NaN,
        "Basic EPS": NaN,
        "Diluted NI Availto Com Stockholders": NaN,
        "Net Income Common Stockholders": NaN,
        "Net Income": NaN,
        "Net Income Including Noncontrolling Interests": NaN,
        "Net Income Continuous Operations": NaN,
        "Tax Provision": NaN,
        "Pretax Income": NaN,
        "Special Income Charges": NaN,
        "Other Special Charges": NaN,
        "Net Non Operating Interest Income Expense": NaN,
        "Interest Expense Non Operating": NaN,
        "Other Operating Expenses": NaN,
        "Depreciation And Amortization In Income Statement": 55500000.0,
        "Amortization": 55500000.0,
        "Total Revenue": NaN,
        "Operating Revenue": NaN,
        "Loss Adjustment Expense": NaN,
        "Net Policyholder Benefits And Claims": NaN
    },
    "2022-12-31": {
        "Tax Effect Of Unusual Items": NaN,
        "Tax Rate For Calcs": NaN,
        "Net Income From Continuing Operation Net Minority Interest": NaN,
        "Reconciled Depreciation": NaN,
        "EBIT": NaN,
        "Net Interest Income": NaN,
        "Interest Expense": NaN,
        "Normalized Income": NaN,
        "Net Income From Continuing And Discontinued Operation": NaN,
        "Total Expenses": NaN,
        "Diluted Average Shares": NaN,
        "Basic Average Shares": NaN,
        "Diluted EPS": NaN,
        "Basic EPS": NaN,
        "Diluted NI Availto Com Stockholders": NaN,
        "Net Income Common Stockholders": NaN,
        "Net Income": NaN,
        "Net Income Including Noncontrolling Interests": NaN,
        "Net Income Continuous Operations": NaN,
        "Tax Provision": NaN,
        "Pretax Income": NaN,
        "Net Non Operating Interest Income Expense": NaN,
        "Interest Expense Non Operating": NaN,
        "Other Operating Expenses": NaN,
        "Depreciation And Amortization In Income Statement": 30100000.0,
        "Amortization": 30100000.0,
        "Total Revenue": NaN,
        "Operating Revenue": NaN,
        "Loss Adjustment Expense": NaN,
        "Net Policyholder Benefits And Claims": NaN
    },
    "2022-09-30": {
        "Tax Effect Of Unusual Items": NaN,
        "Tax Rate For Calcs": NaN,
        "Net Income From Continuing Operation Net Minority Interest": NaN,
        "Reconciled Depreciation": NaN,
        "EBIT": NaN,
        "Net Interest Income": NaN,
        "Interest Expense": NaN,
        "Normalized Income": NaN,
        "Net Income From Continuing And Discontinued Operation": NaN,
        "Total Expenses": NaN,
        "Diluted Average Shares": NaN,
        "Basic Average Shares": NaN,
        "Diluted EPS": NaN,
        "Basic EPS": NaN,
        "Diluted NI Availto Com Stockholders": NaN,
        "Net Income Common Stockholders": NaN,
        "Net Income": NaN,
        "Net Income Including Noncontrolling Interests": NaN,
        "Net Income Continuous Operations": NaN,
        "Tax Provision": NaN,
        "Pretax Income": NaN,
        "Net Non Operating Interest Income Expense": NaN,
        "Interest Expense Non Operating": NaN,
        "Other Operating Expenses": NaN,
        "Depreciation And Amortization In Income Statement": 87500000.0,
        "Amortization": 87500000.0,
        "Total Revenue": NaN,
        "Operating Revenue": NaN
    },
    "2022-06-30": {
        "Tax Effect Of Unusual Items": 0.0,
        "Tax Rate For Calcs": 0.224059,
        "Net Income From Continuing Operation Net Minority Interest": 136100000.0,
        "Reconciled Depreciation": 88100000.0,
        "EBIT": 203200000.0,
        "Net Interest Income": -27800000.0,
        "Interest Expense": 27800000.0,
        "Normalized Income": 136100000.0,
        "Net Income From Continuing And Discontinued Operation": 136100000.0,
        "Total Expenses": 679600000.0,
        "Diluted Average Shares": 117286000.0,
        "Basic Average Shares": 115533000.0,
        "Diluted EPS": 1.99,
        "Basic EPS": 2.02,
        "Diluted NI Availto Com Stockholders": 136100000.0,
        "Net Income Common Stockholders": 136100000.0,
        "Net Income": 136100000.0,
        "Net Income Including Noncontrolling Interests": 136100000.0,
        "Net Income Continuous Operations": 136100000.0,
        "Tax Provision": 39300000.0,
        "Pretax Income": 175400000.0,
        "Net Non Operating Interest Income Expense": -27800000.0,
        "Interest Expense Non Operating": 27800000.0,
        "Other Operating Expenses": 223500000.0,
        "Depreciation And Amortization In Income Statement": 88100000.0,
        "Amortization": 88100000.0,
        "Total Revenue": 855000000.0,
        "Operating Revenue": 855000000.0
    },
    "2022-03-31": {
        "Diluted EPS": 1.52,
        "Total Revenue": 843,
        "Gross Profit": 535,
        "Operating Income": 264,
        "EBIT": 325,
        "Net Income": 183
    },
    "2021-12-31": {
        "Diluted EPS": 0.93,
        "Total Revenue": NaN,
        "Gross Profit": 525,
        "Operating Income": 172,
        "EBIT": 264,
        "Net Income": 116
    },
    "2021-09-30": {
        "Diluted EPS": 0.77,
        "Total Revenue": 968,
        "Gross Profit": 444,
        "Operating Income": 152,
        "EBIT": 219,
        "Net Income": 100
    },
    "2021-06-30": {
        "Diluted EPS": 0.58,
        "Total Revenue": NaN,
        "Gross Profit": 416,
        "Operating Income": 126,
        "EBIT": 177,
        "Net Income": 78
    },
    "2021-03-31": {
        "Diluted EPS": 1.08,
        "Total Revenue": NaN,
        "Gross Profit": 547,
        "Operating Income": 214,
        "EBIT": 323,
        "Net Income": 147
    },
    "2020-12-31": {
        "Diluted EPS": 0.78,
        "Total Revenue": NaN,
        "Gross Profit": 510,
        "Operating Income": 167,
        "EBIT": 252,
        "Net Income": 112
    },
    "2020-09-30": {
        "Diluted EPS": 0.91,
        "Total Revenue": NaN,
        "Gross Profit": 453,
        "Operating Income": 190,
        "EBIT": 253,
        "Net Income": 129
    },
    "2020-06-30": {
        "Diluted EPS": 0.57,
        "Total Revenue": NaN,
        "Gross Profit": 474,
        "Operating Income": 134,
        "EBIT": 231,
        "Net Income": 82
    },
    "2020-03-31": {
        "Diluted EPS": -0.15,
        "Total Revenue": 717,
        "Gross Profit": 226,
        "Operating Income": -38,
        "EBIT": 22,
        "Net Income": -21
    },
    "2019-12-31": {
        "Diluted EPS": 1.78,
        "Total Revenue": NaN,
        "Gross Profit": 469,
        "Operating Income": 180,
        "EBIT": 264,
        "Net Income": 278
    },
    "2019-09-30": {
        "Diluted EPS": 0.27,
        "Total Revenue": 944,
        "Gross Profit": 361,
        "Operating Income": 54,
        "EBIT": 115,
        "Net Income": 42
    },
    "2019-06-30": {
        "Diluted EPS": 0.24,
        "Total Revenue": 980,
        "Gross Profit": 369,
        "Operating Income": 94,
        "EBIT": 149,
        "Net Income": 38
    },
    "2019-03-31": {
        "Diluted EPS": 0.32,
        "Total Revenue": NaN,
        "Gross Profit": 400,
        "Operating Income": 107,
        "EBIT": 173,
        "Net Income": 52
    },
    "2018-12-31": {
        "Diluted EPS": 0.21,
        "Total Revenue": 778,
        "Gross Profit": 351,
        "Operating Income": 77,
        "EBIT": 153,
        "Net Income": 28
    },
    "2018-09-30": {
        "Diluted EPS": -3.22,
        "Total Revenue": NaN,
        "Gross Profit": -233,
        "Operating Income": -501,
        "EBIT": -432,
        "Net Income": -530
    },
    "2018-06-30": {
        "Diluted EPS": 0.61,
        "Total Revenue": NaN,
        "Gross Profit": 428,
        "Operating Income": 171,
        "EBIT": 239,
        "Net Income": 102
    },
    "2018-03-31": {
        "Diluted EPS": 0.5,
        "Total Revenue": NaN,
        "Gross Profit": 421,
        "Operating Income": 142,
        "EBIT": 220,
        "Net Income": 84
    },
    "2017-12-31": {
        "Diluted EPS": -0.41,
        "Total Revenue": NaN,
        "Gross Profit": 429,
        "Operating Income": 161,
        "EBIT": 225,
        "Net Income": -71
    },
    "2017-09-30": {
        "Diluted EPS": 0.59,
        "Total Revenue": NaN,
        "Gross Profit": 441,
        "Operating Income": 166,
        "EBIT": 230,
        "Net Income": 101
    },
    "2017-06-30": {
        "Diluted EPS": 0.48,
        "Total Revenue": NaN,
        "Gross Profit": 423,
        "Operating Income": 160,
        "EBIT": 226,
        "Net Income": 83
    },
    "2017-03-31": {
        "Diluted EPS": 0.36,
        "Total Revenue": NaN,
        "Gross Profit": 401,
        "Operating Income": 128,
        "EBIT": 198,
        "Net Income": 62
    },
    "2016-12-31": {
        "Diluted EPS": 1.32,
        "Total Revenue": NaN,
        "Gross Profit": 551,
        "Operating Income": 287,
        "EBIT": 362,
        "Net Income": 234
    },
    "2016-09-30": {
        "Diluted EPS": 0.11,
        "Total Revenue": NaN,
        "Gross Profit": 331,
        "Operating Income": 79,
        "EBIT": 149,
        "Net Income": 19
    },
    "2016-06-30": {
        "Diluted EPS": 0.33,
        "Total Revenue": NaN,
        "Gross Profit": 372,
        "Operating Income": 112,
        "EBIT": 172,
        "Net Income": 60
    },
    "2016-03-31": {
        "Diluted EPS": 0.25,
        "Total Revenue": 960,
        "Gross Profit": 341,
        "Operating Income": 68,
        "EBIT": 136,
        "Net Income": 46
    },
    "2015-12-31": {
        "Diluted EPS": 0.71,
        "Total Revenue": 970,
        "Gross Profit": 409,
        "Operating Income": 185,
        "EBIT": 255,
        "Net Income": 137
    },
    "2015-09-30": {
        "Diluted EPS": 0.18,
        "Total Revenue": 905,
        "Gross Profit": 322,
        "Operating Income": 76,
        "EBIT": 138,
        "Net Income": 34
    },
    "2015-06-30": {
        "Diluted EPS": 0.24,
        "Total Revenue": 960,
        "Gross Profit": 391,
        "Operating Income": 131,
        "EBIT": 212,
        "Net Income": 47
    },
    "2015-03-31": {
        "Diluted EPS": 0.26,
        "Total Revenue": 978,
        "Gross Profit": 372,
        "Operating Income": 104,
        "EBIT": 175,
        "Net Income": 53
    },
    "2014-12-31": {
        "Diluted EPS": 0.38,
        "Total Revenue": NaN,
        "Gross Profit": 329,
        "Operating Income": 59,
        "EBIT": 115,
        "Net Income": 84
    },
    "2014-09-30": {
        "Diluted EPS": 0.54,
        "Total Revenue": 967,
        "Gross Profit": 434,
        "Operating Income": 176,
        "EBIT": 248,
        "Net Income": 117
    },
    "2014-06-30": {
        "Diluted EPS": 0.35,
        "Total Revenue": NaN,
        "Gross Profit": 402,
        "Operating Income": 139,
        "EBIT": 212,
        "Net Income": 78
    },
    "2014-03-31": {
        "Diluted EPS": -1.03,
        "Total Revenue": NaN,
        "Gross Profit": 394,
        "Operating Income": 134,
        "EBIT": 207,
        "Net Income": -228
    },
    "2013-12-31": {
        "Diluted EPS": 0.44,
        "Total Revenue": NaN,
        "Gross Profit": 448,
        "Operating Income": 165,
        "EBIT": 248,
        "Net Income": 106
    },
    "2013-09-30": {
        "Diluted EPS": 1.23,
        "Total Revenue": NaN,
        "Gross Profit": 392,
        "Operating Income": 140,
        "EBIT": 209,
        "Net Income": 283
    },
    "2013-06-30": {
        "Diluted EPS": 0.34,
        "Total Revenue": NaN,
        "Gross Profit": 408,
        "Operating Income": 149,
        "EBIT": 235,
        "Net Income": 77
    },
    "2013-03-31": {
        "Diluted EPS": 0.05,
        "Total Revenue": NaN,
        "Gross Profit": 389,
        "Operating Income": 120,
        "EBIT": 207,
        "Net Income": 12
    },
    "2012-12-31": {
        "Diluted EPS": 0.4,
        "Total Revenue": NaN,
        "Gross Profit": 421,
        "Operating Income": 147,
        "EBIT": 226,
        "Net Income": 101
    },
    "2012-09-30": {
        "Diluted EPS": -0.02,
        "Total Revenue": NaN,
        "Gross Profit": 347,
        "Operating Income": 69,
        "EBIT": 136,
        "Net Income": -5
    },
    "2012-06-30": {
        "Diluted EPS": 0.24,
        "Total Revenue": NaN,
        "Gross Profit": 375,
        "Operating Income": 134,
        "EBIT": 210,
        "Net Income": 66
    },
    "2012-03-31": {
        "Diluted EPS": 0.21,
        "Total Revenue": NaN,
        "Gross Profit": 435,
        "Operating Income": 121,
        "EBIT": 212,
        "Net Income": 59
    },
    "2011-12-31": {
        "Diluted EPS": 0.22,
        "Total Revenue": NaN,
        "Gross Profit": 381,
        "Operating Income": 131,
        "EBIT": 211,
        "Net Income": 64
    },
    "2011-09-30": {
        "Diluted EPS": 0.61,
        "Total Revenue": 992,
        "Gross Profit": 331,
        "Operating Income": 91,
        "EBIT": 156,
        "Net Income": 180
    },
    "2011-06-30": {
        "Diluted EPS": 0.16,
        "Total Revenue": NaN,
        "Gross Profit": 348,
        "Operating Income": 101,
        "EBIT": 178,
        "Net Income": 46
    },
    "2011-03-31": {
        "Diluted EPS": 0.16,
        "Total Revenue": NaN,
        "Gross Profit": 366,
        "Operating Income": 101,
        "EBIT": 203,
        "Net Income": 45
    },
    "2010-12-31": {
        "Diluted EPS": 0.42,
        "Total Revenue": NaN,
        "Gross Profit": 402,
        "Operating Income": 75,
        "EBIT": 83,
        "Net Income": 124
    },
    "2010-09-30": {
        "Diluted EPS": 0.17,
        "Total Revenue": NaN,
        "Gross Profit": 353,
        "Operating Income": 106,
        "EBIT": 231,
        "Net Income": 49
    },
    "2010-06-30": {
        "Diluted EPS": 0.12,
        "Total Revenue": 953,
        "Gross Profit": 302,
        "Operating Income": 81,
        "EBIT": 185,
        "Net Income": 33
    },
    "2010-03-31": {
        "Diluted EPS": 0.13,
        "Total Revenue": NaN,
        "Gross Profit": 303,
        "Operating Income": 82,
        "EBIT": 193,
        "Net Income": 34
    },
    "2009-12-31": {
        "Diluted EPS": 0.09,
        "Total Revenue": NaN,
        "Gross Profit": 308,
        "Operating Income": 61,
        "EBIT": 157,
        "Net Income": 18
    },
    "2009-09-30": {
        "Diluted EPS": 0.08,
        "Total Revenue": NaN,
        "Gross Profit": 336,
        "Operating Income": 96,
        "EBIT": 219,
        "Net Income": 15
    },
    "2009-06-30": {
        "Diluted EPS": 0.15,
        "Total Revenue": NaN,
        "Gross Profit": 315,
        "Operating Income": 82,
        "EBIT": 194,
        "Net Income": 28
    },
    "2009-03-31": {
        "Diluted EPS": 0.13,
        "Total Revenue": NaN,
        "Gross Profit": 316,
        "Operating Income": 75,
        "EBIT": 205,
        "Net Income": 25
    },
    "2023-09-30": {
        "Tax Effect Of Unusual Items": NaN,
        "Tax Rate For Calcs": NaN,
        "Total Unusual Items": 0.0,
        "Total Unusual Items Excluding Goodwill": 0.0,
        "Net Income From Continuing Operation Net Minority Interest": NaN,
        "Reconciled Depreciation": NaN,
        "EBIT": NaN,
        "Net Interest Income": NaN,
        "Interest Expense": NaN,
        "Normalized Income": NaN,
        "Net Income From Continuing And Discontinued Operation": NaN,
        "Total Expenses": NaN,
        "Diluted Average Shares": 114462000.0,
        "Basic Average Shares": 112689000.0,
        "Diluted EPS": 1.46,
        "Basic EPS": 1.48,
        "Diluted NI Availto Com Stockholders": NaN,
        "Net Income Common Stockholders": NaN,
        "Net Income": NaN,
        "Net Income Including Noncontrolling Interests": NaN,
        "Net Income Continuous Operations": NaN,
        "Tax Provision": NaN,
        "Pretax Income": NaN,
        "Special Income Charges": 0.0,
        "Other Special Charges": NaN,
        "Net Non Operating Interest Income Expense": NaN,
        "Interest Expense Non Operating": NaN,
        "Other Operating Expenses": NaN,
        "Total Revenue": NaN,
        "Operating Revenue": NaN,
        "Loss Adjustment Expense": NaN,
        "Net Policyholder Benefits And Claims": NaN
    },
    "2023-12-31": {
        "Tax Effect Of Unusual Items": 0.0,
        "Tax Rate For Calcs": 0.212581,
        "Total Unusual Items": NaN,
        "Total Unusual Items Excluding Goodwill": NaN,
        "Net Income From Continuing Operation Net Minority Interest": 36300000.0,
        "Reconciled Depreciation": 68900000.0,
        "EBIT": 109800000.0,
        "Net Interest Income": -63700000.0,
        "Interest Expense": 63700000.0,
        "Normalized Income": 36300000.0,
        "Net Income From Continuing And Discontinued Operation": 36300000.0,
        "Total Expenses": 1124400000.0,
        "Diluted Average Shares": 113657000.0,
        "Basic Average Shares": 111591000.0,
        "Diluted EPS": 0.32,
        "Basic EPS": 0.33,
        "Diluted NI Availto Com Stockholders": 36300000.0,
        "Net Income Common Stockholders": 36300000.0,
        "Net Income": 36300000.0,
        "Net Income Including Noncontrolling Interests": 36300000.0,
        "Net Income Continuous Operations": 36300000.0,
        "Tax Provision": 9800000.0,
        "Pretax Income": 46100000.0,
        "Special Income Charges": NaN,
        "Other Special Charges": NaN,
        "Net Non Operating Interest Income Expense": -63700000.0,
        "Interest Expense Non Operating": 63700000.0,
        "Other Operating Expenses": -129000000.0,
        "Total Revenue": 1170500000.0,
        "Operating Revenue": 1170500000.0,
        "Loss Adjustment Expense": 728800000.0,
        "Net Policyholder Benefits And Claims": 728800000.0
    },
    "2024-03-31": {
        "Tax Effect Of Unusual Items": NaN,
        "Tax Rate For Calcs": NaN,
        "Total Unusual Items": NaN,
        "Total Unusual Items Excluding Goodwill": NaN,
        "Net Income From Continuing Operation Net Minority Interest": NaN,
        "Reconciled Depreciation": NaN,
        "EBIT": NaN,
        "Net Interest Income": NaN,
        "Interest Expense": NaN,
        "Normalized Income": NaN,
        "Net Income From Continuing And Discontinued Operation": NaN,
        "Total Expenses": NaN,
        "Diluted Average Shares": NaN,
        "Basic Average Shares": NaN,
        "Diluted EPS": NaN,
        "Basic EPS": NaN,
        "Diluted NI Availto Com Stockholders": NaN,
        "Net Income Common Stockholders": NaN,
        "Net Income": NaN,
        "Net Income Including Noncontrolling Interests": NaN,
        "Net Income Continuous Operations": NaN,
        "Tax Provision": NaN,
        "Pretax Income": NaN,
        "Special Income Charges": NaN,
        "Other Special Charges": -3800000.0,
        "Impairment Of Capital Assets": NaN,
        "Net Non Operating Interest Income Expense": NaN,
        "Interest Expense Non Operating": NaN,
        "Other Operating Expenses": NaN,
        "Total Revenue": NaN,
        "Operating Revenue": NaN,
        "Loss Adjustment Expense": NaN,
        "Net Policyholder Benefits And Claims": NaN
    },
    "2024-06-30": {
        "Tax Effect Of Unusual Items": 0.0,
        "Tax Rate For Calcs": 0.227756,
        "Total Unusual Items": 0.0,
        "Total Unusual Items Excluding Goodwill": 0.0,
        "Net Income From Continuing Operation Net Minority Interest": 116300000.0,
        "Reconciled Depreciation": 71500000.0,
        "EBIT": 214800000.0,
        "Net Interest Income": -64200000.0,
        "Interest Expense": 64200000.0,
        "Normalized Income": 116300000.0,
        "Net Income From Continuing And Discontinued Operation": 116300000.0,
        "Total Expenses": 915600000.0,
        "Diluted Average Shares": 109258000.0,
        "Basic Average Shares": 107731000.0,
        "Diluted EPS": 1.06,
        "Basic EPS": 1.08,
        "Diluted NI Availto Com Stockholders": 116300000.0,
        "Net Income Common Stockholders": 116300000.0,
        "Net Income": 116300000.0,
        "Net Income Including Noncontrolling Interests": 116300000.0,
        "Net Income Continuous Operations": 116300000.0,
        "Tax Provision": 34300000.0,
        "Pretax Income": 150600000.0,
        "Special Income Charges": 0.0,
        "Other Special Charges": NaN,
        "Net Non Operating Interest Income Expense": -64200000.0,
        "Interest Expense Non Operating": 64200000.0,
        "Other Operating Expenses": 251400000.0,
        "Total Revenue": 1066200000.0,
        "Operating Revenue": 1066200000.0,
        "Loss Adjustment Expense": 538600000.0,
        "Net Policyholder Benefits And Claims": 538600000.0
    },
    "2024-09-30": {
        "Tax Effect Of Unusual Items": 15454.545455,
        "Tax Rate For Calcs": 0.154545,
        "Total Unusual Items": 100000.0,
        "Total Unusual Items Excluding Goodwill": 100000.0,
        "Net Income From Continuing Operation Net Minority Interest": 9300000.0,
        "Reconciled Depreciation": 74400000.0,
        "EBIT": 79000000.0,
        "Net Interest Income": -68000000.0,
        "Interest Expense": 68000000.0,
        "Normalized Income": 9215454.545455,
        "Net Income From Continuing And Discontinued Operation": 9300000.0,
        "Total Expenses": 1118500000.0,
        "Diluted Average Shares": NaN,
        "Basic Average Shares": NaN,
        "Diluted EPS": NaN,
        "Basic EPS": NaN,
        "Diluted NI Availto Com Stockholders": 9300000.0,
        "Net Income Common Stockholders": 9300000.0,
        "Net Income": 9300000.0,
        "Net Income Including Noncontrolling Interests": 9300000.0,
        "Net Income Continuous Operations": 9300000.0,
        "Tax Provision": 1700000.0,
        "Pretax Income": 11000000.0,
        "Special Income Charges": 100000.0,
        "Other Special Charges": -100000.0,
        "Impairment Of Capital Assets": NaN,
        "Net Non Operating Interest Income Expense": -68000000.0,
        "Interest Expense Non Operating": 68000000.0,
        "Other Operating Expenses": 269200000.0,
        "Total Revenue": 1129500000.0,
        "Operating Revenue": 1129500000.0,
        "Loss Adjustment Expense": 717400000.0,
        "Net Policyholder Benefits And Claims": 717400000.0
    },
    "2024-12-31": {
        "Tax Effect Of Unusual Items": 0.0,
        "Tax Rate For Calcs": 0.210926,
        "Total Unusual Items": 0.0,
        "Total Unusual Items Excluding Goodwill": 0.0,
        "Net Income From Continuing Operation Net Minority Interest": 166100000.0,
        "Reconciled Depreciation": 76100000.0,
        "EBIT": 272500000.0,
        "Net Interest Income": -62000000.0,
        "Interest Expense": 62000000.0,
        "Normalized Income": 166100000.0,
        "Net Income From Continuing And Discontinued Operation": 166100000.0,
        "Total Expenses": 886700000.0,
        "Diluted Average Shares": 105230000.0,
        "Basic Average Shares": 102778000.0,
        "Diluted EPS": 1.58,
        "Basic EPS": 1.62,
        "Diluted NI Availto Com Stockholders": 166100000.0,
        "Net Income Common Stockholders": 166100000.0,
        "Net Income": 166100000.0,
        "Net Income Including Noncontrolling Interests": 166100000.0,
        "Net Income Continuous Operations": 166100000.0,
        "Tax Provision": 44400000.0,
        "Pretax Income": 210500000.0,
        "Special Income Charges": 0.0,
        "Other Special Charges": 0.0,
        "Impairment Of Capital Assets": NaN,
        "Net Non Operating Interest Income Expense": -62000000.0,
        "Interest Expense Non Operating": 62000000.0,
        "Other Operating Expenses": -169900000.0,
        "Total Revenue": 1097200000.0,
        "Operating Revenue": 1097200000.0,
        "Loss Adjustment Expense": 503000000.0,
        "Net Policyholder Benefits And Claims": 503000000.0
    },
    "2025-03-31": {
        "Tax Effect Of Unusual Items": 337500.0,
        "Tax Rate For Calcs": 0.225,
        "Total Unusual Items": 1500000.0,
        "Total Unusual Items Excluding Goodwill": 1500000.0,
        "Net Income From Continuing Operation Net Minority Interest": 13700000.0,
        "Reconciled Depreciation": 77800000.0,
        "EBIT": 79700000.0,
        "Net Interest Income": -62000000.0,
        "Interest Expense": 62000000.0,
        "Normalized Income": 12537500.0,
        "Net Income From Continuing And Discontinued Operation": 13700000.0,
        "Total Expenses": 986400000.0,
        "Diluted Average Shares": 103070000.0,
        "Basic Average Shares": 100743000.0,
        "Diluted EPS": 0.13,
        "Basic EPS": 0.14,
        "Diluted NI Availto Com Stockholders": 13700000.0,
        "Net Income Common Stockholders": 13700000.0,
        "Net Income": 13700000.0,
        "Net Income Including Noncontrolling Interests": 13700000.0,
        "Net Income Continuous Operations": 13700000.0,
        "Tax Provision": 4000000.0,
        "Pretax Income": 17700000.0,
        "Special Income Charges": 1500000.0,
        "Other Special Charges": -1500000.0,
        "Impairment Of Capital Assets": NaN,
        "Net Non Operating Interest Income Expense": -62000000.0,
        "Interest Expense Non Operating": 62000000.0,
        "Other Operating Expenses": 275300000.0,
        "Total Revenue": 1004100000.0,
        "Operating Revenue": 1004100000.0,
        "Loss Adjustment Expense": 583200000.0,
        "Net Policyholder Benefits And Claims": 583200000.0
    },
    "2025-06-30": {
        "Tax Effect Of Unusual Items": 0.0,
        "Tax Rate For Calcs": 0.222034,
        "Total Unusual Items": 0.0,
        "Total Unusual Items Excluding Goodwill": 0.0,
        "Net Income From Continuing Operation Net Minority Interest": 91800000.0,
        "Reconciled Depreciation": 78800000.0,
        "EBIT": 177100000.0,
        "Net Interest Income": -59100000.0,
        "Interest Expense": 59100000.0,
        "Normalized Income": 91800000.0,
        "Net Income From Continuing And Discontinued Operation": 91800000.0,
        "Total Expenses": 1033500000.0,
        "Diluted Average Shares": 100386000.0,
        "Basic Average Shares": 98572000.0,
        "Diluted EPS": 0.91,
        "Basic EPS": 0.93,
        "Diluted NI Availto Com Stockholders": 91800000.0,
        "Net Income Common Stockholders": 91800000.0,
        "Net Income": 91800000.0,
        "Net Income Including Noncontrolling Interests": 91800000.0,
        "Net Income Continuous Operations": 91800000.0,
        "Tax Provision": 26200000.0,
        "Pretax Income": 118000000.0,
        "Special Income Charges": 0.0,
        "Other Special Charges": NaN,
        "Impairment Of Capital Assets": NaN,
        "Net Non Operating Interest Income Expense": -59100000.0,
        "Interest Expense Non Operating": 59100000.0,
        "Other Operating Expenses": 271100000.0,
        "Total Revenue": 1151500000.0,
        "Operating Revenue": 1151500000.0,
        "Loss Adjustment Expense": 634700000.0,
        "Net Policyholder Benefits And Claims": 634700000.0
    },
    "2025-09-30": {
        "Tax Effect Of Unusual Items": -34993646.40884,
        "Tax Rate For Calcs": 0.361878,
        "Total Unusual Items": -96700000.0,
        "Total Unusual Items Excluding Goodwill": -96700000.0,
        "Net Income From Continuing Operation Net Minority Interest": 23100000.0,
        "Reconciled Depreciation": 80100000.0,
        "EBIT": 92800000.0,
        "Net Interest Income": -56600000.0,
        "Interest Expense": 56600000.0,
        "Normalized Income": 84806353.59116,
        "Net Income From Continuing And Discontinued Operation": 23100000.0,
        "Total Expenses": 1152500000.0,
        "Diluted Average Shares": 98553000.0,
        "Basic Average Shares": 96603000.0,
        "Diluted EPS": 0.24,
        "Basic EPS": 0.24,
        "Diluted NI Availto Com Stockholders": 23100000.0,
        "Net Income Common Stockholders": 23100000.0,
        "Net Income": 23100000.0,
        "Net Income Including Noncontrolling Interests": 23100000.0,
        "Net Income Continuous Operations": 23100000.0,
        "Tax Provision": 13100000.0,
        "Pretax Income": 36200000.0,
        "Special Income Charges": -96700000.0,
        "Other Special Charges": NaN,
        "Impairment Of Capital Assets": 96700000.0,
        "Net Non Operating Interest Income Expense": -56600000.0,
        "Interest Expense Non Operating": 56600000.0,
        "Other Operating Expenses": 270400000.0,
        "Total Revenue": 1188700000.0,
        "Operating Revenue": 1188700000.0,
        "Loss Adjustment Expense": 658900000.0,
        "Net Policyholder Benefits And Claims": 658900000.0
    },
    "2025-12-31": {
        "Tax Effect Of Unusual Items": NaN,
        "Tax Rate For Calcs": NaN,
        "Total Unusual Items": NaN,
        "Total Unusual Items Excluding Goodwill": NaN,
        "Net Income From Continuing Operation Net Minority Interest": NaN,
        "Reconciled Depreciation": NaN,
        "EBIT": NaN,
        "Net Interest Income": NaN,
        "Interest Expense": NaN,
        "Normalized Income": NaN,
        "Net Income From Continuing And Discontinued Operation": NaN,
        "Total Expenses": NaN,
        "Diluted Average Shares": 97278000.0,
        "Basic Average Shares": 95136000.0,
        "Diluted EPS": 0.95,
        "Basic EPS": 0.98,
        "Diluted NI Availto Com Stockholders": NaN,
        "Net Income Common Stockholders": NaN,
        "Net Income": NaN,
        "Net Income Including Noncontrolling Interests": NaN,
        "Net Income Continuous Operations": NaN,
        "Tax Provision": NaN,
        "Pretax Income": NaN,
        "Special Income Charges": NaN,
        "Other Special Charges": NaN,
        "Impairment Of Capital Assets": NaN,
        "Net Non Operating Interest Income Expense": NaN,
        "Interest Expense Non Operating": NaN,
        "Other Operating Expenses": NaN,
        "Total Revenue": NaN,
        "Operating Revenue": NaN,
        "Loss Adjustment Expense": NaN,
        "Net Policyholder Benefits And Claims": NaN
    }
}