{
    "2023-06-30": {
        "Tax Effect Of Unusual Items": NaN,
        "Tax Rate For Calcs": NaN,
        "Total Unusual Items": 0.0,
        "Total Unusual Items Excluding Goodwill": 0.0,
        "Net Income From Continuing Operation Net Minority Interest": NaN,
        "Reconciled Depreciation": NaN,
        "Net Interest Income": NaN,
        "Interest Expense": NaN,
        "Interest Income": NaN,
        "Normalized Income": NaN,
        "Net Income From Continuing And Discontinued Operation": NaN,
        "Diluted Average Shares": NaN,
        "Basic Average Shares": NaN,
        "Diluted EPS": NaN,
        "Basic EPS": NaN,
        "Diluted NI Availto Com Stockholders": NaN,
        "Net Income Common Stockholders": NaN,
        "Otherunder Preferred Stock Dividend": NaN,
        "Preferred Stock Dividends": NaN,
        "Net Income": NaN,
        "Net Income Including Noncontrolling Interests": NaN,
        "Net Income Continuous Operations": NaN,
        "Tax Provision": NaN,
        "Pretax Income": NaN,
        "Special Income Charges": 0.0,
        "Restructuring And Mergern Acquisition": 0.0,
        "Gain On Sale Of Security": NaN,
        "Depreciation Amortization Depletion Income Statement": NaN,
        "Depreciation And Amortization In Income Statement": NaN,
        "Amortization": NaN,
        "Amortization Of Intangibles Income Statement": NaN,
        "Selling General And Administration": NaN,
        "Selling And Marketing Expense": NaN,
        "General And Administrative Expense": NaN,
        "Insurance And Claims": NaN,
        "Salaries And Wages": NaN,
        "Total Revenue": NaN,
        "Operating Revenue": NaN,
        "Occupancy And Equipment": NaN,
        "Professional Expense And Contract Services Expense": NaN,
        "Other Non Interest Expense": NaN
    },
    "2023-03-31": {
        "Tax Effect Of Unusual Items": NaN,
        "Tax Rate For Calcs": NaN,
        "Total Unusual Items": 0.0,
        "Total Unusual Items Excluding Goodwill": 0.0,
        "Net Income From Continuing Operation Net Minority Interest": NaN,
        "Reconciled Depreciation": NaN,
        "Net Interest Income": NaN,
        "Interest Expense": NaN,
        "Interest Income": NaN,
        "Normalized Income": NaN,
        "Net Income From Continuing And Discontinued Operation": NaN,
        "Diluted Average Shares": NaN,
        "Basic Average Shares": NaN,
        "Diluted EPS": NaN,
        "Basic EPS": NaN,
        "Diluted NI Availto Com Stockholders": NaN,
        "Net Income Common Stockholders": NaN,
        "Otherunder Preferred Stock Dividend": NaN,
        "Preferred Stock Dividends": NaN,
        "Net Income": NaN,
        "Net Income Including Noncontrolling Interests": NaN,
        "Net Income Continuous Operations": NaN,
        "Tax Provision": NaN,
        "Pretax Income": NaN,
        "Special Income Charges": 0.0,
        "Restructuring And Mergern Acquisition": 0.0,
        "Gain On Sale Of Security": NaN,
        "Depreciation Amortization Depletion Income Statement": NaN,
        "Depreciation And Amortization In Income Statement": NaN,
        "Amortization": NaN,
        "Amortization Of Intangibles Income Statement": NaN,
        "Selling General And Administration": NaN,
        "Selling And Marketing Expense": NaN,
        "General And Administrative Expense": NaN,
        "Insurance And Claims": NaN,
        "Salaries And Wages": NaN,
        "Total Revenue": NaN,
        "Operating Revenue": NaN,
        "Occupancy And Equipment": NaN,
        "Professional Expense And Contract Services Expense": NaN,
        "Other Non Interest Expense": NaN
    },
    "2022-12-31": {
        "Tax Effect Of Unusual Items": NaN,
        "Tax Rate For Calcs": NaN,
        "Total Unusual Items": 0.0,
        "Total Unusual Items Excluding Goodwill": 0.0,
        "Net Income From Continuing Operation Net Minority Interest": NaN,
        "Reconciled Depreciation": NaN,
        "Net Interest Income": NaN,
        "Interest Expense": NaN,
        "Interest Income": NaN,
        "Normalized Income": NaN,
        "Net Income From Continuing And Discontinued Operation": NaN,
        "Diluted Average Shares": NaN,
        "Basic Average Shares": NaN,
        "Diluted EPS": NaN,
        "Basic EPS": NaN,
        "Diluted NI Availto Com Stockholders": NaN,
        "Net Income Common Stockholders": NaN,
        "Otherunder Preferred Stock Dividend": NaN,
        "Preferred Stock Dividends": NaN,
        "Net Income": NaN,
        "Net Income Including Noncontrolling Interests": NaN,
        "Net Income Continuous Operations": NaN,
        "Tax Provision": NaN,
        "Pretax Income": NaN,
        "Special Income Charges": 0.0,
        "Gain On Sale Of Business": 0.0,
        "Restructuring And Mergern Acquisition": 0.0,
        "Gain On Sale Of Security": NaN,
        "Depreciation Amortization Depletion Income Statement": NaN,
        "Depreciation And Amortization In Income Statement": NaN,
        "Amortization": NaN,
        "Amortization Of Intangibles Income Statement": NaN,
        "Selling General And Administration": NaN,
        "Selling And Marketing Expense": NaN,
        "General And Administrative Expense": NaN,
        "Insurance And Claims": NaN,
        "Salaries And Wages": NaN,
        "Total Revenue": NaN,
        "Operating Revenue": NaN,
        "Occupancy And Equipment": NaN,
        "Professional Expense And Contract Services Expense": NaN,
        "Other Non Interest Expense": NaN
    },
    "2022-09-30": {
        "Tax Effect Of Unusual Items": NaN,
        "Tax Rate For Calcs": NaN,
        "Total Unusual Items": NaN,
        "Total Unusual Items Excluding Goodwill": NaN,
        "Net Income From Continuing Operation Net Minority Interest": NaN,
        "Reconciled Depreciation": NaN,
        "Net Interest Income": NaN,
        "Interest Expense": NaN,
        "Interest Income": NaN,
        "Normalized Income": NaN,
        "Net Income From Continuing And Discontinued Operation": NaN,
        "Diluted Average Shares": NaN,
        "Basic Average Shares": NaN,
        "Diluted EPS": NaN,
        "Basic EPS": NaN,
        "Diluted NI Availto Com Stockholders": NaN,
        "Net Income Common Stockholders": NaN,
        "Otherunder Preferred Stock Dividend": NaN,
        "Preferred Stock Dividends": NaN,
        "Net Income": NaN,
        "Net Income Including Noncontrolling Interests": NaN,
        "Net Income Continuous Operations": NaN,
        "Tax Provision": NaN,
        "Pretax Income": NaN,
        "Special Income Charges": NaN,
        "Gain On Sale Of Business": 0.0,
        "Restructuring And Mergern Acquisition": NaN,
        "Gain On Sale Of Security": NaN,
        "Depreciation Amortization Depletion Income Statement": NaN,
        "Depreciation And Amortization In Income Statement": NaN,
        "Amortization": NaN,
        "Amortization Of Intangibles Income Statement": NaN,
        "Selling General And Administration": NaN,
        "Selling And Marketing Expense": NaN,
        "General And Administrative Expense": NaN,
        "Other Gand A": 2747000.0,
        "Insurance And Claims": NaN,
        "Salaries And Wages": NaN,
        "Total Revenue": NaN,
        "Operating Revenue": NaN
    },
    "2022-06-30": {
        "Tax Effect Of Unusual Items": -224077.0,
        "Tax Rate For Calcs": 0.269,
        "Total Unusual Items": -833000.0,
        "Total Unusual Items Excluding Goodwill": -833000.0,
        "Net Income From Continuing Operation Net Minority Interest": 32358000.0,
        "Reconciled Depreciation": 434000.0,
        "Net Interest Income": 75300000.0,
        "Interest Expense": 9765000.0,
        "Interest Income": 85065000.0,
        "Normalized Income": 32966923.0,
        "Net Income From Continuing And Discontinued Operation": 32358000.0,
        "Diluted Average Shares": 39466000.0,
        "Basic Average Shares": 39290000.0,
        "Diluted EPS": 0.78,
        "Basic EPS": 0.78,
        "Diluted NI Availto Com Stockholders": 30849000.0,
        "Net Income Common Stockholders": 30849000.0,
        "Otherunder Preferred Stock Dividend": 70000.0,
        "Preferred Stock Dividends": 1509000.0,
        "Net Income": 32358000.0,
        "Net Income Including Noncontrolling Interests": 32358000.0,
        "Net Income Continuous Operations": 32358000.0,
        "Tax Provision": 11889000.0,
        "Pretax Income": 44247000.0,
        "Special Income Charges": -833000.0,
        "Gain On Sale Of Business": 0.0,
        "Restructuring And Mergern Acquisition": 833000.0,
        "Gain On Sale Of Security": -405000.0,
        "Depreciation Amortization Depletion Income Statement": 434000.0,
        "Depreciation And Amortization In Income Statement": 434000.0,
        "Amortization": 434000.0,
        "Amortization Of Intangibles Income Statement": 434000.0,
        "Selling General And Administration": 20670000.0,
        "Selling And Marketing Expense": 426000.0,
        "General And Administrative Expense": 20244000.0,
        "Other Gand A": 2801000.0,
        "Insurance And Claims": 725000.0,
        "Salaries And Wages": 19519000.0,
        "Total Revenue": 78950000.0,
        "Operating Revenue": 78950000.0
    },
    "2022-03-31": {
        "Diluted EPS": 0.75,
        "Total Revenue": 82,
        "Gross Profit": 73,
        "Operating Income": 43,
        "EBIT": NaN,
        "Net Income": 30
    },
    "2021-12-31": {
        "Diluted EPS": 0.79,
        "Total Revenue": 83,
        "Gross Profit": 74,
        "Operating Income": 45,
        "EBIT": NaN,
        "Net Income": 31
    },
    "2021-09-30": {
        "Diluted EPS": 0.8,
        "Total Revenue": 81,
        "Gross Profit": 72,
        "Operating Income": 43,
        "EBIT": NaN,
        "Net Income": 32
    },
    "2021-06-30": {
        "Diluted EPS": 0.81,
        "Total Revenue": 78,
        "Gross Profit": 67,
        "Operating Income": 43,
        "EBIT": NaN,
        "Net Income": 32
    },
    "2021-03-31": {
        "Diluted EPS": 0.82,
        "Total Revenue": 76,
        "Gross Profit": 65,
        "Operating Income": 44,
        "EBIT": NaN,
        "Net Income": 33
    },
    "2020-12-31": {
        "Diluted EPS": 0.65,
        "Total Revenue": 79,
        "Gross Profit": 65,
        "Operating Income": 33,
        "EBIT": NaN,
        "Net Income": 26
    },
    "2020-09-30": {
        "Diluted EPS": 0.62,
        "Total Revenue": 81,
        "Gross Profit": 64,
        "Operating Income": 33,
        "EBIT": NaN,
        "Net Income": 25
    },
    "2020-06-30": {
        "Diluted EPS": 0.37,
        "Total Revenue": 83,
        "Gross Profit": 65,
        "Operating Income": 17,
        "EBIT": NaN,
        "Net Income": 15
    },
    "2020-03-31": {
        "Diluted EPS": 0.15,
        "Total Revenue": 80,
        "Gross Profit": 58,
        "Operating Income": 7,
        "EBIT": NaN,
        "Net Income": 6
    },
    "2019-12-31": {
        "Diluted EPS": 0.59,
        "Total Revenue": 70,
        "Gross Profit": 50,
        "Operating Income": 23,
        "EBIT": NaN,
        "Net Income": 21
    },
    "2019-09-30": {
        "Diluted EPS": 0.61,
        "Total Revenue": 72,
        "Gross Profit": 51,
        "Operating Income": 28,
        "EBIT": NaN,
        "Net Income": 22
    },
    "2019-06-30": {
        "Diluted EPS": 0.54,
        "Total Revenue": 70,
        "Gross Profit": 47,
        "Operating Income": 25,
        "EBIT": NaN,
        "Net Income": 19
    },
    "2019-03-31": {
        "Diluted EPS": 0.33,
        "Total Revenue": 67,
        "Gross Profit": 47,
        "Operating Income": 14,
        "EBIT": NaN,
        "Net Income": 12
    },
    "2018-12-31": {
        "Diluted EPS": 0.58,
        "Total Revenue": 59,
        "Gross Profit": 42,
        "Operating Income": 20,
        "EBIT": NaN,
        "Net Income": 19
    },
    "2018-09-30": {
        "Diluted EPS": 0.61,
        "Total Revenue": 57,
        "Gross Profit": 41,
        "Operating Income": 22,
        "EBIT": NaN,
        "Net Income": 20
    },
    "2018-06-30": {
        "Diluted EPS": 0.54,
        "Total Revenue": 54,
        "Gross Profit": 40,
        "Operating Income": 22,
        "EBIT": NaN,
        "Net Income": 17
    },
    "2018-03-31": {
        "Diluted EPS": 0.13,
        "Total Revenue": 52,
        "Gross Profit": 39,
        "Operating Income": 5,
        "EBIT": NaN,
        "Net Income": 4
    },
    "2017-12-31": {
        "Diluted EPS": 0.32,
        "Total Revenue": 52,
        "Gross Profit": 42,
        "Operating Income": 23,
        "EBIT": NaN,
        "Net Income": 10
    },
    "2017-09-30": {
        "Diluted EPS": 0.41,
        "Total Revenue": 48,
        "Gross Profit": 39,
        "Operating Income": 19,
        "EBIT": NaN,
        "Net Income": 13
    },
    "2017-06-30": {
        "Diluted EPS": 0.24,
        "Total Revenue": 45,
        "Gross Profit": 37,
        "Operating Income": 10,
        "EBIT": NaN,
        "Net Income": 8
    },
    "2017-03-31": {
        "Diluted EPS": 0.37,
        "Total Revenue": 44,
        "Gross Profit": 36,
        "Operating Income": 17,
        "EBIT": NaN,
        "Net Income": 12
    },
    "2016-12-31": {
        "Diluted EPS": -0.08,
        "Total Revenue": 43,
        "Gross Profit": 35,
        "Operating Income": -5,
        "EBIT": NaN,
        "Net Income": -2
    },
    "2016-09-30": {
        "Diluted EPS": 0.39,
        "Total Revenue": 47,
        "Gross Profit": 39,
        "Operating Income": 17,
        "EBIT": NaN,
        "Net Income": 12
    },
    "2016-06-30": {
        "Diluted EPS": 0.36,
        "Total Revenue": 42,
        "Gross Profit": 34,
        "Operating Income": 16,
        "EBIT": NaN,
        "Net Income": 11
    },
    "2016-03-31": {
        "Diluted EPS": 0.34,
        "Total Revenue": 40,
        "Gross Profit": 33,
        "Operating Income": 15,
        "EBIT": NaN,
        "Net Income": 10
    },
    "2015-12-31": {
        "Diluted EPS": 0.31,
        "Total Revenue": 40,
        "Gross Profit": 33,
        "Operating Income": 14,
        "EBIT": NaN,
        "Net Income": 10
    },
    "2015-09-30": {
        "Diluted EPS": 0.36,
        "Total Revenue": 40,
        "Gross Profit": 34,
        "Operating Income": 16,
        "EBIT": NaN,
        "Net Income": 11
    },
    "2015-06-30": {
        "Diluted EPS": 0.35,
        "Total Revenue": 38,
        "Gross Profit": 32,
        "Operating Income": 16,
        "EBIT": NaN,
        "Net Income": 10
    },
    "2015-03-31": {
        "Diluted EPS": 0.34,
        "Total Revenue": 35,
        "Gross Profit": 30,
        "Operating Income": 15,
        "EBIT": NaN,
        "Net Income": 10
    },
    "2014-12-31": {
        "Diluted EPS": 0.2,
        "Total Revenue": 35,
        "Gross Profit": 31,
        "Operating Income": 13,
        "EBIT": NaN,
        "Net Income": 8
    },
    "2014-09-30": {
        "Diluted EPS": 0.06,
        "Total Revenue": 34,
        "Gross Profit": 29,
        "Operating Income": 2,
        "EBIT": NaN,
        "Net Income": 2
    },
    "2014-06-30": {
        "Diluted EPS": 0.26,
        "Total Revenue": 16,
        "Gross Profit": 13,
        "Operating Income": 6,
        "EBIT": NaN,
        "Net Income": 4
    },
    "2014-03-31": {
        "Diluted EPS": 0.27,
        "Total Revenue": 17,
        "Gross Profit": 14,
        "Operating Income": 6,
        "EBIT": NaN,
        "Net Income": 4
    },
    "2013-12-31": {
        "Diluted EPS": 0.3,
        "Total Revenue": 16,
        "Gross Profit": 14,
        "Operating Income": 6,
        "EBIT": NaN,
        "Net Income": 5
    },
    "2013-09-30": {
        "Diluted EPS": 0.31,
        "Total Revenue": 16,
        "Gross Profit": 13,
        "Operating Income": 7,
        "EBIT": NaN,
        "Net Income": 5
    },
    "2013-06-30": {
        "Diluted EPS": 0.3,
        "Total Revenue": 16,
        "Gross Profit": 13,
        "Operating Income": 7,
        "EBIT": NaN,
        "Net Income": 5
    },
    "2013-03-31": {
        "Diluted EPS": 0.3,
        "Total Revenue": 16,
        "Gross Profit": 13,
        "Operating Income": 7,
        "EBIT": NaN,
        "Net Income": 5
    },
    "2012-12-31": {
        "Diluted EPS": 0.27,
        "Total Revenue": 15,
        "Gross Profit": 12,
        "Operating Income": 6,
        "EBIT": NaN,
        "Net Income": 4
    },
    "2012-09-30": {
        "Diluted EPS": 0.27,
        "Total Revenue": 17,
        "Gross Profit": 14,
        "Operating Income": 6,
        "EBIT": NaN,
        "Net Income": 4
    },
    "2012-06-30": {
        "Diluted EPS": 0.26,
        "Total Revenue": 15,
        "Gross Profit": 12,
        "Operating Income": 7,
        "EBIT": NaN,
        "Net Income": 4
    },
    "2012-03-31": {
        "Diluted EPS": 0.25,
        "Total Revenue": 15,
        "Gross Profit": 12,
        "Operating Income": 6,
        "EBIT": NaN,
        "Net Income": 4
    },
    "2011-12-31": {
        "Diluted EPS": 0.19,
        "Total Revenue": 15,
        "Gross Profit": 12,
        "Operating Income": 6,
        "EBIT": NaN,
        "Net Income": 3
    },
    "2011-09-30": {
        "Diluted EPS": 0.22,
        "Total Revenue": 15,
        "Gross Profit": 12,
        "Operating Income": 6,
        "EBIT": NaN,
        "Net Income": 4
    },
    "2011-06-30": {
        "Diluted EPS": 0.21,
        "Total Revenue": 15,
        "Gross Profit": 12,
        "Operating Income": 6,
        "EBIT": NaN,
        "Net Income": 3
    },
    "2011-03-31": {
        "Diluted EPS": 0.18,
        "Total Revenue": 14,
        "Gross Profit": 12,
        "Operating Income": 5,
        "EBIT": NaN,
        "Net Income": 3
    },
    "2010-12-31": {
        "Diluted EPS": 0.15,
        "Total Revenue": 13,
        "Gross Profit": 10,
        "Operating Income": 2,
        "EBIT": NaN,
        "Net Income": 2
    },
    "2010-09-30": {
        "Diluted EPS": 0.14,
        "Total Revenue": 14,
        "Gross Profit": 11,
        "Operating Income": 4,
        "EBIT": NaN,
        "Net Income": 2
    },
    "2010-06-30": {
        "Diluted EPS": 0.13,
        "Total Revenue": 14,
        "Gross Profit": 10,
        "Operating Income": 3,
        "EBIT": NaN,
        "Net Income": 2
    },
    "2010-03-31": {
        "Diluted EPS": 0.01,
        "Total Revenue": 10,
        "Gross Profit": 6,
        "Operating Income": -1,
        "EBIT": NaN,
        "Net Income": 0
    },
    "2009-12-31": {
        "Diluted EPS": 0.0,
        "Total Revenue": 13,
        "Gross Profit": 8,
        "Operating Income": 0,
        "EBIT": NaN,
        "Net Income": 0
    },
    "2009-09-30": {
        "Diluted EPS": 0.11,
        "Total Revenue": 14,
        "Gross Profit": 8,
        "Operating Income": 2,
        "EBIT": NaN,
        "Net Income": 1
    },
    "2009-06-30": {
        "Diluted EPS": 0.08,
        "Total Revenue": 15,
        "Gross Profit": 9,
        "Operating Income": 2,
        "EBIT": NaN,
        "Net Income": 1
    },
    "2009-03-31": {
        "Diluted EPS": 0.05,
        "Total Revenue": 13,
        "Gross Profit": 8,
        "Operating Income": 1,
        "EBIT": NaN,
        "Net Income": 1
    },
    "2023-09-30": {
        "Tax Effect Of Unusual Items": NaN,
        "Tax Rate For Calcs": NaN,
        "Total Unusual Items": 0.0,
        "Total Unusual Items Excluding Goodwill": 0.0,
        "Net Income From Continuing Operation Net Minority Interest": NaN,
        "Reconciled Depreciation": NaN,
        "Net Interest Income": NaN,
        "Interest Expense": NaN,
        "Interest Income": NaN,
        "Normalized Income": NaN,
        "Net Income From Continuing And Discontinued Operation": NaN,
        "Diluted Average Shares": 39015686.0,
        "Basic Average Shares": 39015686.0,
        "Diluted EPS": 0.51,
        "Basic EPS": 0.51,
        "Diluted NI Availto Com Stockholders": NaN,
        "Net Income Common Stockholders": NaN,
        "Otherunder Preferred Stock Dividend": NaN,
        "Preferred Stock Dividends": NaN,
        "Net Income": NaN,
        "Net Income Including Noncontrolling Interests": NaN,
        "Net Income Continuous Operations": NaN,
        "Tax Provision": NaN,
        "Pretax Income": NaN,
        "Special Income Charges": 0.0,
        "Restructuring And Mergern Acquisition": 0.0,
        "Gain On Sale Of Security": NaN,
        "Depreciation Amortization Depletion Income Statement": NaN,
        "Depreciation And Amortization In Income Statement": NaN,
        "Amortization": NaN,
        "Amortization Of Intangibles Income Statement": NaN,
        "Selling General And Administration": NaN,
        "Selling And Marketing Expense": NaN,
        "General And Administrative Expense": NaN,
        "Insurance And Claims": NaN,
        "Salaries And Wages": NaN,
        "Total Revenue": NaN,
        "Operating Revenue": NaN,
        "Occupancy And Equipment": NaN,
        "Professional Expense And Contract Services Expense": NaN,
        "Other Non Interest Expense": NaN
    },
    "2023-12-31": {
        "Tax Effect Of Unusual Items": NaN,
        "Tax Rate For Calcs": NaN,
        "Total Unusual Items": 0.0,
        "Total Unusual Items Excluding Goodwill": 0.0,
        "Net Income From Continuing Operation Net Minority Interest": NaN,
        "Reconciled Depreciation": NaN,
        "Net Interest Income": NaN,
        "Interest Expense": NaN,
        "Interest Income": NaN,
        "Normalized Income": NaN,
        "Net Income From Continuing And Discontinued Operation": NaN,
        "Diluted Average Shares": NaN,
        "Basic Average Shares": NaN,
        "Diluted EPS": NaN,
        "Basic EPS": NaN,
        "Diluted NI Availto Com Stockholders": NaN,
        "Net Income Common Stockholders": NaN,
        "Otherunder Preferred Stock Dividend": NaN,
        "Preferred Stock Dividends": NaN,
        "Net Income": NaN,
        "Net Income Including Noncontrolling Interests": NaN,
        "Net Income Continuous Operations": NaN,
        "Tax Provision": NaN,
        "Pretax Income": NaN,
        "Special Income Charges": 0.0,
        "Restructuring And Mergern Acquisition": 0.0,
        "Gain On Sale Of Security": NaN,
        "Depreciation Amortization Depletion Income Statement": NaN,
        "Depreciation And Amortization In Income Statement": NaN,
        "Amortization": NaN,
        "Amortization Of Intangibles Income Statement": NaN,
        "Selling General And Administration": NaN,
        "Selling And Marketing Expense": NaN,
        "General And Administrative Expense": NaN,
        "Insurance And Claims": NaN,
        "Salaries And Wages": NaN,
        "Total Revenue": NaN,
        "Operating Revenue": NaN,
        "Occupancy And Equipment": NaN,
        "Professional Expense And Contract Services Expense": NaN,
        "Other Non Interest Expense": NaN
    },
    "2024-03-31": {
        "Tax Effect Of Unusual Items": 0.0,
        "Tax Rate For Calcs": 0.254646,
        "Total Unusual Items": 0.0,
        "Total Unusual Items Excluding Goodwill": 0.0,
        "Net Income From Continuing Operation Net Minority Interest": 17205000.0,
        "Reconciled Depreciation": 1423000.0,
        "Net Interest Income": 59175000.0,
        "Interest Expense": 69307000.0,
        "Interest Income": 128482000.0,
        "Normalized Income": 17205000.0,
        "Net Income From Continuing And Discontinued Operation": 17205000.0,
        "Diluted Average Shares": 38511747.0,
        "Basic Average Shares": 38282927.0,
        "Diluted EPS": 0.41,
        "Basic EPS": 0.41,
        "Diluted NI Availto Com Stockholders": 15654000.0,
        "Net Income Common Stockholders": 15654000.0,
        "Otherunder Preferred Stock Dividend": 42000.0,
        "Preferred Stock Dividends": 1509000.0,
        "Net Income": 17205000.0,
        "Net Income Including Noncontrolling Interests": 17205000.0,
        "Net Income Continuous Operations": 17205000.0,
        "Tax Provision": 5878000.0,
        "Pretax Income": 23083000.0,
        "Special Income Charges": 0.0,
        "Restructuring And Mergern Acquisition": 0.0,
        "Gain On Sale Of Security": 86000.0,
        "Depreciation Amortization Depletion Income Statement": 321000.0,
        "Depreciation And Amortization In Income Statement": 321000.0,
        "Amortization": 321000.0,
        "Amortization Of Intangibles Income Statement": 321000.0,
        "Selling General And Administration": 24608000.0,
        "Selling And Marketing Expense": 677000.0,
        "General And Administrative Expense": 23931000.0,
        "Insurance And Claims": 1800000.0,
        "Salaries And Wages": 22131000.0,
        "Total Revenue": 64148000.0,
        "Operating Revenue": 64148000.0,
        "Occupancy And Equipment": 3009000.0,
        "Professional Expense And Contract Services Expense": 1928000.0,
        "Other Non Interest Expense": 7199000.0
    },
    "2024-06-30": {
        "Tax Effect Of Unusual Items": 0.0,
        "Tax Rate For Calcs": 0.259789,
        "Total Unusual Items": 0.0,
        "Total Unusual Items Excluding Goodwill": 0.0,
        "Net Income From Continuing Operation Net Minority Interest": 19056000.0,
        "Reconciled Depreciation": 1404000.0,
        "Net Interest Income": 61439000.0,
        "Interest Expense": 68568000.0,
        "Interest Income": 130007000.0,
        "Normalized Income": 19056000.0,
        "Net Income From Continuing And Discontinued Operation": 19056000.0,
        "Diluted Average Shares": 38448594.0,
        "Basic Average Shares": 38145652.0,
        "Diluted EPS": 0.46,
        "Basic EPS": 0.46,
        "Diluted NI Availto Com Stockholders": 17501000.0,
        "Net Income Common Stockholders": 17501000.0,
        "Otherunder Preferred Stock Dividend": 46000.0,
        "Preferred Stock Dividends": 1509000.0,
        "Net Income": 19056000.0,
        "Net Income Including Noncontrolling Interests": 19056000.0,
        "Net Income Continuous Operations": 19056000.0,
        "Tax Provision": 6688000.0,
        "Pretax Income": 25744000.0,
        "Special Income Charges": 0.0,
        "Restructuring And Mergern Acquisition": 0.0,
        "Gain On Sale Of Security": -209000.0,
        "Depreciation Amortization Depletion Income Statement": 321000.0,
        "Depreciation And Amortization In Income Statement": 321000.0,
        "Amortization": 321000.0,
        "Amortization Of Intangibles Income Statement": 321000.0,
        "Selling General And Administration": 25134000.0,
        "Selling And Marketing Expense": 613000.0,
        "General And Administrative Expense": 24521000.0,
        "Insurance And Claims": 1800000.0,
        "Salaries And Wages": 22721000.0,
        "Total Revenue": 65838000.0,
        "Operating Revenue": 65838000.0,
        "Occupancy And Equipment": 2899000.0,
        "Professional Expense And Contract Services Expense": 1923000.0,
        "Other Non Interest Expense": 7317000.0
    },
    "2024-09-30": {
        "Tax Effect Of Unusual Items": -192920.0,
        "Tax Rate For Calcs": 0.26,
        "Total Unusual Items": -742000.0,
        "Total Unusual Items Excluding Goodwill": -742000.0,
        "Net Income From Continuing Operation Net Minority Interest": 17161000.0,
        "Reconciled Depreciation": 1396000.0,
        "Net Interest Income": 60887000.0,
        "Interest Expense": 69355000.0,
        "Interest Income": 130242000.0,
        "Normalized Income": 17710080.0,
        "Net Income From Continuing And Discontinued Operation": 17161000.0,
        "Diluted Average Shares": 38525484.0,
        "Basic Average Shares": 38175610.0,
        "Diluted EPS": 0.41,
        "Basic EPS": 0.41,
        "Diluted NI Availto Com Stockholders": 15608000.0,
        "Net Income Common Stockholders": 15608000.0,
        "Otherunder Preferred Stock Dividend": 44000.0,
        "Preferred Stock Dividends": 1509000.0,
        "Net Income": 17161000.0,
        "Net Income Including Noncontrolling Interests": 17161000.0,
        "Net Income Continuous Operations": 17161000.0,
        "Tax Provision": 6022000.0,
        "Pretax Income": 23183000.0,
        "Special Income Charges": -742000.0,
        "Restructuring And Mergern Acquisition": 742000.0,
        "Gain On Sale Of Security": 432000.0,
        "Depreciation Amortization Depletion Income Statement": 297000.0,
        "Depreciation And Amortization In Income Statement": 297000.0,
        "Amortization": 297000.0,
        "Amortization Of Intangibles Income Statement": 297000.0,
        "Selling General And Administration": 25392000.0,
        "Selling And Marketing Expense": 635000.0,
        "General And Administrative Expense": 24757000.0,
        "Insurance And Claims": 1800000.0,
        "Salaries And Wages": 22957000.0,
        "Total Revenue": 65624000.0,
        "Operating Revenue": 65624000.0,
        "Occupancy And Equipment": 2889000.0,
        "Professional Expense And Contract Services Expense": 2147000.0,
        "Other Non Interest Expense": 7174000.0
    },
    "2024-12-31": {
        "Tax Effect Of Unusual Items": -308245.076917,
        "Tax Rate For Calcs": 0.230034,
        "Total Unusual Items": -1340000.0,
        "Total Unusual Items Excluding Goodwill": -1340000.0,
        "Net Income From Continuing Operation Net Minority Interest": 20371000.0,
        "Reconciled Depreciation": 1434000.0,
        "Net Interest Income": 64711000.0,
        "Interest Expense": 63322000.0,
        "Interest Income": 128033000.0,
        "Normalized Income": 21402754.923083,
        "Net Income From Continuing And Discontinued Operation": 20371000.0,
        "Diluted Average Shares": 38519581.0,
        "Basic Average Shares": 38493878.0,
        "Diluted EPS": 0.49,
        "Basic EPS": 0.49,
        "Diluted NI Availto Com Stockholders": 18808000.0,
        "Net Income Common Stockholders": 18808000.0,
        "Otherunder Preferred Stock Dividend": 54000.0,
        "Preferred Stock Dividends": 1509000.0,
        "Net Income": 20371000.0,
        "Net Income Including Noncontrolling Interests": 20371000.0,
        "Net Income Continuous Operations": 20371000.0,
        "Tax Provision": 6086000.0,
        "Pretax Income": 26457000.0,
        "Special Income Charges": -1340000.0,
        "Restructuring And Mergern Acquisition": 863000.0,
        "Gain On Sale Of Security": -307000.0,
        "Depreciation Amortization Depletion Income Statement": 296000.0,
        "Depreciation And Amortization In Income Statement": 296000.0,
        "Amortization": 296000.0,
        "Amortization Of Intangibles Income Statement": 296000.0,
        "Selling General And Administration": 24539000.0,
        "Selling And Marketing Expense": 495000.0,
        "General And Administrative Expense": 24044000.0,
        "Insurance And Claims": 1800000.0,
        "Salaries And Wages": 22244000.0,
        "Total Revenue": 68455000.0,
        "Operating Revenue": 68455000.0,
        "Occupancy And Equipment": 2818000.0,
        "Professional Expense And Contract Services Expense": 2449000.0,
        "Other Non Interest Expense": 7056000.0
    },
    "2025-03-31": {
        "Tax Effect Of Unusual Items": -344520.0,
        "Tax Rate For Calcs": 0.261,
        "Total Unusual Items": -1320000.0,
        "Total Unusual Items Excluding Goodwill": -1320000.0,
        "Net Income From Continuing Operation Net Minority Interest": 20242000.0,
        "Reconciled Depreciation": 1377000.0,
        "Net Interest Income": 65756000.0,
        "Interest Expense": 59033000.0,
        "Interest Income": 124789000.0,
        "Normalized Income": 21217480.0,
        "Net Income From Continuing And Discontinued Operation": 20242000.0,
        "Diluted Average Shares": 38511237.0,
        "Basic Average Shares": 38230612.0,
        "Diluted EPS": 0.49,
        "Basic EPS": 0.49,
        "Diluted NI Availto Com Stockholders": 18683000.0,
        "Net Income Common Stockholders": 18683000.0,
        "Otherunder Preferred Stock Dividend": 50000.0,
        "Preferred Stock Dividends": 1509000.0,
        "Net Income": 20242000.0,
        "Net Income Including Noncontrolling Interests": 20242000.0,
        "Net Income Continuous Operations": 20242000.0,
        "Tax Provision": 7160000.0,
        "Pretax Income": 27402000.0,
        "Special Income Charges": -1320000.0,
        "Restructuring And Mergern Acquisition": 1320000.0,
        "Gain On Sale Of Security": 529000.0,
        "Depreciation Amortization Depletion Income Statement": 279000.0,
        "Depreciation And Amortization In Income Statement": 279000.0,
        "Amortization": 279000.0,
        "Amortization Of Intangibles Income Statement": 279000.0,
        "Selling General And Administration": 25300000.0,
        "Selling And Marketing Expense": 595000.0,
        "General And Administrative Expense": 24705000.0,
        "Insurance And Claims": 2127000.0,
        "Salaries And Wages": 22578000.0,
        "Total Revenue": 70207000.0,
        "Operating Revenue": 70207000.0,
        "Occupancy And Equipment": 2680000.0,
        "Professional Expense And Contract Services Expense": 2366000.0,
        "Other Non Interest Expense": 7360000.0
    },
    "2025-06-30": {
        "Tax Effect Of Unusual Items": -6066059.886872,
        "Tax Rate For Calcs": 0.197302,
        "Total Unusual Items": -30745000.0,
        "Total Unusual Items Excluding Goodwill": -30745000.0,
        "Net Income From Continuing Operation Net Minority Interest": -20293000.0,
        "Reconciled Depreciation": 2576000.0,
        "Net Interest Income": 78883000.0,
        "Interest Expense": 67147000.0,
        "Interest Income": 146030000.0,
        "Normalized Income": 4385940.113128,
        "Net Income From Continuing And Discontinued Operation": -20293000.0,
        "Diluted Average Shares": 42173758.0,
        "Basic Average Shares": 41926923.0,
        "Diluted EPS": -0.52,
        "Basic EPS": -0.52,
        "Diluted NI Availto Com Stockholders": -21749000.0,
        "Net Income Common Stockholders": -21749000.0,
        "Otherunder Preferred Stock Dividend": -53000.0,
        "Preferred Stock Dividends": 1509000.0,
        "Net Income": -20293000.0,
        "Net Income Including Noncontrolling Interests": -20293000.0,
        "Net Income Continuous Operations": -20293000.0,
        "Tax Provision": -4988000.0,
        "Pretax Income": -25281000.0,
        "Special Income Charges": -30745000.0,
        "Restructuring And Mergern Acquisition": 30745000.0,
        "Gain On Sale Of Security": 347000.0,
        "Depreciation Amortization Depletion Income Statement": 1251000.0,
        "Depreciation And Amortization In Income Statement": 1251000.0,
        "Amortization": 1251000.0,
        "Amortization Of Intangibles Income Statement": 1251000.0,
        "Selling General And Administration": 28073000.0,
        "Selling And Marketing Expense": 840000.0,
        "General And Administrative Expense": 27233000.0,
        "Insurance And Claims": 2000000.0,
        "Salaries And Wages": 25233000.0,
        "Total Revenue": 84068000.0,
        "Operating Revenue": 84068000.0,
        "Occupancy And Equipment": 3478000.0,
        "Professional Expense And Contract Services Expense": 2598000.0,
        "Other Non Interest Expense": 7504000.0
    }
}