{
    "2023-03-31": {
        "Tax Effect Of Unusual Items": NaN,
        "Tax Rate For Calcs": NaN,
        "Normalized EBITDA": NaN,
        "Total Unusual Items": NaN,
        "Total Unusual Items Excluding Goodwill": NaN,
        "Net Income From Continuing Operation Net Minority Interest": NaN,
        "Reconciled Depreciation": NaN,
        "Reconciled Cost Of Revenue": NaN,
        "EBITDA": NaN,
        "EBIT": NaN,
        "Net Interest Income": NaN,
        "Interest Expense": NaN,
        "Interest Income": NaN,
        "Normalized Income": NaN,
        "Net Income From Continuing And Discontinued Operation": NaN,
        "Total Expenses": NaN,
        "Total Operating Income As Reported": NaN,
        "Diluted Average Shares": NaN,
        "Basic Average Shares": NaN,
        "Diluted EPS": NaN,
        "Basic EPS": NaN,
        "Diluted NI Availto Com Stockholders": NaN,
        "Net Income Common Stockholders": NaN,
        "Net Income": NaN,
        "Minority Interests": NaN,
        "Net Income Including Noncontrolling Interests": NaN,
        "Net Income Continuous Operations": NaN,
        "Tax Provision": NaN,
        "Pretax Income": NaN,
        "Other Income Expense": NaN,
        "Special Income Charges": NaN,
        "Gain On Sale Of Ppe": 0.0,
        "Gain On Sale Of Business": NaN,
        "Earnings From Equity Interest": NaN,
        "Gain On Sale Of Security": NaN,
        "Net Non Operating Interest Income Expense": NaN,
        "Interest Expense Non Operating": NaN,
        "Interest Income Non Operating": NaN,
        "Operating Income": NaN,
        "Operating Expense": NaN,
        "Other Operating Expenses": NaN,
        "Depreciation Amortization Depletion Income Statement": NaN,
        "Depreciation And Amortization In Income Statement": NaN,
        "Selling General And Administration": NaN,
        "General And Administrative Expense": NaN,
        "Other Gand A": NaN,
        "Gross Profit": NaN,
        "Cost Of Revenue": NaN,
        "Total Revenue": NaN,
        "Operating Revenue": NaN
    },
    "2022-12-31": {
        "Tax Effect Of Unusual Items": NaN,
        "Tax Rate For Calcs": NaN,
        "Normalized EBITDA": NaN,
        "Total Unusual Items": NaN,
        "Total Unusual Items Excluding Goodwill": NaN,
        "Net Income From Continuing Operation Net Minority Interest": NaN,
        "Reconciled Depreciation": NaN,
        "Reconciled Cost Of Revenue": NaN,
        "EBITDA": NaN,
        "EBIT": NaN,
        "Net Interest Income": NaN,
        "Interest Expense": NaN,
        "Interest Income": NaN,
        "Normalized Income": NaN,
        "Net Income From Continuing And Discontinued Operation": NaN,
        "Total Expenses": NaN,
        "Total Operating Income As Reported": NaN,
        "Diluted Average Shares": NaN,
        "Basic Average Shares": NaN,
        "Diluted EPS": NaN,
        "Basic EPS": NaN,
        "Diluted NI Availto Com Stockholders": NaN,
        "Net Income Common Stockholders": NaN,
        "Net Income": NaN,
        "Minority Interests": NaN,
        "Net Income Including Noncontrolling Interests": NaN,
        "Net Income Continuous Operations": NaN,
        "Tax Provision": NaN,
        "Pretax Income": NaN,
        "Other Income Expense": NaN,
        "Special Income Charges": NaN,
        "Gain On Sale Of Ppe": 0.0,
        "Gain On Sale Of Business": NaN,
        "Earnings From Equity Interest": NaN,
        "Gain On Sale Of Security": NaN,
        "Net Non Operating Interest Income Expense": NaN,
        "Interest Expense Non Operating": NaN,
        "Interest Income Non Operating": NaN,
        "Operating Income": NaN,
        "Operating Expense": NaN,
        "Other Operating Expenses": NaN,
        "Depreciation Amortization Depletion Income Statement": NaN,
        "Depreciation And Amortization In Income Statement": NaN,
        "Selling General And Administration": NaN,
        "General And Administrative Expense": NaN,
        "Other Gand A": NaN,
        "Gross Profit": NaN,
        "Cost Of Revenue": NaN,
        "Total Revenue": NaN,
        "Operating Revenue": NaN
    },
    "2022-09-30": {
        "Tax Effect Of Unusual Items": 69041.461007,
        "Tax Rate For Calcs": 0.168806,
        "Normalized EBITDA": 28133000.0,
        "Total Unusual Items": 409000.0,
        "Total Unusual Items Excluding Goodwill": 409000.0,
        "Net Income From Continuing Operation Net Minority Interest": 2944000.0,
        "Reconciled Depreciation": 7553000.0,
        "Reconciled Cost Of Revenue": 59885000.0,
        "EBITDA": 28542000.0,
        "EBIT": 20989000.0,
        "Net Interest Income": -15350000.0,
        "Interest Expense": 15924000.0,
        "Interest Income": 574000.0,
        "Normalized Income": 2604041.461007,
        "Net Income From Continuing And Discontinued Operation": 2944000.0,
        "Total Expenses": 93617000.0,
        "Total Operating Income As Reported": 20006000.0,
        "Diluted Average Shares": 31404000.0,
        "Basic Average Shares": 29864000.0,
        "Diluted EPS": 0.09,
        "Basic EPS": 0.1,
        "Diluted NI Availto Com Stockholders": 2944000.0,
        "Net Income Common Stockholders": 2944000.0,
        "Net Income": 2944000.0,
        "Minority Interests": -1266000.0,
        "Net Income Including Noncontrolling Interests": 4210000.0,
        "Net Income Continuous Operations": 4210000.0,
        "Tax Provision": 855000.0,
        "Pretax Income": 5065000.0,
        "Other Income Expense": 1480000.0,
        "Other Non Operating Income Expenses": NaN,
        "Special Income Charges": 0.0,
        "Gain On Sale Of Ppe": 0.0,
        "Gain On Sale Of Business": NaN,
        "Earnings From Equity Interest": 1071000.0,
        "Gain On Sale Of Security": 409000.0,
        "Net Non Operating Interest Income Expense": -15350000.0,
        "Interest Expense Non Operating": 15924000.0,
        "Interest Income Non Operating": 574000.0,
        "Operating Income": 18935000.0,
        "Operating Expense": 32955000.0,
        "Other Operating Expenses": NaN,
        "Depreciation Amortization Depletion Income Statement": 6776000.0,
        "Depreciation And Amortization In Income Statement": 6776000.0,
        "Selling General And Administration": 26179000.0,
        "General And Administrative Expense": 26179000.0,
        "Other Gand A": 26179000.0,
        "Gross Profit": 51890000.0,
        "Cost Of Revenue": 60662000.0,
        "Total Revenue": 112552000.0,
        "Operating Revenue": 109222000.0
    },
    "2022-06-30": {
        "Tax Effect Of Unusual Items": 169600.0,
        "Tax Rate For Calcs": 0.4,
        "Normalized EBITDA": 28632000.0,
        "Total Unusual Items": 424000.0,
        "Total Unusual Items Excluding Goodwill": 424000.0,
        "Net Income From Continuing Operation Net Minority Interest": 8856000.0,
        "Reconciled Depreciation": 7722000.0,
        "Reconciled Cost Of Revenue": 57807000.0,
        "EBITDA": 29056000.0,
        "EBIT": 21334000.0,
        "Net Interest Income": -21796000.0,
        "Interest Expense": 21904000.0,
        "Interest Income": 108000.0,
        "Normalized Income": 8601600.0,
        "Net Income From Continuing And Discontinued Operation": 8856000.0,
        "Total Expenses": 91383000.0,
        "Total Operating Income As Reported": 20802000.0,
        "Diluted Average Shares": 31506000.0,
        "Basic Average Shares": 29843000.0,
        "Diluted EPS": 0.28,
        "Basic EPS": 0.3,
        "Diluted NI Availto Com Stockholders": 8856000.0,
        "Net Income Common Stockholders": 8856000.0,
        "Net Income": 8856000.0,
        "Minority Interests": -995000.0,
        "Net Income Including Noncontrolling Interests": 9851000.0,
        "Net Income Continuous Operations": 9851000.0,
        "Tax Provision": -10421000.0,
        "Pretax Income": -570000.0,
        "Other Income Expense": 1487000.0,
        "Other Non Operating Income Expenses": NaN,
        "Special Income Charges": 0.0,
        "Gain On Sale Of Ppe": 0.0,
        "Gain On Sale Of Business": NaN,
        "Earnings From Equity Interest": 1063000.0,
        "Gain On Sale Of Security": 424000.0,
        "Net Non Operating Interest Income Expense": -21796000.0,
        "Interest Expense Non Operating": 21904000.0,
        "Interest Income Non Operating": 108000.0,
        "Operating Income": 19739000.0,
        "Operating Expense": 32633000.0,
        "Other Operating Expenses": NaN,
        "Depreciation Amortization Depletion Income Statement": 6779000.0,
        "Depreciation And Amortization In Income Statement": 6779000.0,
        "Selling General And Administration": 25854000.0,
        "General And Administrative Expense": 25854000.0,
        "Other Gand A": 25854000.0,
        "Gross Profit": 52372000.0,
        "Cost Of Revenue": 58750000.0,
        "Total Revenue": 111122000.0,
        "Operating Revenue": 108298000.0
    },
    "2022-03-31": {
        "Diluted EPS": 0.01,
        "Total Revenue": 103,
        "Gross Profit": 49,
        "Operating Income": 13,
        "EBIT": 22,
        "Net Income": 0
    },
    "2021-12-31": {
        "Diluted EPS": 0.13,
        "Total Revenue": 107,
        "Gross Profit": 50,
        "Operating Income": 16,
        "EBIT": 25,
        "Net Income": 4
    },
    "2021-09-30": {
        "Diluted EPS": 0.36,
        "Total Revenue": 117,
        "Gross Profit": 57,
        "Operating Income": 26,
        "EBIT": 35,
        "Net Income": 11
    },
    "2021-06-30": {
        "Diluted EPS": 0.22,
        "Total Revenue": 92,
        "Gross Profit": 46,
        "Operating Income": 18,
        "EBIT": 27,
        "Net Income": 7
    },
    "2021-03-31": {
        "Diluted EPS": -0.05,
        "Total Revenue": 72,
        "Gross Profit": 35,
        "Operating Income": 8,
        "EBIT": 17,
        "Net Income": -1
    },
    "2020-12-31": {
        "Diluted EPS": 0.23,
        "Total Revenue": 85,
        "Gross Profit": 40,
        "Operating Income": 19,
        "EBIT": -9,
        "Net Income": 7
    },
    "2020-09-30": {
        "Diluted EPS": 0.13,
        "Total Revenue": 96,
        "Gross Profit": 46,
        "Operating Income": 15,
        "EBIT": 58,
        "Net Income": 4
    },
    "2020-06-30": {
        "Diluted EPS": -0.43,
        "Total Revenue": 36,
        "Gross Profit": 14,
        "Operating Income": -2,
        "EBIT": -27,
        "Net Income": -13
    },
    "2020-03-31": {
        "Diluted EPS": -1.55,
        "Total Revenue": 88,
        "Gross Profit": 35,
        "Operating Income": -32,
        "EBIT": 10,
        "Net Income": -46
    },
    "2019-12-31": {
        "Diluted EPS": -0.69,
        "Total Revenue": 67,
        "Gross Profit": 18,
        "Operating Income": -15,
        "EBIT": -5,
        "Net Income": -20
    },
    "2019-09-30": {
        "Diluted EPS": 0.02,
        "Total Revenue": 53,
        "Gross Profit": 26,
        "Operating Income": 3,
        "EBIT": 7,
        "Net Income": 0
    },
    "2019-06-30": {
        "Diluted EPS": -0.02,
        "Total Revenue": 52,
        "Gross Profit": 26,
        "Operating Income": 3,
        "EBIT": 5,
        "Net Income": -1
    },
    "2019-03-31": {
        "Diluted EPS": 0.04,
        "Total Revenue": 46,
        "Gross Profit": 22,
        "Operating Income": 3,
        "EBIT": 6,
        "Net Income": 1
    },
    "2018-12-31": {
        "Diluted EPS": 0.02,
        "Total Revenue": 45,
        "Gross Profit": 20,
        "Operating Income": 2,
        "EBIT": 5,
        "Net Income": 1
    },
    "2018-09-30": {
        "Diluted EPS": 0.05,
        "Total Revenue": 44,
        "Gross Profit": 21,
        "Operating Income": 3,
        "EBIT": 6,
        "Net Income": 2
    },
    "2018-06-30": {
        "Diluted EPS": 0.01,
        "Total Revenue": 40,
        "Gross Profit": 19,
        "Operating Income": 1,
        "EBIT": 3,
        "Net Income": 0
    },
    "2018-03-31": {
        "Diluted EPS": 0.03,
        "Total Revenue": 41,
        "Gross Profit": 19,
        "Operating Income": 3,
        "EBIT": 6,
        "Net Income": 1
    },
    "2017-12-31": {
        "Diluted EPS": -0.23,
        "Total Revenue": 39,
        "Gross Profit": 18,
        "Operating Income": 2,
        "EBIT": 5,
        "Net Income": -5
    },
    "2017-09-30": {
        "Diluted EPS": 0.31,
        "Total Revenue": 41,
        "Gross Profit": 20,
        "Operating Income": 5,
        "EBIT": 7,
        "Net Income": 8
    },
    "2017-06-30": {
        "Diluted EPS": 0.07,
        "Total Revenue": 37,
        "Gross Profit": 18,
        "Operating Income": 4,
        "EBIT": 6,
        "Net Income": 2
    },
    "2017-03-31": {
        "Diluted EPS": 0.09,
        "Total Revenue": 36,
        "Gross Profit": 18,
        "Operating Income": 4,
        "EBIT": 7,
        "Net Income": 2
    },
    "2016-12-31": {
        "Diluted EPS": 0.11,
        "Total Revenue": 36,
        "Gross Profit": 16,
        "Operating Income": 4,
        "EBIT": 6,
        "Net Income": 3
    },
    "2016-09-30": {
        "Diluted EPS": 0.08,
        "Total Revenue": 35,
        "Gross Profit": 17,
        "Operating Income": 4,
        "EBIT": 6,
        "Net Income": 2
    },
    "2016-06-30": {
        "Diluted EPS": 0.09,
        "Total Revenue": 35,
        "Gross Profit": 18,
        "Operating Income": 5,
        "EBIT": 7,
        "Net Income": 2
    },
    "2016-03-31": {
        "Diluted EPS": 0.09,
        "Total Revenue": 33,
        "Gross Profit": 17,
        "Operating Income": 4,
        "EBIT": 6,
        "Net Income": 2
    },
    "2015-12-31": {
        "Diluted EPS": 0.01,
        "Total Revenue": 32,
        "Gross Profit": 15,
        "Operating Income": 2,
        "EBIT": 4,
        "Net Income": 0
    },
    "2015-09-30": {
        "Diluted EPS": 0.11,
        "Total Revenue": 34,
        "Gross Profit": 17,
        "Operating Income": 4,
        "EBIT": 7,
        "Net Income": 3
    },
    "2015-06-30": {
        "Diluted EPS": 0.27,
        "Total Revenue": 38,
        "Gross Profit": 21,
        "Operating Income": 8,
        "EBIT": 10,
        "Net Income": 7
    },
    "2015-03-31": {
        "Diluted EPS": 0.08,
        "Total Revenue": 30,
        "Gross Profit": 13,
        "Operating Income": 2,
        "EBIT": 4,
        "Net Income": 2
    },
    "2014-12-31": {
        "Diluted EPS": -0.01,
        "Total Revenue": 31,
        "Gross Profit": 13,
        "Operating Income": 1,
        "EBIT": 4,
        "Net Income": 0
    },
    "2014-09-30": {
        "Diluted EPS": 0.03,
        "Total Revenue": 28,
        "Gross Profit": 12,
        "Operating Income": 1,
        "EBIT": 3,
        "Net Income": 1
    },
    "2014-06-30": {
        "Diluted EPS": 0.01,
        "Total Revenue": 32,
        "Gross Profit": 13,
        "Operating Income": 0,
        "EBIT": 2,
        "Net Income": 0
    },
    "2014-03-31": {
        "Diluted EPS": 0.02,
        "Total Revenue": 29,
        "Gross Profit": 11,
        "Operating Income": 1,
        "EBIT": 3,
        "Net Income": 1
    },
    "2013-12-31": {
        "Diluted EPS": 0.0,
        "Total Revenue": 29,
        "Gross Profit": 12,
        "Operating Income": 0,
        "EBIT": 2,
        "Net Income": 0
    },
    "2013-09-30": {
        "Diluted EPS": 0.04,
        "Total Revenue": 29,
        "Gross Profit": 12,
        "Operating Income": 1,
        "EBIT": 3,
        "Net Income": 1
    },
    "2013-06-30": {
        "Diluted EPS": 0.15,
        "Total Revenue": 28,
        "Gross Profit": 12,
        "Operating Income": 2,
        "EBIT": 4,
        "Net Income": 4
    },
    "2013-03-31": {
        "Diluted EPS": 0.07,
        "Total Revenue": 18,
        "Gross Profit": 9,
        "Operating Income": 2,
        "EBIT": 3,
        "Net Income": 2
    },
    "2012-12-31": {
        "Diluted EPS": 0.02,
        "Total Revenue": 18,
        "Gross Profit": 8,
        "Operating Income": 1,
        "EBIT": 2,
        "Net Income": 1
    },
    "2012-09-30": {
        "Diluted EPS": 0.05,
        "Total Revenue": 19,
        "Gross Profit": 8,
        "Operating Income": 2,
        "EBIT": 3,
        "Net Income": 1
    },
    "2012-06-30": {
        "Diluted EPS": 0.05,
        "Total Revenue": 18,
        "Gross Profit": 8,
        "Operating Income": 2,
        "EBIT": 3,
        "Net Income": 1
    },
    "2012-03-31": {
        "Diluted EPS": 0.05,
        "Total Revenue": 18,
        "Gross Profit": 8,
        "Operating Income": 2,
        "EBIT": 3,
        "Net Income": 1
    },
    "2011-12-31": {
        "Diluted EPS": 0.02,
        "Total Revenue": 18,
        "Gross Profit": 8,
        "Operating Income": 1,
        "EBIT": 2,
        "Net Income": 1
    },
    "2011-09-30": {
        "Diluted EPS": 0.06,
        "Total Revenue": 18,
        "Gross Profit": 8,
        "Operating Income": 2,
        "EBIT": 3,
        "Net Income": 1
    },
    "2011-06-30": {
        "Diluted EPS": 0.03,
        "Total Revenue": 18,
        "Gross Profit": 8,
        "Operating Income": 1,
        "EBIT": 3,
        "Net Income": 1
    },
    "2011-03-31": {
        "Diluted EPS": 0.02,
        "Total Revenue": 17,
        "Gross Profit": 8,
        "Operating Income": 1,
        "EBIT": 3,
        "Net Income": 0
    },
    "2010-12-31": {
        "Diluted EPS": 0.03,
        "Total Revenue": 16,
        "Gross Profit": 6,
        "Operating Income": 0,
        "EBIT": 1,
        "Net Income": 1
    },
    "2010-09-30": {
        "Diluted EPS": 0.01,
        "Total Revenue": 16,
        "Gross Profit": 7,
        "Operating Income": 1,
        "EBIT": 2,
        "Net Income": 0
    },
    "2010-06-30": {
        "Diluted EPS": -0.01,
        "Total Revenue": 15,
        "Gross Profit": 7,
        "Operating Income": 0,
        "EBIT": 2,
        "Net Income": 0
    },
    "2010-03-31": {
        "Diluted EPS": 0.01,
        "Total Revenue": 14,
        "Gross Profit": 7,
        "Operating Income": 0,
        "EBIT": 2,
        "Net Income": 0
    },
    "2009-12-31": {
        "Diluted EPS": -0.32,
        "Total Revenue": 12,
        "Gross Profit": 6,
        "Operating Income": -9,
        "EBIT": -7,
        "Net Income": -8
    },
    "2009-09-30": {
        "Diluted EPS": -0.03,
        "Total Revenue": 14,
        "Gross Profit": 7,
        "Operating Income": 1,
        "EBIT": 4,
        "Net Income": -1
    },
    "2009-06-30": {
        "Diluted EPS": 0.8,
        "Total Revenue": 12,
        "Gross Profit": 6,
        "Operating Income": 0,
        "EBIT": 2,
        "Net Income": 19
    },
    "2009-03-31": {
        "Diluted EPS": 0.01,
        "Total Revenue": 12,
        "Gross Profit": 6,
        "Operating Income": 0,
        "EBIT": 2,
        "Net Income": 0
    },
    "2023-06-30": {
        "Tax Effect Of Unusual Items": NaN,
        "Tax Rate For Calcs": NaN,
        "Normalized EBITDA": NaN,
        "Total Unusual Items": NaN,
        "Total Unusual Items Excluding Goodwill": NaN,
        "Net Income From Continuing Operation Net Minority Interest": NaN,
        "Reconciled Depreciation": NaN,
        "Reconciled Cost Of Revenue": NaN,
        "EBITDA": NaN,
        "EBIT": NaN,
        "Net Interest Income": NaN,
        "Interest Expense": NaN,
        "Interest Income": NaN,
        "Normalized Income": NaN,
        "Net Income From Continuing And Discontinued Operation": NaN,
        "Total Expenses": NaN,
        "Total Operating Income As Reported": NaN,
        "Diluted Average Shares": 30335000.0,
        "Basic Average Shares": 30335000.0,
        "Diluted EPS": -0.06,
        "Basic EPS": -0.06,
        "Diluted NI Availto Com Stockholders": NaN,
        "Net Income Common Stockholders": NaN,
        "Net Income": NaN,
        "Minority Interests": NaN,
        "Net Income Including Noncontrolling Interests": NaN,
        "Net Income Continuous Operations": NaN,
        "Tax Provision": NaN,
        "Pretax Income": NaN,
        "Other Income Expense": NaN,
        "Special Income Charges": NaN,
        "Gain On Sale Of Ppe": 0.0,
        "Gain On Sale Of Business": NaN,
        "Earnings From Equity Interest": NaN,
        "Gain On Sale Of Security": NaN,
        "Net Non Operating Interest Income Expense": NaN,
        "Interest Expense Non Operating": NaN,
        "Interest Income Non Operating": NaN,
        "Operating Income": NaN,
        "Operating Expense": NaN,
        "Other Operating Expenses": 3265000.0,
        "Depreciation Amortization Depletion Income Statement": NaN,
        "Depreciation And Amortization In Income Statement": NaN,
        "Selling General And Administration": NaN,
        "General And Administrative Expense": NaN,
        "Other Gand A": NaN,
        "Gross Profit": NaN,
        "Cost Of Revenue": NaN,
        "Total Revenue": NaN,
        "Operating Revenue": NaN
    },
    "2023-09-30": {
        "Tax Effect Of Unusual Items": NaN,
        "Tax Rate For Calcs": NaN,
        "Normalized EBITDA": NaN,
        "Total Unusual Items": NaN,
        "Total Unusual Items Excluding Goodwill": NaN,
        "Net Income From Continuing Operation Net Minority Interest": NaN,
        "Reconciled Depreciation": NaN,
        "Reconciled Cost Of Revenue": NaN,
        "EBITDA": NaN,
        "EBIT": NaN,
        "Net Interest Income": NaN,
        "Interest Expense": NaN,
        "Interest Income": NaN,
        "Normalized Income": NaN,
        "Net Income From Continuing And Discontinued Operation": NaN,
        "Total Expenses": NaN,
        "Total Operating Income As Reported": NaN,
        "Diluted Average Shares": NaN,
        "Basic Average Shares": NaN,
        "Diluted EPS": NaN,
        "Basic EPS": NaN,
        "Diluted NI Availto Com Stockholders": NaN,
        "Net Income Common Stockholders": NaN,
        "Net Income": NaN,
        "Minority Interests": NaN,
        "Net Income Including Noncontrolling Interests": NaN,
        "Net Income Continuous Operations": NaN,
        "Tax Provision": NaN,
        "Pretax Income": NaN,
        "Other Income Expense": NaN,
        "Special Income Charges": NaN,
        "Gain On Sale Of Ppe": 0.0,
        "Gain On Sale Of Business": NaN,
        "Earnings From Equity Interest": NaN,
        "Gain On Sale Of Security": NaN,
        "Net Non Operating Interest Income Expense": NaN,
        "Interest Expense Non Operating": NaN,
        "Interest Income Non Operating": NaN,
        "Operating Income": NaN,
        "Operating Expense": NaN,
        "Depreciation Amortization Depletion Income Statement": NaN,
        "Depreciation And Amortization In Income Statement": NaN,
        "Selling General And Administration": NaN,
        "General And Administrative Expense": NaN,
        "Other Gand A": NaN,
        "Gross Profit": NaN,
        "Cost Of Revenue": NaN,
        "Total Revenue": NaN,
        "Operating Revenue": NaN
    },
    "2023-12-31": {
        "Tax Effect Of Unusual Items": NaN,
        "Tax Rate For Calcs": NaN,
        "Normalized EBITDA": NaN,
        "Total Unusual Items": NaN,
        "Total Unusual Items Excluding Goodwill": NaN,
        "Net Income From Continuing Operation Net Minority Interest": NaN,
        "Reconciled Depreciation": NaN,
        "Reconciled Cost Of Revenue": NaN,
        "EBITDA": NaN,
        "EBIT": NaN,
        "Net Interest Income": NaN,
        "Interest Expense": NaN,
        "Interest Income": NaN,
        "Normalized Income": NaN,
        "Net Income From Continuing And Discontinued Operation": NaN,
        "Total Expenses": NaN,
        "Total Operating Income As Reported": NaN,
        "Diluted Average Shares": NaN,
        "Basic Average Shares": NaN,
        "Diluted EPS": NaN,
        "Basic EPS": NaN,
        "Diluted NI Availto Com Stockholders": NaN,
        "Net Income Common Stockholders": NaN,
        "Net Income": NaN,
        "Minority Interests": NaN,
        "Net Income Including Noncontrolling Interests": NaN,
        "Net Income Continuous Operations": NaN,
        "Tax Provision": NaN,
        "Pretax Income": NaN,
        "Other Income Expense": NaN,
        "Special Income Charges": 73000.0,
        "Gain On Sale Of Ppe": 0.0,
        "Gain On Sale Of Business": 73000.0,
        "Earnings From Equity Interest": 0.0,
        "Gain On Sale Of Security": NaN,
        "Net Non Operating Interest Income Expense": NaN,
        "Interest Expense Non Operating": NaN,
        "Interest Income Non Operating": NaN,
        "Operating Income": NaN,
        "Operating Expense": NaN,
        "Depreciation Amortization Depletion Income Statement": NaN,
        "Depreciation And Amortization In Income Statement": NaN,
        "Selling General And Administration": NaN,
        "General And Administrative Expense": NaN,
        "Other Gand A": NaN,
        "Gross Profit": NaN,
        "Cost Of Revenue": NaN,
        "Total Revenue": NaN,
        "Operating Revenue": NaN
    },
    "2024-03-31": {
        "Tax Effect Of Unusual Items": NaN,
        "Tax Rate For Calcs": NaN,
        "Normalized EBITDA": NaN,
        "Total Unusual Items": NaN,
        "Total Unusual Items Excluding Goodwill": NaN,
        "Net Income From Continuing Operation Net Minority Interest": NaN,
        "Reconciled Depreciation": NaN,
        "Reconciled Cost Of Revenue": NaN,
        "EBITDA": NaN,
        "EBIT": NaN,
        "Net Interest Income": NaN,
        "Interest Expense": NaN,
        "Interest Income": NaN,
        "Normalized Income": NaN,
        "Net Income From Continuing And Discontinued Operation": NaN,
        "Total Expenses": NaN,
        "Total Operating Income As Reported": NaN,
        "Diluted Average Shares": NaN,
        "Basic Average Shares": NaN,
        "Diluted EPS": NaN,
        "Basic EPS": NaN,
        "Diluted NI Availto Com Stockholders": NaN,
        "Net Income Common Stockholders": NaN,
        "Net Income": NaN,
        "Minority Interests": NaN,
        "Net Income Including Noncontrolling Interests": NaN,
        "Net Income Continuous Operations": NaN,
        "Tax Provision": NaN,
        "Pretax Income": NaN,
        "Other Income Expense": NaN,
        "Special Income Charges": 0.0,
        "Gain On Sale Of Business": 0.0,
        "Earnings From Equity Interest": 0.0,
        "Gain On Sale Of Security": NaN,
        "Net Non Operating Interest Income Expense": NaN,
        "Interest Expense Non Operating": NaN,
        "Interest Income Non Operating": NaN,
        "Operating Income": NaN,
        "Operating Expense": NaN,
        "Depreciation Amortization Depletion Income Statement": NaN,
        "Depreciation And Amortization In Income Statement": NaN,
        "Selling General And Administration": NaN,
        "General And Administrative Expense": NaN,
        "Other Gand A": NaN,
        "Gross Profit": NaN,
        "Cost Of Revenue": NaN,
        "Total Revenue": NaN,
        "Operating Revenue": NaN
    },
    "2024-06-30": {
        "Tax Effect Of Unusual Items": 299880.0,
        "Tax Rate For Calcs": 0.21,
        "Normalized EBITDA": 27383000.0,
        "Total Unusual Items": 1428000.0,
        "Total Unusual Items Excluding Goodwill": 1428000.0,
        "Net Income From Continuing Operation Net Minority Interest": -41613000.0,
        "Reconciled Depreciation": 11584000.0,
        "Reconciled Cost Of Revenue": 83371000.0,
        "EBITDA": 28811000.0,
        "EBIT": 16362000.0,
        "Net Interest Income": -25083000.0,
        "Interest Expense": 25756000.0,
        "Interest Income": 673000.0,
        "Normalized Income": -42741120.0,
        "Net Income From Continuing And Discontinued Operation": -41613000.0,
        "Total Expenses": 132174000.0,
        "Total Operating Income As Reported": 14261000.0,
        "Diluted Average Shares": NaN,
        "Basic Average Shares": NaN,
        "Diluted EPS": NaN,
        "Basic EPS": NaN,
        "Diluted NI Availto Com Stockholders": -41613000.0,
        "Net Income Common Stockholders": -41613000.0,
        "Net Income": -41613000.0,
        "Minority Interests": -2600000.0,
        "Net Income Including Noncontrolling Interests": -39013000.0,
        "Net Income Continuous Operations": -39013000.0,
        "Tax Provision": 29619000.0,
        "Pretax Income": -9394000.0,
        "Other Income Expense": 1428000.0,
        "Special Income Charges": 0.0,
        "Gain On Sale Of Business": 0.0,
        "Earnings From Equity Interest": 0.0,
        "Gain On Sale Of Security": 1428000.0,
        "Net Non Operating Interest Income Expense": -25083000.0,
        "Interest Expense Non Operating": 25756000.0,
        "Interest Income Non Operating": 673000.0,
        "Operating Income": 14261000.0,
        "Operating Expense": 49668000.0,
        "Depreciation Amortization Depletion Income Statement": 12449000.0,
        "Depreciation And Amortization In Income Statement": 12449000.0,
        "Selling General And Administration": 37219000.0,
        "General And Administrative Expense": 37219000.0,
        "Other Gand A": 37219000.0,
        "Gross Profit": 63929000.0,
        "Cost Of Revenue": 82506000.0,
        "Total Revenue": 146435000.0,
        "Operating Revenue": 138764000.0
    },
    "2024-09-30": {
        "Tax Effect Of Unusual Items": 6009.06644,
        "Tax Rate For Calcs": 0.047315,
        "Normalized EBITDA": 34186000.0,
        "Total Unusual Items": 127000.0,
        "Total Unusual Items Excluding Goodwill": 127000.0,
        "Net Income From Continuing Operation Net Minority Interest": -8119000.0,
        "Reconciled Depreciation": 15517000.0,
        "Reconciled Cost Of Revenue": 86132000.0,
        "EBITDA": 34313000.0,
        "EBIT": 18796000.0,
        "Net Interest Income": -25104000.0,
        "Interest Expense": 25855000.0,
        "Interest Income": 751000.0,
        "Normalized Income": -8239990.93356,
        "Net Income From Continuing And Discontinued Operation": -8119000.0,
        "Total Expenses": 137783000.0,
        "Total Operating Income As Reported": 17918000.0,
        "Diluted Average Shares": 30683000.0,
        "Basic Average Shares": 30683000.0,
        "Diluted EPS": -0.26,
        "Basic EPS": -0.26,
        "Diluted NI Availto Com Stockholders": -8119000.0,
        "Net Income Common Stockholders": -8119000.0,
        "Net Income": -8119000.0,
        "Minority Interests": -1394000.0,
        "Net Income Including Noncontrolling Interests": -6725000.0,
        "Net Income Continuous Operations": -6725000.0,
        "Tax Provision": -334000.0,
        "Pretax Income": -7059000.0,
        "Other Income Expense": 127000.0,
        "Special Income Charges": 0.0,
        "Gain On Sale Of Business": 0.0,
        "Earnings From Equity Interest": 0.0,
        "Gain On Sale Of Security": 127000.0,
        "Net Non Operating Interest Income Expense": -25104000.0,
        "Interest Expense Non Operating": 25855000.0,
        "Interest Income Non Operating": 751000.0,
        "Operating Income": 17918000.0,
        "Operating Expense": 48596000.0,
        "Depreciation Amortization Depletion Income Statement": 12462000.0,
        "Depreciation And Amortization In Income Statement": 12462000.0,
        "Selling General And Administration": 36134000.0,
        "General And Administrative Expense": 36134000.0,
        "Other Gand A": 36134000.0,
        "Gross Profit": 66514000.0,
        "Cost Of Revenue": 89187000.0,
        "Total Revenue": 155701000.0,
        "Operating Revenue": 145183000.0
    },
    "2024-12-31": {
        "Tax Effect Of Unusual Items": -9121980.0,
        "Tax Rate For Calcs": 0.21,
        "Normalized EBITDA": 23986000.0,
        "Total Unusual Items": -43438000.0,
        "Total Unusual Items Excluding Goodwill": -43438000.0,
        "Net Income From Continuing Operation Net Minority Interest": -64894000.0,
        "Reconciled Depreciation": 15886000.0,
        "Reconciled Cost Of Revenue": 77681000.0,
        "EBITDA": -19452000.0,
        "EBIT": -35338000.0,
        "Net Interest Income": -25407000.0,
        "Interest Expense": 25941000.0,
        "Interest Income": 534000.0,
        "Normalized Income": -30577980.0,
        "Net Income From Continuing And Discontinued Operation": -64894000.0,
        "Total Expenses": 130206000.0,
        "Total Operating Income As Reported": -36150000.0,
        "Diluted Average Shares": 30683000.0,
        "Basic Average Shares": 30683000.0,
        "Diluted EPS": -2.11,
        "Basic EPS": -2.11,
        "Diluted NI Availto Com Stockholders": -64894000.0,
        "Net Income Common Stockholders": -64894000.0,
        "Net Income": -64894000.0,
        "Minority Interests": -1241000.0,
        "Net Income Including Noncontrolling Interests": -63653000.0,
        "Net Income Continuous Operations": -63653000.0,
        "Tax Provision": 2374000.0,
        "Pretax Income": -61279000.0,
        "Other Income Expense": -43438000.0,
        "Special Income Charges": -43716000.0,
        "Gain On Sale Of Business": 0.0,
        "Earnings From Equity Interest": 0.0,
        "Gain On Sale Of Security": 278000.0,
        "Net Non Operating Interest Income Expense": -25407000.0,
        "Interest Expense Non Operating": 25941000.0,
        "Interest Income Non Operating": 534000.0,
        "Operating Income": 7566000.0,
        "Operating Expense": 49292000.0,
        "Depreciation Amortization Depletion Income Statement": 12653000.0,
        "Depreciation And Amortization In Income Statement": 12653000.0,
        "Selling General And Administration": 36639000.0,
        "General And Administrative Expense": 36639000.0,
        "Other Gand A": 36639000.0,
        "Gross Profit": 56858000.0,
        "Cost Of Revenue": 80914000.0,
        "Total Revenue": 137772000.0,
        "Operating Revenue": 131368000.0
    },
    "2025-03-31": {
        "Tax Effect Of Unusual Items": 24990.0,
        "Tax Rate For Calcs": 0.21,
        "Normalized EBITDA": 21683000.0,
        "Total Unusual Items": 119000.0,
        "Total Unusual Items Excluding Goodwill": 119000.0,
        "Net Income From Continuing Operation Net Minority Interest": -20613000.0,
        "Reconciled Depreciation": 14163000.0,
        "Reconciled Cost Of Revenue": 73052000.0,
        "EBITDA": 21802000.0,
        "EBIT": 7639000.0,
        "Net Interest Income": -25657000.0,
        "Interest Expense": 26037000.0,
        "Interest Income": 380000.0,
        "Normalized Income": -20707010.0,
        "Net Income From Continuing And Discontinued Operation": -20613000.0,
        "Total Expenses": 123303000.0,
        "Total Operating Income As Reported": 7140000.0,
        "Diluted Average Shares": 30683000.0,
        "Basic Average Shares": 30683000.0,
        "Diluted EPS": -0.67,
        "Basic EPS": -0.67,
        "Diluted NI Availto Com Stockholders": -20613000.0,
        "Net Income Common Stockholders": -20613000.0,
        "Net Income": -20613000.0,
        "Minority Interests": -1734000.0,
        "Net Income Including Noncontrolling Interests": -18879000.0,
        "Net Income Continuous Operations": -18879000.0,
        "Tax Provision": 481000.0,
        "Pretax Income": -18398000.0,
        "Other Income Expense": 119000.0,
        "Special Income Charges": NaN,
        "Gain On Sale Of Business": NaN,
        "Earnings From Equity Interest": NaN,
        "Gain On Sale Of Security": 119000.0,
        "Net Non Operating Interest Income Expense": -25657000.0,
        "Interest Expense Non Operating": 26037000.0,
        "Interest Income Non Operating": 380000.0,
        "Operating Income": 7140000.0,
        "Operating Expense": 48482000.0,
        "Depreciation Amortization Depletion Income Statement": 12394000.0,
        "Depreciation And Amortization In Income Statement": 12394000.0,
        "Selling General And Administration": 36088000.0,
        "General And Administrative Expense": 36088000.0,
        "Other Gand A": 36088000.0,
        "Gross Profit": 55622000.0,
        "Cost Of Revenue": 74821000.0,
        "Total Revenue": 130443000.0,
        "Operating Revenue": 125364000.0
    },
    "2025-06-30": {
        "Tax Effect Of Unusual Items": 218400.0,
        "Tax Rate For Calcs": 0.21,
        "Normalized EBITDA": 29691000.0,
        "Total Unusual Items": 1040000.0,
        "Total Unusual Items Excluding Goodwill": 1040000.0,
        "Net Income From Continuing Operation Net Minority Interest": -12309000.0,
        "Reconciled Depreciation": 11073000.0,
        "Reconciled Cost Of Revenue": 87466000.0,
        "EBITDA": 30731000.0,
        "EBIT": 17888000.0,
        "Net Interest Income": -25938000.0,
        "Interest Expense": 26211000.0,
        "Interest Income": 273000.0,
        "Normalized Income": -13130600.0,
        "Net Income From Continuing And Discontinued Operation": -12309000.0,
        "Total Expenses": 134243000.0,
        "Total Operating Income As Reported": 16575000.0,
        "Diluted Average Shares": 30565000.0,
        "Basic Average Shares": 30565000.0,
        "Diluted EPS": -0.4,
        "Basic EPS": -0.4,
        "Diluted NI Availto Com Stockholders": -12309000.0,
        "Net Income Common Stockholders": -12309000.0,
        "Net Income": -12309000.0,
        "Minority Interests": -2736000.0,
        "Net Income Including Noncontrolling Interests": -9573000.0,
        "Net Income Continuous Operations": -9573000.0,
        "Tax Provision": 1250000.0,
        "Pretax Income": -8323000.0,
        "Other Income Expense": 1040000.0,
        "Special Income Charges": NaN,
        "Gain On Sale Of Business": NaN,
        "Earnings From Equity Interest": NaN,
        "Gain On Sale Of Security": 1040000.0,
        "Net Non Operating Interest Income Expense": -25938000.0,
        "Interest Expense Non Operating": 26211000.0,
        "Interest Income Non Operating": 273000.0,
        "Operating Income": 16575000.0,
        "Operating Expense": 48547000.0,
        "Depreciation Amortization Depletion Income Statement": 12843000.0,
        "Depreciation And Amortization In Income Statement": 12843000.0,
        "Selling General And Administration": 35704000.0,
        "General And Administrative Expense": 35704000.0,
        "Other Gand A": 35704000.0,
        "Gross Profit": 65122000.0,
        "Cost Of Revenue": 85696000.0,
        "Total Revenue": 150818000.0,
        "Operating Revenue": 143707000.0
    },
    "2025-09-30": {
        "Tax Effect Of Unusual Items": NaN,
        "Tax Rate For Calcs": NaN,
        "Normalized EBITDA": NaN,
        "Total Unusual Items": NaN,
        "Total Unusual Items Excluding Goodwill": NaN,
        "Net Income From Continuing Operation Net Minority Interest": NaN,
        "Reconciled Depreciation": NaN,
        "Reconciled Cost Of Revenue": NaN,
        "EBITDA": NaN,
        "EBIT": NaN,
        "Net Interest Income": NaN,
        "Interest Expense": NaN,
        "Interest Income": NaN,
        "Normalized Income": NaN,
        "Net Income From Continuing And Discontinued Operation": NaN,
        "Total Expenses": NaN,
        "Total Operating Income As Reported": NaN,
        "Diluted Average Shares": 29956000.0,
        "Basic Average Shares": 29956000.0,
        "Diluted EPS": -0.35,
        "Basic EPS": -0.35,
        "Diluted NI Availto Com Stockholders": NaN,
        "Net Income Common Stockholders": NaN,
        "Net Income": NaN,
        "Minority Interests": NaN,
        "Net Income Including Noncontrolling Interests": NaN,
        "Net Income Continuous Operations": NaN,
        "Tax Provision": NaN,
        "Pretax Income": NaN,
        "Other Income Expense": NaN,
        "Special Income Charges": NaN,
        "Gain On Sale Of Business": NaN,
        "Earnings From Equity Interest": NaN,
        "Gain On Sale Of Security": NaN,
        "Net Non Operating Interest Income Expense": NaN,
        "Interest Expense Non Operating": NaN,
        "Interest Income Non Operating": NaN,
        "Operating Income": NaN,
        "Operating Expense": NaN,
        "Depreciation Amortization Depletion Income Statement": NaN,
        "Depreciation And Amortization In Income Statement": NaN,
        "Selling General And Administration": NaN,
        "General And Administrative Expense": NaN,
        "Other Gand A": NaN,
        "Gross Profit": NaN,
        "Cost Of Revenue": NaN,
        "Total Revenue": NaN,
        "Operating Revenue": NaN
    }
}