{
    "2023-06-30": {
        "Tax Effect Of Unusual Items": NaN,
        "Tax Rate For Calcs": NaN,
        "Normalized EBITDA": NaN,
        "Total Unusual Items": NaN,
        "Total Unusual Items Excluding Goodwill": NaN,
        "Net Income From Continuing Operation Net Minority Interest": NaN,
        "Reconciled Depreciation": NaN,
        "Reconciled Cost Of Revenue": NaN,
        "EBITDA": NaN,
        "EBIT": NaN,
        "Net Interest Income": NaN,
        "Interest Expense": NaN,
        "Normalized Income": NaN,
        "Net Income From Continuing And Discontinued Operation": NaN,
        "Total Expenses": NaN,
        "Diluted Average Shares": NaN,
        "Basic Average Shares": NaN,
        "Diluted EPS": NaN,
        "Basic EPS": NaN,
        "Diluted NI Availto Com Stockholders": NaN,
        "Average Dilution Earnings": NaN,
        "Net Income Common Stockholders": NaN,
        "Net Income": NaN,
        "Net Income Including Noncontrolling Interests": NaN,
        "Net Income Continuous Operations": NaN,
        "Tax Provision": NaN,
        "Pretax Income": NaN,
        "Other Income Expense": NaN,
        "Other Non Operating Income Expenses": NaN,
        "Special Income Charges": NaN,
        "Gain On Sale Of Ppe": NaN,
        "Other Special Charges": 1000000.0,
        "Gain On Sale Of Security": NaN,
        "Net Non Operating Interest Income Expense": NaN,
        "Total Other Finance Cost": 3000000.0,
        "Interest Expense Non Operating": NaN,
        "Operating Income": NaN,
        "Operating Expense": NaN,
        "Other Operating Expenses": NaN,
        "Selling General And Administration": NaN,
        "Selling And Marketing Expense": 1000000.0,
        "General And Administrative Expense": 31000000.0,
        "Other Gand A": 16000000.0,
        "Insurance And Claims": 1000000.0,
        "Salaries And Wages": 14000000.0,
        "Gross Profit": NaN,
        "Cost Of Revenue": NaN,
        "Total Revenue": NaN,
        "Operating Revenue": NaN
    },
    "2023-03-31": {
        "Tax Effect Of Unusual Items": NaN,
        "Tax Rate For Calcs": NaN,
        "Normalized EBITDA": NaN,
        "Total Unusual Items": NaN,
        "Total Unusual Items Excluding Goodwill": NaN,
        "Net Income From Continuing Operation Net Minority Interest": NaN,
        "Reconciled Depreciation": NaN,
        "Reconciled Cost Of Revenue": NaN,
        "EBITDA": NaN,
        "EBIT": NaN,
        "Net Interest Income": NaN,
        "Interest Expense": NaN,
        "Normalized Income": NaN,
        "Net Income From Continuing And Discontinued Operation": NaN,
        "Total Expenses": NaN,
        "Diluted Average Shares": NaN,
        "Basic Average Shares": NaN,
        "Diluted EPS": NaN,
        "Basic EPS": NaN,
        "Diluted NI Availto Com Stockholders": NaN,
        "Average Dilution Earnings": NaN,
        "Net Income Common Stockholders": NaN,
        "Net Income": NaN,
        "Net Income Including Noncontrolling Interests": NaN,
        "Net Income Continuous Operations": NaN,
        "Tax Provision": NaN,
        "Pretax Income": NaN,
        "Other Income Expense": NaN,
        "Other Non Operating Income Expenses": NaN,
        "Special Income Charges": NaN,
        "Gain On Sale Of Ppe": NaN,
        "Other Special Charges": NaN,
        "Gain On Sale Of Security": NaN,
        "Net Non Operating Interest Income Expense": NaN,
        "Total Other Finance Cost": 3000000.0,
        "Interest Expense Non Operating": NaN,
        "Operating Income": NaN,
        "Operating Expense": NaN,
        "Other Operating Expenses": NaN,
        "Selling General And Administration": NaN,
        "Selling And Marketing Expense": 2000000.0,
        "General And Administrative Expense": NaN,
        "Other Gand A": NaN,
        "Insurance And Claims": NaN,
        "Salaries And Wages": NaN,
        "Gross Profit": NaN,
        "Cost Of Revenue": NaN,
        "Total Revenue": NaN,
        "Operating Revenue": NaN
    },
    "2022-12-31": {
        "Tax Effect Of Unusual Items": NaN,
        "Tax Rate For Calcs": NaN,
        "Normalized EBITDA": NaN,
        "Total Unusual Items": NaN,
        "Total Unusual Items Excluding Goodwill": NaN,
        "Net Income From Continuing Operation Net Minority Interest": NaN,
        "Reconciled Depreciation": NaN,
        "Reconciled Cost Of Revenue": NaN,
        "EBITDA": NaN,
        "EBIT": NaN,
        "Net Interest Income": NaN,
        "Interest Expense": NaN,
        "Normalized Income": NaN,
        "Net Income From Continuing And Discontinued Operation": NaN,
        "Total Expenses": NaN,
        "Diluted Average Shares": NaN,
        "Basic Average Shares": NaN,
        "Diluted EPS": NaN,
        "Basic EPS": NaN,
        "Diluted NI Availto Com Stockholders": NaN,
        "Average Dilution Earnings": NaN,
        "Net Income Common Stockholders": NaN,
        "Net Income": NaN,
        "Net Income Including Noncontrolling Interests": NaN,
        "Net Income Continuous Operations": NaN,
        "Tax Provision": NaN,
        "Pretax Income": NaN,
        "Other Income Expense": NaN,
        "Other Non Operating Income Expenses": NaN,
        "Special Income Charges": NaN,
        "Gain On Sale Of Ppe": NaN,
        "Other Special Charges": 19000.0,
        "Gain On Sale Of Security": NaN,
        "Net Non Operating Interest Income Expense": NaN,
        "Total Other Finance Cost": NaN,
        "Interest Expense Non Operating": NaN,
        "Operating Income": NaN,
        "Operating Expense": NaN,
        "Other Operating Expenses": NaN,
        "Selling General And Administration": NaN,
        "Selling And Marketing Expense": NaN,
        "General And Administrative Expense": 31960000.0,
        "Other Gand A": 31960000.0,
        "Insurance And Claims": NaN,
        "Salaries And Wages": NaN,
        "Gross Profit": NaN,
        "Cost Of Revenue": NaN,
        "Total Revenue": NaN,
        "Operating Revenue": NaN
    },
    "2022-09-30": {
        "Tax Effect Of Unusual Items": NaN,
        "Tax Rate For Calcs": NaN,
        "Normalized EBITDA": NaN,
        "Total Unusual Items": NaN,
        "Total Unusual Items Excluding Goodwill": NaN,
        "Net Income From Continuing Operation Net Minority Interest": NaN,
        "Reconciled Depreciation": NaN,
        "Reconciled Cost Of Revenue": NaN,
        "EBITDA": NaN,
        "EBIT": NaN,
        "Net Interest Income": NaN,
        "Interest Expense": NaN,
        "Normalized Income": NaN,
        "Net Income From Continuing And Discontinued Operation": NaN,
        "Total Expenses": NaN,
        "Diluted Average Shares": NaN,
        "Basic Average Shares": NaN,
        "Diluted EPS": NaN,
        "Basic EPS": NaN,
        "Diluted NI Availto Com Stockholders": NaN,
        "Average Dilution Earnings": NaN,
        "Net Income Common Stockholders": NaN,
        "Net Income": NaN,
        "Net Income Including Noncontrolling Interests": NaN,
        "Net Income Continuous Operations": NaN,
        "Tax Provision": NaN,
        "Pretax Income": NaN,
        "Other Income Expense": NaN,
        "Other Non Operating Income Expenses": NaN,
        "Special Income Charges": NaN,
        "Gain On Sale Of Ppe": NaN,
        "Other Special Charges": 9953000.0,
        "Gain On Sale Of Security": NaN,
        "Net Non Operating Interest Income Expense": NaN,
        "Total Other Finance Cost": NaN,
        "Interest Expense Non Operating": NaN,
        "Operating Income": NaN,
        "Operating Expense": NaN,
        "Other Operating Expenses": NaN,
        "Selling General And Administration": NaN,
        "Selling And Marketing Expense": NaN,
        "General And Administrative Expense": 27722000.0,
        "Other Gand A": 27722000.0,
        "Insurance And Claims": NaN,
        "Salaries And Wages": NaN,
        "Gross Profit": NaN,
        "Cost Of Revenue": NaN,
        "Total Revenue": NaN,
        "Operating Revenue": NaN
    },
    "2022-06-30": {
        "Tax Effect Of Unusual Items": -190561976.0,
        "Tax Rate For Calcs": 0.289,
        "Normalized EBITDA": 853539000.0,
        "Total Unusual Items": -659384000.0,
        "Total Unusual Items Excluding Goodwill": -659384000.0,
        "Net Income From Continuing Operation Net Minority Interest": 33357000.0,
        "Reconciled Depreciation": 116180000.0,
        "Reconciled Cost Of Revenue": 274818000.0,
        "EBITDA": 194155000.0,
        "EBIT": 77975000.0,
        "Net Interest Income": -31051000.0,
        "Interest Expense": 31051000.0,
        "Normalized Income": 502179024.0,
        "Net Income From Continuing And Discontinued Operation": 33357000.0,
        "Total Expenses": 330523000.0,
        "Diluted Average Shares": 224408694.0,
        "Basic Average Shares": 194021639.0,
        "Diluted EPS": 0.15,
        "Basic EPS": 0.17,
        "Diluted NI Availto Com Stockholders": 33357000.0,
        "Average Dilution Earnings": NaN,
        "Net Income Common Stockholders": 33357000.0,
        "Net Income": 33357000.0,
        "Net Income Including Noncontrolling Interests": 33357000.0,
        "Net Income Continuous Operations": 33357000.0,
        "Tax Provision": 13567000.0,
        "Pretax Income": 46924000.0,
        "Other Income Expense": -664563000.0,
        "Other Non Operating Income Expenses": -5179000.0,
        "Special Income Charges": -6741000.0,
        "Gain On Sale Of Ppe": 6240000.0,
        "Other Special Charges": 12981000.0,
        "Gain On Sale Of Security": -652643000.0,
        "Net Non Operating Interest Income Expense": -31051000.0,
        "Total Other Finance Cost": NaN,
        "Interest Expense Non Operating": 31051000.0,
        "Operating Income": 742538000.0,
        "Operating Expense": 55705000.0,
        "Other Operating Expenses": 25251000.0,
        "Selling General And Administration": 30454000.0,
        "Selling And Marketing Expense": NaN,
        "General And Administrative Expense": NaN,
        "Other Gand A": NaN,
        "Insurance And Claims": NaN,
        "Salaries And Wages": NaN,
        "Gross Profit": 798243000.0,
        "Cost Of Revenue": 274818000.0,
        "Total Revenue": 1073061000.0,
        "Operating Revenue": 1049958000.0
    },
    "2022-03-31": {
        "Diluted EPS": -4.62,
        "Total Revenue": -913,
        "Gross Profit": NaN,
        "Operating Income": NaN,
        "EBIT": NaN,
        "Net Income": -923
    },
    "2021-12-31": {
        "Diluted EPS": 2.92,
        "Total Revenue": NaN,
        "Gross Profit": NaN,
        "Operating Income": 942,
        "EBIT": NaN,
        "Net Income": 630
    },
    "2021-09-30": {
        "Diluted EPS": -4.05,
        "Total Revenue": -880,
        "Gross Profit": -985,
        "Operating Income": NaN,
        "EBIT": NaN,
        "Net Income": -873
    },
    "2021-06-30": {
        "Diluted EPS": -1.61,
        "Total Revenue": -127,
        "Gross Profit": -226,
        "Operating Income": -408,
        "EBIT": -279,
        "Net Income": -354
    },
    "2021-03-31": {
        "Diluted EPS": 0.43,
        "Total Revenue": 473,
        "Gross Profit": 364,
        "Operating Income": 173,
        "EBIT": 308,
        "Net Income": 98
    },
    "2020-12-31": {
        "Diluted EPS": 1.14,
        "Total Revenue": 627,
        "Gross Profit": 529,
        "Operating Income": 303,
        "EBIT": 455,
        "Net Income": 196
    },
    "2020-09-30": {
        "Diluted EPS": -1.03,
        "Total Revenue": 66,
        "Gross Profit": -34,
        "Operating Income": -213,
        "EBIT": -93,
        "Net Income": -205
    },
    "2020-06-30": {
        "Diluted EPS": -0.78,
        "Total Revenue": 149,
        "Gross Profit": 69,
        "Operating Income": -114,
        "EBIT": 6,
        "Net Income": -146
    },
    "2020-03-31": {
        "Diluted EPS": -1.76,
        "Total Revenue": 416,
        "Gross Profit": 308,
        "Operating Income": -416,
        "EBIT": 189,
        "Net Income": -329
    },
    "2019-12-31": {
        "Diluted EPS": -1.43,
        "Total Revenue": 509,
        "Gross Profit": 395,
        "Operating Income": -281,
        "EBIT": -145,
        "Net Income": -271
    },
    "2019-09-30": {
        "Diluted EPS": 0.61,
        "Total Revenue": 530,
        "Gross Profit": 422,
        "Operating Income": 231,
        "EBIT": 354,
        "Net Income": 116
    },
    "2019-06-30": {
        "Diluted EPS": 0.84,
        "Total Revenue": 605,
        "Gross Profit": 502,
        "Operating Income": 273,
        "EBIT": 405,
        "Net Income": 162
    },
    "2019-03-31": {
        "Diluted EPS": -0.44,
        "Total Revenue": 278,
        "Gross Profit": 183,
        "Operating Income": -38,
        "EBIT": 89,
        "Net Income": -87
    },
    "2018-12-31": {
        "Diluted EPS": 0.58,
        "Total Revenue": 435,
        "Gross Profit": 336,
        "Operating Income": 67,
        "EBIT": 198,
        "Net Income": 102
    },
    "2018-09-30": {
        "Diluted EPS": 0.59,
        "Total Revenue": 397,
        "Gross Profit": 318,
        "Operating Income": 121,
        "EBIT": 243,
        "Net Income": 125
    },
    "2018-06-30": {
        "Diluted EPS": 0.19,
        "Total Revenue": 402,
        "Gross Profit": 317,
        "Operating Income": 89,
        "EBIT": 229,
        "Net Income": 42
    },
    "2018-03-31": {
        "Diluted EPS": 2.35,
        "Total Revenue": 496,
        "Gross Profit": 392,
        "Operating Income": 172,
        "EBIT": 300,
        "Net Income": 528
    },
    "2017-12-31": {
        "Diluted EPS": 1.2,
        "Total Revenue": 477,
        "Gross Profit": 353,
        "Operating Income": 112,
        "EBIT": 239,
        "Net Income": 277
    },
    "2017-09-30": {
        "Diluted EPS": -0.11,
        "Total Revenue": 287,
        "Gross Profit": 175,
        "Operating Income": -8,
        "EBIT": 101,
        "Net Income": -26
    },
    "2017-06-30": {
        "Diluted EPS": 0.73,
        "Total Revenue": 371,
        "Gross Profit": 274,
        "Operating Income": 91,
        "EBIT": 183,
        "Net Income": 170
    },
    "2017-03-31": {
        "Diluted EPS": -0.17,
        "Total Revenue": 320,
        "Gross Profit": 217,
        "Operating Income": -98,
        "EBIT": -2,
        "Net Income": -39
    },
    "2016-12-31": {
        "Diluted EPS": -1.33,
        "Total Revenue": -804,
        "Gross Profit": -913,
        "Operating Income": -271,
        "EBIT": -284,
        "Net Income": -306
    },
    "2016-09-30": {
        "Diluted EPS": 0.11,
        "Total Revenue": 746,
        "Gross Profit": 639,
        "Operating Income": 163,
        "EBIT": 314,
        "Net Income": 25
    },
    "2016-06-30": {
        "Diluted EPS": -2.05,
        "Total Revenue": 286,
        "Gross Profit": 186,
        "Operating Income": -287,
        "EBIT": -152,
        "Net Income": -470
    },
    "2016-03-31": {
        "Diluted EPS": -0.43,
        "Total Revenue": 533,
        "Gross Profit": 431,
        "Operating Income": -17,
        "EBIT": 138,
        "Net Income": -98
    },
    "2015-12-31": {
        "Diluted EPS": 0.14,
        "Total Revenue": -860,
        "Gross Profit": -970,
        "Operating Income": -251,
        "EBIT": -307,
        "Net Income": 30
    },
    "2015-09-30": {
        "Diluted EPS": 0.52,
        "Total Revenue": 721,
        "Gross Profit": 629,
        "Operating Income": 244,
        "EBIT": 391,
        "Net Income": 119
    },
    "2015-06-30": {
        "Diluted EPS": -2.64,
        "Total Revenue": 546,
        "Gross Profit": 461,
        "Operating Income": -832,
        "EBIT": -702,
        "Net Income": -603
    },
    "2015-03-31": {
        "Diluted EPS": 0.34,
        "Total Revenue": 793,
        "Gross Profit": 714,
        "Operating Income": 153,
        "EBIT": 303,
        "Net Income": 79
    },
    "2014-12-31": {
        "Diluted EPS": 0.32,
        "Total Revenue": 413,
        "Gross Profit": 381,
        "Operating Income": 225,
        "EBIT": 342,
        "Net Income": 74
    },
    "2014-09-30": {
        "Diluted EPS": -0.01,
        "Total Revenue": 885,
        "Gross Profit": 801,
        "Operating Income": 52,
        "EBIT": 201,
        "Net Income": -2
    },
    "2014-06-30": {
        "Diluted EPS": -0.11,
        "Total Revenue": 937,
        "Gross Profit": 863,
        "Operating Income": 40,
        "EBIT": 178,
        "Net Income": -25
    },
    "2014-03-31": {
        "Diluted EPS": 0.5,
        "Total Revenue": 969,
        "Gross Profit": 889,
        "Operating Income": 181,
        "EBIT": 310,
        "Net Income": 116
    },
    "2013-12-31": {
        "Diluted EPS": 3.21,
        "Total Revenue": 825,
        "Gross Profit": 690,
        "Operating Income": 71,
        "EBIT": 232,
        "Net Income": 738
    },
    "2013-09-30": {
        "Diluted EPS": -0.28,
        "Total Revenue": 803,
        "Gross Profit": 743,
        "Operating Income": 53,
        "EBIT": 171,
        "Net Income": -64
    },
    "2013-06-30": {
        "Diluted EPS": -0.05,
        "Total Revenue": 828,
        "Gross Profit": 765,
        "Operating Income": 93,
        "EBIT": 202,
        "Net Income": -13
    },
    "2013-03-31": {
        "Diluted EPS": -0.01,
        "Total Revenue": 843,
        "Gross Profit": 782,
        "Operating Income": 49,
        "EBIT": 160,
        "Net Income": -2
    },
    "2012-12-31": {
        "Diluted EPS": 0.65,
        "Total Revenue": 935,
        "Gross Profit": 389,
        "Operating Income": 195,
        "EBIT": 156,
        "Net Income": 150
    },
    "2012-09-30": {
        "Diluted EPS": -0.05,
        "Total Revenue": NaN,
        "Gross Profit": 332,
        "Operating Income": 23,
        "EBIT": 177,
        "Net Income": -11
    },
    "2012-06-30": {
        "Diluted EPS": 0.67,
        "Total Revenue": NaN,
        "Gross Profit": 597,
        "Operating Income": 268,
        "EBIT": 424,
        "Net Income": 153
    },
    "2012-03-31": {
        "Diluted EPS": 0.42,
        "Total Revenue": NaN,
        "Gross Profit": 522,
        "Operating Income": 177,
        "EBIT": 334,
        "Net Income": 97
    },
    "2011-12-31": {
        "Diluted EPS": 0.85,
        "Total Revenue": NaN,
        "Gross Profit": 660,
        "Operating Income": 296,
        "EBIT": 256,
        "Net Income": 196
    },
    "2011-09-30": {
        "Diluted EPS": 0.73,
        "Total Revenue": NaN,
        "Gross Profit": 642,
        "Operating Income": 275,
        "EBIT": 435,
        "Net Income": 167
    },
    "2011-06-30": {
        "Diluted EPS": 0.34,
        "Total Revenue": NaN,
        "Gross Profit": 659,
        "Operating Income": 295,
        "EBIT": 454,
        "Net Income": 77
    },
    "2011-03-31": {
        "Diluted EPS": 0.84,
        "Total Revenue": NaN,
        "Gross Profit": 651,
        "Operating Income": 318,
        "EBIT": 469,
        "Net Income": 192
    },
    "2010-12-31": {
        "Diluted EPS": 0.44,
        "Total Revenue": NaN,
        "Gross Profit": 529,
        "Operating Income": 205,
        "EBIT": 359,
        "Net Income": 104
    },
    "2010-09-30": {
        "Diluted EPS": 0.33,
        "Total Revenue": NaN,
        "Gross Profit": 495,
        "Operating Income": 158,
        "EBIT": 319,
        "Net Income": 75
    },
    "2010-06-30": {
        "Diluted EPS": 0.29,
        "Total Revenue": NaN,
        "Gross Profit": 469,
        "Operating Income": 179,
        "EBIT": 313,
        "Net Income": 67
    },
    "2010-03-31": {
        "Diluted EPS": 0.54,
        "Total Revenue": NaN,
        "Gross Profit": 471,
        "Operating Income": 197,
        "EBIT": 318,
        "Net Income": 100
    },
    "2009-12-31": {
        "Diluted EPS": 0.77,
        "Total Revenue": NaN,
        "Gross Profit": 495,
        "Operating Income": 210,
        "EBIT": 325,
        "Net Income": 143
    },
    "2009-09-30": {
        "Diluted EPS": 0.48,
        "Total Revenue": NaN,
        "Gross Profit": 386,
        "Operating Income": 136,
        "EBIT": 247,
        "Net Income": 87
    },
    "2009-06-30": {
        "Diluted EPS": 0.62,
        "Total Revenue": NaN,
        "Gross Profit": 427,
        "Operating Income": 180,
        "EBIT": 288,
        "Net Income": 113
    },
    "2009-03-31": {
        "Diluted EPS": 1.08,
        "Total Revenue": NaN,
        "Gross Profit": 550,
        "Operating Income": 293,
        "EBIT": 401,
        "Net Income": 196
    },
    "2023-09-30": {
        "Tax Effect Of Unusual Items": NaN,
        "Tax Rate For Calcs": NaN,
        "Normalized EBITDA": NaN,
        "Total Unusual Items": NaN,
        "Total Unusual Items Excluding Goodwill": NaN,
        "Net Income From Continuing Operation Net Minority Interest": NaN,
        "Reconciled Depreciation": NaN,
        "Reconciled Cost Of Revenue": NaN,
        "EBITDA": NaN,
        "EBIT": NaN,
        "Net Interest Income": NaN,
        "Interest Expense": NaN,
        "Normalized Income": NaN,
        "Net Income From Continuing And Discontinued Operation": NaN,
        "Total Expenses": NaN,
        "Diluted Average Shares": NaN,
        "Basic Average Shares": NaN,
        "Diluted EPS": NaN,
        "Basic EPS": NaN,
        "Diluted NI Availto Com Stockholders": NaN,
        "Average Dilution Earnings": NaN,
        "Net Income Common Stockholders": NaN,
        "Net Income": NaN,
        "Net Income Including Noncontrolling Interests": NaN,
        "Net Income Continuous Operations": NaN,
        "Tax Provision": NaN,
        "Pretax Income": NaN,
        "Other Income Expense": NaN,
        "Other Non Operating Income Expenses": NaN,
        "Special Income Charges": NaN,
        "Gain On Sale Of Ppe": NaN,
        "Other Special Charges": NaN,
        "Gain On Sale Of Security": NaN,
        "Net Non Operating Interest Income Expense": NaN,
        "Total Other Finance Cost": 3000000.0,
        "Interest Expense Non Operating": NaN,
        "Operating Income": NaN,
        "Operating Expense": NaN,
        "Other Operating Expenses": NaN,
        "Selling General And Administration": NaN,
        "Selling And Marketing Expense": NaN,
        "General And Administrative Expense": 30213000.0,
        "Other Gand A": 15213000.0,
        "Insurance And Claims": 1000000.0,
        "Salaries And Wages": 14000000.0,
        "Gross Profit": NaN,
        "Cost Of Revenue": NaN,
        "Total Revenue": NaN,
        "Operating Revenue": NaN
    },
    "2023-12-31": {
        "Tax Effect Of Unusual Items": NaN,
        "Tax Rate For Calcs": NaN,
        "Normalized EBITDA": NaN,
        "Total Unusual Items": NaN,
        "Total Unusual Items Excluding Goodwill": NaN,
        "Net Income From Continuing Operation Net Minority Interest": NaN,
        "Reconciled Depreciation": NaN,
        "Reconciled Cost Of Revenue": NaN,
        "EBITDA": NaN,
        "EBIT": NaN,
        "Net Interest Income": NaN,
        "Interest Expense": NaN,
        "Normalized Income": NaN,
        "Net Income From Continuing And Discontinued Operation": NaN,
        "Total Expenses": NaN,
        "Diluted Average Shares": NaN,
        "Basic Average Shares": NaN,
        "Diluted EPS": NaN,
        "Basic EPS": NaN,
        "Diluted NI Availto Com Stockholders": NaN,
        "Average Dilution Earnings": NaN,
        "Net Income Common Stockholders": NaN,
        "Net Income": NaN,
        "Net Income Including Noncontrolling Interests": NaN,
        "Net Income Continuous Operations": NaN,
        "Tax Provision": NaN,
        "Pretax Income": NaN,
        "Other Income Expense": NaN,
        "Other Non Operating Income Expenses": -3875000.0,
        "Special Income Charges": NaN,
        "Gain On Sale Of Ppe": NaN,
        "Other Special Charges": NaN,
        "Gain On Sale Of Security": NaN,
        "Net Non Operating Interest Income Expense": NaN,
        "Total Other Finance Cost": NaN,
        "Interest Expense Non Operating": NaN,
        "Operating Income": NaN,
        "Operating Expense": NaN,
        "Other Operating Expenses": NaN,
        "Selling General And Administration": NaN,
        "Selling And Marketing Expense": NaN,
        "General And Administrative Expense": NaN,
        "Other Gand A": NaN,
        "Insurance And Claims": NaN,
        "Salaries And Wages": NaN,
        "Gross Profit": NaN,
        "Cost Of Revenue": NaN,
        "Total Revenue": NaN,
        "Operating Revenue": NaN
    },
    "2024-03-31": {
        "Tax Effect Of Unusual Items": NaN,
        "Tax Rate For Calcs": NaN,
        "Normalized EBITDA": NaN,
        "Total Unusual Items": NaN,
        "Total Unusual Items Excluding Goodwill": NaN,
        "Net Income From Continuing Operation Net Minority Interest": NaN,
        "Reconciled Depreciation": NaN,
        "Reconciled Cost Of Revenue": NaN,
        "EBITDA": NaN,
        "EBIT": NaN,
        "Net Interest Income": NaN,
        "Interest Expense": NaN,
        "Normalized Income": NaN,
        "Net Income From Continuing And Discontinued Operation": NaN,
        "Total Expenses": NaN,
        "Diluted Average Shares": NaN,
        "Basic Average Shares": NaN,
        "Diluted EPS": NaN,
        "Basic EPS": NaN,
        "Diluted NI Availto Com Stockholders": NaN,
        "Average Dilution Earnings": NaN,
        "Net Income Common Stockholders": NaN,
        "Net Income": NaN,
        "Net Income Including Noncontrolling Interests": NaN,
        "Net Income Continuous Operations": NaN,
        "Tax Provision": NaN,
        "Pretax Income": NaN,
        "Other Income Expense": NaN,
        "Other Non Operating Income Expenses": NaN,
        "Special Income Charges": NaN,
        "Gain On Sale Of Ppe": NaN,
        "Other Special Charges": 45000.0,
        "Gain On Sale Of Security": NaN,
        "Net Non Operating Interest Income Expense": NaN,
        "Total Other Finance Cost": NaN,
        "Interest Expense Non Operating": NaN,
        "Operating Income": NaN,
        "Operating Expense": NaN,
        "Other Operating Expenses": NaN,
        "Selling General And Administration": NaN,
        "Selling And Marketing Expense": 2000000.0,
        "General And Administrative Expense": NaN,
        "Other Gand A": NaN,
        "Insurance And Claims": NaN,
        "Salaries And Wages": NaN,
        "Gross Profit": NaN,
        "Cost Of Revenue": NaN,
        "Total Revenue": NaN,
        "Operating Revenue": NaN
    },
    "2024-06-30": {
        "Tax Effect Of Unusual Items": NaN,
        "Tax Rate For Calcs": NaN,
        "Normalized EBITDA": NaN,
        "Total Unusual Items": NaN,
        "Total Unusual Items Excluding Goodwill": NaN,
        "Net Income From Continuing Operation Net Minority Interest": NaN,
        "Reconciled Depreciation": NaN,
        "Reconciled Cost Of Revenue": NaN,
        "EBITDA": NaN,
        "EBIT": NaN,
        "Net Interest Income": NaN,
        "Interest Expense": NaN,
        "Normalized Income": NaN,
        "Net Income From Continuing And Discontinued Operation": NaN,
        "Total Expenses": NaN,
        "Diluted Average Shares": NaN,
        "Basic Average Shares": NaN,
        "Diluted EPS": NaN,
        "Basic EPS": NaN,
        "Diluted NI Availto Com Stockholders": NaN,
        "Average Dilution Earnings": NaN,
        "Net Income Common Stockholders": NaN,
        "Net Income": NaN,
        "Net Income Including Noncontrolling Interests": NaN,
        "Net Income Continuous Operations": NaN,
        "Tax Provision": NaN,
        "Pretax Income": NaN,
        "Other Income Expense": NaN,
        "Other Non Operating Income Expenses": 1000000.0,
        "Special Income Charges": NaN,
        "Gain On Sale Of Ppe": NaN,
        "Other Special Charges": -5002000.0,
        "Gain On Sale Of Security": NaN,
        "Net Non Operating Interest Income Expense": NaN,
        "Total Other Finance Cost": 3000000.0,
        "Interest Expense Non Operating": NaN,
        "Operating Income": NaN,
        "Operating Expense": NaN,
        "Other Operating Expenses": NaN,
        "Selling General And Administration": NaN,
        "Selling And Marketing Expense": 0.0,
        "General And Administrative Expense": 34000000.0,
        "Other Gand A": 19000000.0,
        "Insurance And Claims": 1000000.0,
        "Salaries And Wages": 14000000.0,
        "Gross Profit": NaN,
        "Cost Of Revenue": NaN,
        "Total Revenue": NaN,
        "Operating Revenue": NaN
    },
    "2024-09-30": {
        "Tax Effect Of Unusual Items": 22152004.0,
        "Tax Rate For Calcs": 0.206,
        "Normalized EBITDA": 134177000.0,
        "Total Unusual Items": 107534000.0,
        "Total Unusual Items Excluding Goodwill": 107534000.0,
        "Net Income From Continuing Operation Net Minority Interest": 65540000.0,
        "Reconciled Depreciation": 121227000.0,
        "Reconciled Cost Of Revenue": 267994000.0,
        "EBITDA": 241711000.0,
        "EBIT": 120484000.0,
        "Net Interest Income": -40923000.0,
        "Interest Expense": 37923000.0,
        "Normalized Income": -19841996.0,
        "Net Income From Continuing And Discontinued Operation": 65540000.0,
        "Total Expenses": 321929000.0,
        "Diluted Average Shares": 179113461.0,
        "Basic Average Shares": 150342177.0,
        "Diluted EPS": 0.37,
        "Basic EPS": 0.44,
        "Diluted NI Availto Com Stockholders": 66917000.0,
        "Average Dilution Earnings": 1377000.0,
        "Net Income Common Stockholders": 65540000.0,
        "Net Income": 65540000.0,
        "Net Income Including Noncontrolling Interests": 65540000.0,
        "Net Income Continuous Operations": 65540000.0,
        "Tax Provision": 17021000.0,
        "Pretax Income": 82561000.0,
        "Other Income Expense": 107534000.0,
        "Other Non Operating Income Expenses": -410000.0,
        "Special Income Charges": 18570000.0,
        "Gain On Sale Of Ppe": 10570000.0,
        "Other Special Charges": -8000000.0,
        "Gain On Sale Of Security": 88964000.0,
        "Net Non Operating Interest Income Expense": -40923000.0,
        "Total Other Finance Cost": 3000000.0,
        "Interest Expense Non Operating": 37923000.0,
        "Operating Income": 13320000.0,
        "Operating Expense": 53935000.0,
        "Other Operating Expenses": 18935000.0,
        "Selling General And Administration": 35000000.0,
        "Selling And Marketing Expense": NaN,
        "General And Administrative Expense": 35000000.0,
        "Other Gand A": 19000000.0,
        "Insurance And Claims": 2000000.0,
        "Salaries And Wages": 14000000.0,
        "Gross Profit": 67255000.0,
        "Cost Of Revenue": 267994000.0,
        "Total Revenue": 335249000.0,
        "Operating Revenue": 286765000.0
    },
    "2024-12-31": {
        "Tax Effect Of Unusual Items": -69065546.085289,
        "Tax Rate For Calcs": 0.254512,
        "Normalized EBITDA": 242299000.0,
        "Total Unusual Items": -271365000.0,
        "Total Unusual Items Excluding Goodwill": -271365000.0,
        "Net Income From Continuing Operation Net Minority Interest": -144624000.0,
        "Reconciled Depreciation": 128336000.0,
        "Reconciled Cost Of Revenue": 256115000.0,
        "EBITDA": -29066000.0,
        "EBIT": -157402000.0,
        "Net Interest Income": -28597000.0,
        "Interest Expense": 36597000.0,
        "Normalized Income": 57675453.914711,
        "Net Income From Continuing And Discontinued Operation": -144624000.0,
        "Total Expenses": 318069000.0,
        "Diluted Average Shares": 148946949.0,
        "Basic Average Shares": 148946949.0,
        "Diluted EPS": -0.97,
        "Basic EPS": -0.97,
        "Diluted NI Availto Com Stockholders": -148756000.0,
        "Average Dilution Earnings": -4132000.0,
        "Net Income Common Stockholders": -144624000.0,
        "Net Income": -144624000.0,
        "Net Income Including Noncontrolling Interests": -144624000.0,
        "Net Income Continuous Operations": -144624000.0,
        "Tax Provision": -49375000.0,
        "Pretax Income": -193999000.0,
        "Other Income Expense": -266903000.0,
        "Other Non Operating Income Expenses": 4462000.0,
        "Special Income Charges": 11627000.0,
        "Gain On Sale Of Ppe": 33627000.0,
        "Other Special Charges": 22000000.0,
        "Gain On Sale Of Security": -282992000.0,
        "Net Non Operating Interest Income Expense": -28597000.0,
        "Total Other Finance Cost": NaN,
        "Interest Expense Non Operating": 36597000.0,
        "Operating Income": 101501000.0,
        "Operating Expense": 61954000.0,
        "Other Operating Expenses": 24412000.0,
        "Selling General And Administration": 37542000.0,
        "Selling And Marketing Expense": NaN,
        "General And Administrative Expense": NaN,
        "Other Gand A": NaN,
        "Insurance And Claims": NaN,
        "Salaries And Wages": NaN,
        "Gross Profit": 163455000.0,
        "Cost Of Revenue": 256115000.0,
        "Total Revenue": 419570000.0,
        "Operating Revenue": 371268000.0
    },
    "2025-03-31": {
        "Tax Effect Of Unusual Items": -142625175.0,
        "Tax Rate For Calcs": 0.275,
        "Normalized EBITDA": 414512000.0,
        "Total Unusual Items": -518637000.0,
        "Total Unusual Items Excluding Goodwill": -518637000.0,
        "Net Income From Continuing Operation Net Minority Interest": -197715000.0,
        "Reconciled Depreciation": 127062000.0,
        "Reconciled Cost Of Revenue": 265036000.0,
        "EBITDA": -104125000.0,
        "EBIT": -231187000.0,
        "Net Interest Income": -44612000.0,
        "Interest Expense": 41612000.0,
        "Normalized Income": 178296825.0,
        "Net Income From Continuing And Discontinued Operation": -197715000.0,
        "Total Expenses": 320118000.0,
        "Diluted Average Shares": 147778141.0,
        "Basic Average Shares": 147778141.0,
        "Diluted EPS": -1.34,
        "Basic EPS": -1.34,
        "Diluted NI Availto Com Stockholders": -197715000.0,
        "Average Dilution Earnings": 0.0,
        "Net Income Common Stockholders": -197715000.0,
        "Net Income": -197715000.0,
        "Net Income Including Noncontrolling Interests": -197715000.0,
        "Net Income Continuous Operations": -197715000.0,
        "Tax Provision": -75084000.0,
        "Pretax Income": -272799000.0,
        "Other Income Expense": -518637000.0,
        "Other Non Operating Income Expenses": NaN,
        "Special Income Charges": 9583000.0,
        "Gain On Sale Of Ppe": 9583000.0,
        "Other Special Charges": NaN,
        "Gain On Sale Of Security": -528220000.0,
        "Net Non Operating Interest Income Expense": -44612000.0,
        "Total Other Finance Cost": 3000000.0,
        "Interest Expense Non Operating": 41612000.0,
        "Operating Income": 290490000.0,
        "Operating Expense": 55082000.0,
        "Other Operating Expenses": 13082000.0,
        "Selling General And Administration": 42000000.0,
        "Selling And Marketing Expense": 2000000.0,
        "General And Administrative Expense": 40000000.0,
        "Other Gand A": 18000000.0,
        "Insurance And Claims": 2000000.0,
        "Salaries And Wages": 20000000.0,
        "Gross Profit": 345572000.0,
        "Cost Of Revenue": 265036000.0,
        "Total Revenue": 610608000.0,
        "Operating Revenue": 562644000.0
    },
    "2025-06-30": {
        "Tax Effect Of Unusual Items": 114797196.0,
        "Tax Rate For Calcs": 0.261,
        "Normalized EBITDA": 342441000.0,
        "Total Unusual Items": 439836000.0,
        "Total Unusual Items Excluding Goodwill": 439836000.0,
        "Net Income From Continuing Operation Net Minority Interest": 432521000.0,
        "Reconciled Depreciation": 152595000.0,
        "Reconciled Cost Of Revenue": 294874000.0,
        "EBITDA": 782277000.0,
        "EBIT": 629682000.0,
        "Net Interest Income": -47041000.0,
        "Interest Expense": 44041000.0,
        "Normalized Income": 107482196.0,
        "Net Income From Continuing And Discontinued Operation": 432521000.0,
        "Total Expenses": 350644000.0,
        "Diluted Average Shares": 171746596.0,
        "Basic Average Shares": 143429950.0,
        "Diluted EPS": 2.53,
        "Basic EPS": 3.02,
        "Diluted NI Availto Com Stockholders": 433917000.0,
        "Average Dilution Earnings": 1396000.0,
        "Net Income Common Stockholders": 432521000.0,
        "Net Income": 432521000.0,
        "Net Income Including Noncontrolling Interests": 432521000.0,
        "Net Income Continuous Operations": 432521000.0,
        "Tax Provision": 153120000.0,
        "Pretax Income": 585641000.0,
        "Other Income Expense": 440836000.0,
        "Other Non Operating Income Expenses": 1000000.0,
        "Special Income Charges": 18715000.0,
        "Gain On Sale Of Ppe": 17715000.0,
        "Other Special Charges": -1000000.0,
        "Gain On Sale Of Security": 421121000.0,
        "Net Non Operating Interest Income Expense": -47041000.0,
        "Total Other Finance Cost": 3000000.0,
        "Interest Expense Non Operating": 44041000.0,
        "Operating Income": 190657000.0,
        "Operating Expense": 55770000.0,
        "Other Operating Expenses": 22770000.0,
        "Selling General And Administration": 33000000.0,
        "Selling And Marketing Expense": NaN,
        "General And Administrative Expense": 33000000.0,
        "Other Gand A": 20000000.0,
        "Insurance And Claims": 1000000.0,
        "Salaries And Wages": 12000000.0,
        "Gross Profit": 246427000.0,
        "Cost Of Revenue": 294874000.0,
        "Total Revenue": 541301000.0,
        "Operating Revenue": 495437000.0
    },
    "2025-09-30": {
        "Tax Effect Of Unusual Items": 47598045.0,
        "Tax Rate For Calcs": 0.239,
        "Normalized EBITDA": 258823000.0,
        "Total Unusual Items": 199155000.0,
        "Total Unusual Items Excluding Goodwill": 199155000.0,
        "Net Income From Continuing Operation Net Minority Interest": 202103000.0,
        "Reconciled Depreciation": 149322000.0,
        "Reconciled Cost Of Revenue": 289683000.0,
        "EBITDA": 457978000.0,
        "EBIT": 308656000.0,
        "Net Interest Income": -45964000.0,
        "Interest Expense": 42964000.0,
        "Normalized Income": 50546045.0,
        "Net Income From Continuing And Discontinued Operation": 202103000.0,
        "Total Expenses": 340339000.0,
        "Diluted Average Shares": 167585198.0,
        "Basic Average Shares": 139251482.0,
        "Diluted EPS": 1.21,
        "Basic EPS": 1.45,
        "Diluted NI Availto Com Stockholders": 203508000.0,
        "Average Dilution Earnings": 1405000.0,
        "Net Income Common Stockholders": 202103000.0,
        "Net Income": 202103000.0,
        "Net Income Including Noncontrolling Interests": 202103000.0,
        "Net Income Continuous Operations": 202103000.0,
        "Tax Provision": 63589000.0,
        "Pretax Income": 265692000.0,
        "Other Income Expense": 200155000.0,
        "Other Non Operating Income Expenses": 1000000.0,
        "Special Income Charges": 67460000.0,
        "Gain On Sale Of Ppe": 67460000.0,
        "Other Special Charges": NaN,
        "Gain On Sale Of Security": 131695000.0,
        "Net Non Operating Interest Income Expense": -45964000.0,
        "Total Other Finance Cost": 3000000.0,
        "Interest Expense Non Operating": 42964000.0,
        "Operating Income": 111806000.0,
        "Operating Expense": 50656000.0,
        "Other Operating Expenses": 19656000.0,
        "Selling General And Administration": 31000000.0,
        "Selling And Marketing Expense": NaN,
        "General And Administrative Expense": 31000000.0,
        "Other Gand A": 16000000.0,
        "Insurance And Claims": 1000000.0,
        "Salaries And Wages": 14000000.0,
        "Gross Profit": 162462000.0,
        "Cost Of Revenue": 289683000.0,
        "Total Revenue": 452145000.0,
        "Operating Revenue": 410016000.0
    }
}