{
    "2023-03-31": {
        "Tax Effect Of Unusual Items": 390336.0,
        "Tax Rate For Calcs": 0.214,
        "Normalized EBITDA": 6882000.0,
        "Total Unusual Items": 1824000.0,
        "Total Unusual Items Excluding Goodwill": 1824000.0,
        "Net Income From Continuing Operation Net Minority Interest": 6705000.0,
        "Reconciled Depreciation": 165000.0,
        "Reconciled Cost Of Revenue": 76098000.0,
        "EBITDA": 8706000.0,
        "EBIT": 8541000.0,
        "Net Interest Income": -2000.0,
        "Interest Expense": 15000.0,
        "Interest Income": 13000.0,
        "Normalized Income": 5271336.0,
        "Net Income From Continuing And Discontinued Operation": 6705000.0,
        "Total Expenses": 103055000.0,
        "Total Operating Income As Reported": 6704000.0,
        "Diluted Average Shares": 57351405.0,
        "Basic Average Shares": 56046904.0,
        "Diluted EPS": 0.12,
        "Basic EPS": 0.12,
        "Diluted NI Availto Com Stockholders": 6705000.0,
        "Net Income Common Stockholders": 6705000.0,
        "Net Income": 6705000.0,
        "Minority Interests": NaN,
        "Net Income Including Noncontrolling Interests": 6705000.0,
        "Net Income Continuous Operations": 6705000.0,
        "Tax Provision": 1821000.0,
        "Pretax Income": 8526000.0,
        "Other Income Expense": 1824000.0,
        "Gain On Sale Of Security": 1824000.0,
        "Net Non Operating Interest Income Expense": -2000.0,
        "Interest Expense Non Operating": 15000.0,
        "Interest Income Non Operating": 13000.0,
        "Operating Income": 6704000.0,
        "Operating Expense": 26957000.0,
        "Selling General And Administration": 26957000.0,
        "Gross Profit": 33661000.0,
        "Cost Of Revenue": 76098000.0,
        "Total Revenue": 109759000.0,
        "Operating Revenue": 109759000.0
    },
    "2022-12-31": {
        "Tax Effect Of Unusual Items": NaN,
        "Tax Rate For Calcs": NaN,
        "Normalized EBITDA": NaN,
        "Total Unusual Items": NaN,
        "Total Unusual Items Excluding Goodwill": NaN,
        "Net Income From Continuing Operation Net Minority Interest": NaN,
        "Reconciled Depreciation": NaN,
        "Reconciled Cost Of Revenue": NaN,
        "EBITDA": NaN,
        "EBIT": NaN,
        "Net Interest Income": NaN,
        "Interest Expense": NaN,
        "Interest Income": NaN,
        "Normalized Income": NaN,
        "Net Income From Continuing And Discontinued Operation": NaN,
        "Total Expenses": NaN,
        "Total Operating Income As Reported": NaN,
        "Diluted Average Shares": NaN,
        "Basic Average Shares": NaN,
        "Diluted EPS": NaN,
        "Basic EPS": NaN,
        "Diluted NI Availto Com Stockholders": NaN,
        "Net Income Common Stockholders": NaN,
        "Net Income": NaN,
        "Minority Interests": 0.0,
        "Net Income Including Noncontrolling Interests": NaN,
        "Net Income Continuous Operations": NaN,
        "Tax Provision": NaN,
        "Pretax Income": NaN,
        "Other Income Expense": NaN,
        "Gain On Sale Of Security": NaN,
        "Net Non Operating Interest Income Expense": NaN,
        "Interest Expense Non Operating": NaN,
        "Interest Income Non Operating": NaN,
        "Operating Income": NaN,
        "Operating Expense": NaN,
        "Selling General And Administration": NaN,
        "Gross Profit": NaN,
        "Cost Of Revenue": NaN,
        "Total Revenue": NaN,
        "Operating Revenue": NaN
    },
    "2022-09-30": {
        "Tax Effect Of Unusual Items": NaN,
        "Tax Rate For Calcs": NaN,
        "Normalized EBITDA": NaN,
        "Total Unusual Items": NaN,
        "Total Unusual Items Excluding Goodwill": NaN,
        "Net Income From Continuing Operation Net Minority Interest": NaN,
        "Reconciled Depreciation": NaN,
        "Reconciled Cost Of Revenue": NaN,
        "EBITDA": NaN,
        "EBIT": NaN,
        "Net Interest Income": NaN,
        "Interest Expense": NaN,
        "Interest Income": NaN,
        "Normalized Income": NaN,
        "Net Income From Continuing And Discontinued Operation": NaN,
        "Total Expenses": NaN,
        "Total Operating Income As Reported": NaN,
        "Diluted Average Shares": NaN,
        "Basic Average Shares": NaN,
        "Diluted EPS": NaN,
        "Basic EPS": NaN,
        "Diluted NI Availto Com Stockholders": NaN,
        "Net Income Common Stockholders": NaN,
        "Net Income": NaN,
        "Minority Interests": 0.0,
        "Net Income Including Noncontrolling Interests": NaN,
        "Net Income Continuous Operations": NaN,
        "Tax Provision": NaN,
        "Pretax Income": NaN,
        "Other Income Expense": NaN,
        "Gain On Sale Of Security": NaN,
        "Net Non Operating Interest Income Expense": NaN,
        "Interest Expense Non Operating": NaN,
        "Interest Income Non Operating": NaN,
        "Operating Income": NaN,
        "Operating Expense": NaN,
        "Selling General And Administration": NaN,
        "Gross Profit": NaN,
        "Cost Of Revenue": NaN,
        "Total Revenue": NaN,
        "Operating Revenue": NaN
    },
    "2022-06-30": {
        "Tax Effect Of Unusual Items": -1076254.427391,
        "Tax Rate For Calcs": 0.327627,
        "Normalized EBITDA": 5035000.0,
        "Total Unusual Items": -3285000.0,
        "Total Unusual Items Excluding Goodwill": -3285000.0,
        "Net Income From Continuing Operation Net Minority Interest": 1139000.0,
        "Reconciled Depreciation": 475000.0,
        "Reconciled Cost Of Revenue": 86016000.0,
        "EBITDA": 1750000.0,
        "EBIT": 1750000.0,
        "Net Interest Income": -53000.0,
        "Interest Expense": 56000.0,
        "Interest Income": 3000.0,
        "Normalized Income": 3347745.572609,
        "Net Income From Continuing And Discontinued Operation": 1139000.0,
        "Total Expenses": 110273000.0,
        "Total Operating Income As Reported": 5032000.0,
        "Diluted Average Shares": 55804448.0,
        "Basic Average Shares": 55626861.0,
        "Diluted EPS": 0.02,
        "Basic EPS": 0.02,
        "Diluted NI Availto Com Stockholders": 1139000.0,
        "Net Income Common Stockholders": 1139000.0,
        "Net Income": 1139000.0,
        "Minority Interests": 0.0,
        "Net Income Including Noncontrolling Interests": 1139000.0,
        "Net Income Continuous Operations": 1139000.0,
        "Tax Provision": 555000.0,
        "Pretax Income": 1694000.0,
        "Other Income Expense": -3285000.0,
        "Special Income Charges": NaN,
        "Gain On Sale Of Security": -3285000.0,
        "Net Non Operating Interest Income Expense": -53000.0,
        "Interest Expense Non Operating": 56000.0,
        "Interest Income Non Operating": 3000.0,
        "Operating Income": 5032000.0,
        "Operating Expense": 24257000.0,
        "Selling General And Administration": 24257000.0,
        "Gross Profit": 29289000.0,
        "Cost Of Revenue": 86016000.0,
        "Total Revenue": 115305000.0,
        "Operating Revenue": 115305000.0
    },
    "2023-06-30": {
        "Tax Effect Of Unusual Items": 222336.0,
        "Tax Rate For Calcs": 0.192,
        "Normalized EBITDA": 21288000.0,
        "Total Unusual Items": 1158000.0,
        "Total Unusual Items Excluding Goodwill": 1158000.0,
        "Net Income From Continuing Operation Net Minority Interest": 17987000.0,
        "Reconciled Depreciation": 175000.0,
        "Reconciled Cost Of Revenue": 88551000.0,
        "EBITDA": 22446000.0,
        "EBIT": 22271000.0,
        "Net Interest Income": 253000.0,
        "Interest Expense": 15000.0,
        "Interest Income": 268000.0,
        "Normalized Income": 17051336.0,
        "Net Income From Continuing And Discontinued Operation": 17987000.0,
        "Total Expenses": 118800000.0,
        "Total Operating Income As Reported": 20845000.0,
        "Diluted Average Shares": 58854063.0,
        "Basic Average Shares": 56325013.0,
        "Diluted EPS": 0.31,
        "Basic EPS": 0.32,
        "Diluted NI Availto Com Stockholders": 17987000.0,
        "Net Income Common Stockholders": 17987000.0,
        "Net Income": 17987000.0,
        "Net Income Including Noncontrolling Interests": 17987000.0,
        "Net Income Continuous Operations": 17987000.0,
        "Tax Provision": 4269000.0,
        "Pretax Income": 22256000.0,
        "Other Income Expense": 1158000.0,
        "Gain On Sale Of Security": 1158000.0,
        "Net Non Operating Interest Income Expense": 253000.0,
        "Interest Expense Non Operating": 15000.0,
        "Interest Income Non Operating": 268000.0,
        "Operating Income": 20845000.0,
        "Operating Expense": 30249000.0,
        "Selling General And Administration": 30249000.0,
        "Gross Profit": 51094000.0,
        "Cost Of Revenue": 88551000.0,
        "Total Revenue": 139645000.0,
        "Operating Revenue": 139645000.0
    },
    "2022-03-31": {
        "Diluted EPS": 0.04,
        "Total Revenue": 96,
        "Gross Profit": 19,
        "Operating Income": -6,
        "EBIT": -5,
        "Net Income": 2
    },
    "2021-12-31": {
        "Diluted EPS": -0.07,
        "Total Revenue": 87,
        "Gross Profit": 22,
        "Operating Income": -5,
        "EBIT": -5,
        "Net Income": -3
    },
    "2021-09-30": {
        "Diluted EPS": 0.24,
        "Total Revenue": 116,
        "Gross Profit": 39,
        "Operating Income": 18,
        "EBIT": 18,
        "Net Income": 13
    },
    "2021-06-30": {
        "Diluted EPS": 0.15,
        "Total Revenue": 102,
        "Gross Profit": 29,
        "Operating Income": 8,
        "EBIT": 8,
        "Net Income": 8
    },
    "2021-03-31": {
        "Diluted EPS": 0.03,
        "Total Revenue": 75,
        "Gross Profit": 24,
        "Operating Income": 4,
        "EBIT": 5,
        "Net Income": 2
    },
    "2020-12-31": {
        "Diluted EPS": 0.0,
        "Total Revenue": NaN,
        "Gross Profit": NaN,
        "Operating Income": NaN,
        "EBIT": NaN,
        "Net Income": NaN
    },
    "2020-09-30": {
        "Diluted EPS": 0.15,
        "Total Revenue": 87,
        "Gross Profit": 29,
        "Operating Income": 10,
        "EBIT": 10,
        "Net Income": 9
    },
    "2019-12-31": {
        "Diluted EPS": 0.0,
        "Total Revenue": NaN,
        "Gross Profit": NaN,
        "Operating Income": NaN,
        "EBIT": NaN,
        "Net Income": NaN
    },
    "2023-09-30": {
        "Tax Effect Of Unusual Items": NaN,
        "Tax Rate For Calcs": NaN,
        "Normalized EBITDA": NaN,
        "Total Unusual Items": NaN,
        "Total Unusual Items Excluding Goodwill": NaN,
        "Net Income From Continuing Operation Net Minority Interest": NaN,
        "Reconciled Depreciation": NaN,
        "Reconciled Cost Of Revenue": NaN,
        "EBITDA": NaN,
        "EBIT": NaN,
        "Net Interest Income": NaN,
        "Interest Expense": NaN,
        "Interest Income": NaN,
        "Normalized Income": NaN,
        "Net Income From Continuing And Discontinued Operation": NaN,
        "Total Expenses": NaN,
        "Total Operating Income As Reported": NaN,
        "Diluted Average Shares": 59271757.0,
        "Basic Average Shares": 56493757.0,
        "Diluted EPS": 0.26,
        "Basic EPS": 0.27,
        "Diluted NI Availto Com Stockholders": NaN,
        "Net Income Common Stockholders": NaN,
        "Net Income": NaN,
        "Net Income Including Noncontrolling Interests": NaN,
        "Net Income Continuous Operations": NaN,
        "Tax Provision": NaN,
        "Pretax Income": NaN,
        "Other Income Expense": NaN,
        "Gain On Sale Of Security": NaN,
        "Net Non Operating Interest Income Expense": NaN,
        "Interest Expense Non Operating": NaN,
        "Interest Income Non Operating": NaN,
        "Operating Income": NaN,
        "Operating Expense": NaN,
        "Selling General And Administration": NaN,
        "Gross Profit": NaN,
        "Cost Of Revenue": NaN,
        "Total Revenue": NaN,
        "Operating Revenue": NaN
    },
    "2023-12-31": {
        "Tax Effect Of Unusual Items": NaN,
        "Tax Rate For Calcs": NaN,
        "Normalized EBITDA": NaN,
        "Total Unusual Items": NaN,
        "Total Unusual Items Excluding Goodwill": NaN,
        "Net Income From Continuing Operation Net Minority Interest": NaN,
        "Reconciled Depreciation": NaN,
        "Reconciled Cost Of Revenue": NaN,
        "EBITDA": NaN,
        "EBIT": NaN,
        "Net Interest Income": NaN,
        "Interest Expense": 0.0,
        "Interest Income": NaN,
        "Normalized Income": NaN,
        "Net Income From Continuing And Discontinued Operation": NaN,
        "Total Expenses": NaN,
        "Total Operating Income As Reported": NaN,
        "Diluted Average Shares": NaN,
        "Basic Average Shares": NaN,
        "Diluted EPS": NaN,
        "Basic EPS": NaN,
        "Diluted NI Availto Com Stockholders": NaN,
        "Net Income Common Stockholders": NaN,
        "Net Income": NaN,
        "Net Income Including Noncontrolling Interests": NaN,
        "Net Income Continuous Operations": NaN,
        "Tax Provision": NaN,
        "Pretax Income": NaN,
        "Other Income Expense": NaN,
        "Other Non Operating Income Expenses": NaN,
        "Gain On Sale Of Security": NaN,
        "Net Non Operating Interest Income Expense": NaN,
        "Interest Expense Non Operating": 0.0,
        "Interest Income Non Operating": NaN,
        "Operating Income": NaN,
        "Operating Expense": NaN,
        "Selling General And Administration": NaN,
        "Gross Profit": NaN,
        "Cost Of Revenue": NaN,
        "Total Revenue": NaN,
        "Operating Revenue": NaN
    },
    "2024-03-31": {
        "Tax Effect Of Unusual Items": NaN,
        "Tax Rate For Calcs": NaN,
        "Normalized EBITDA": NaN,
        "Total Unusual Items": NaN,
        "Total Unusual Items Excluding Goodwill": NaN,
        "Net Income From Continuing Operation Net Minority Interest": NaN,
        "Reconciled Depreciation": NaN,
        "Reconciled Cost Of Revenue": NaN,
        "EBITDA": NaN,
        "EBIT": NaN,
        "Net Interest Income": NaN,
        "Interest Expense": 0.0,
        "Interest Income": NaN,
        "Normalized Income": NaN,
        "Net Income From Continuing And Discontinued Operation": NaN,
        "Total Expenses": NaN,
        "Total Operating Income As Reported": NaN,
        "Diluted Average Shares": NaN,
        "Basic Average Shares": NaN,
        "Diluted EPS": NaN,
        "Basic EPS": NaN,
        "Diluted NI Availto Com Stockholders": NaN,
        "Net Income Common Stockholders": NaN,
        "Net Income": NaN,
        "Net Income Including Noncontrolling Interests": NaN,
        "Net Income Continuous Operations": NaN,
        "Tax Provision": NaN,
        "Pretax Income": NaN,
        "Other Income Expense": NaN,
        "Other Non Operating Income Expenses": NaN,
        "Gain On Sale Of Security": NaN,
        "Net Non Operating Interest Income Expense": NaN,
        "Interest Expense Non Operating": 0.0,
        "Interest Income Non Operating": NaN,
        "Operating Income": NaN,
        "Operating Expense": NaN,
        "Selling General And Administration": NaN,
        "Gross Profit": NaN,
        "Cost Of Revenue": NaN,
        "Total Revenue": NaN,
        "Operating Revenue": NaN
    },
    "2024-06-30": {
        "Tax Effect Of Unusual Items": NaN,
        "Tax Rate For Calcs": NaN,
        "Normalized EBITDA": NaN,
        "Total Unusual Items": NaN,
        "Total Unusual Items Excluding Goodwill": NaN,
        "Net Income From Continuing Operation Net Minority Interest": NaN,
        "Reconciled Depreciation": NaN,
        "Reconciled Cost Of Revenue": NaN,
        "EBITDA": NaN,
        "EBIT": NaN,
        "Net Interest Income": NaN,
        "Interest Expense": 0.0,
        "Interest Income": NaN,
        "Normalized Income": NaN,
        "Net Income From Continuing And Discontinued Operation": NaN,
        "Total Expenses": NaN,
        "Total Operating Income As Reported": NaN,
        "Diluted Average Shares": NaN,
        "Basic Average Shares": NaN,
        "Diluted EPS": NaN,
        "Basic EPS": NaN,
        "Diluted NI Availto Com Stockholders": NaN,
        "Net Income Common Stockholders": NaN,
        "Net Income": NaN,
        "Net Income Including Noncontrolling Interests": NaN,
        "Net Income Continuous Operations": NaN,
        "Tax Provision": NaN,
        "Pretax Income": NaN,
        "Other Income Expense": NaN,
        "Other Non Operating Income Expenses": NaN,
        "Gain On Sale Of Security": NaN,
        "Net Non Operating Interest Income Expense": NaN,
        "Interest Expense Non Operating": 0.0,
        "Interest Income Non Operating": NaN,
        "Operating Income": NaN,
        "Operating Expense": NaN,
        "Selling General And Administration": NaN,
        "Gross Profit": NaN,
        "Cost Of Revenue": NaN,
        "Total Revenue": NaN,
        "Operating Revenue": NaN
    },
    "2024-09-30": {
        "Tax Effect Of Unusual Items": 779216.0,
        "Tax Rate For Calcs": 0.248,
        "Normalized EBITDA": 17649000.0,
        "Total Unusual Items": 3142000.0,
        "Total Unusual Items Excluding Goodwill": 3142000.0,
        "Net Income From Continuing Operation Net Minority Interest": 19251000.0,
        "Reconciled Depreciation": 196000.0,
        "Reconciled Cost Of Revenue": 81344000.0,
        "EBITDA": 20791000.0,
        "EBIT": 20595000.0,
        "Net Interest Income": 1876000.0,
        "Interest Expense": 0.0,
        "Interest Income": 1876000.0,
        "Normalized Income": 16888216.0,
        "Net Income From Continuing And Discontinued Operation": 19251000.0,
        "Total Expenses": 112311000.0,
        "Total Operating Income As Reported": 20595000.0,
        "Diluted Average Shares": 59314805.0,
        "Basic Average Shares": 56769410.0,
        "Diluted EPS": 0.32,
        "Basic EPS": 0.34,
        "Diluted NI Availto Com Stockholders": 19251000.0,
        "Net Income Common Stockholders": 19251000.0,
        "Net Income": 19251000.0,
        "Net Income Including Noncontrolling Interests": 19251000.0,
        "Net Income Continuous Operations": 19251000.0,
        "Tax Provision": 6362000.0,
        "Pretax Income": 25613000.0,
        "Other Income Expense": 3142000.0,
        "Other Non Operating Income Expenses": NaN,
        "Gain On Sale Of Security": 3142000.0,
        "Net Non Operating Interest Income Expense": 1876000.0,
        "Interest Expense Non Operating": 0.0,
        "Interest Income Non Operating": 1876000.0,
        "Operating Income": 20595000.0,
        "Operating Expense": 30967000.0,
        "Selling General And Administration": 30967000.0,
        "Gross Profit": 51562000.0,
        "Cost Of Revenue": 81344000.0,
        "Total Revenue": 132906000.0,
        "Operating Revenue": 132906000.0
    },
    "2024-12-31": {
        "Tax Effect Of Unusual Items": -907830.0,
        "Tax Rate For Calcs": 0.21,
        "Normalized EBITDA": 6179000.0,
        "Total Unusual Items": -4323000.0,
        "Total Unusual Items Excluding Goodwill": -4323000.0,
        "Net Income From Continuing Operation Net Minority Interest": 3370000.0,
        "Reconciled Depreciation": 205000.0,
        "Reconciled Cost Of Revenue": 85986000.0,
        "EBITDA": 1856000.0,
        "EBIT": 1651000.0,
        "Net Interest Income": 1689000.0,
        "Interest Expense": 0.0,
        "Interest Income": 1689000.0,
        "Normalized Income": 6785170.0,
        "Net Income From Continuing And Discontinued Operation": 3370000.0,
        "Total Expenses": 123008000.0,
        "Total Operating Income As Reported": 4285000.0,
        "Diluted Average Shares": 59847819.0,
        "Basic Average Shares": 56851503.0,
        "Diluted EPS": 0.06,
        "Basic EPS": 0.06,
        "Diluted NI Availto Com Stockholders": 3370000.0,
        "Net Income Common Stockholders": 3370000.0,
        "Net Income": 3370000.0,
        "Net Income Including Noncontrolling Interests": 3370000.0,
        "Net Income Continuous Operations": 3370000.0,
        "Tax Provision": -1719000.0,
        "Pretax Income": 1651000.0,
        "Other Income Expense": -4323000.0,
        "Other Non Operating Income Expenses": NaN,
        "Gain On Sale Of Security": -4323000.0,
        "Net Non Operating Interest Income Expense": 1689000.0,
        "Interest Expense Non Operating": 0.0,
        "Interest Income Non Operating": 1689000.0,
        "Operating Income": 4285000.0,
        "Operating Expense": 37022000.0,
        "Selling General And Administration": 37022000.0,
        "Gross Profit": 41307000.0,
        "Cost Of Revenue": 85986000.0,
        "Total Revenue": 127293000.0,
        "Operating Revenue": 127293000.0
    },
    "2025-03-31": {
        "Tax Effect Of Unusual Items": 764325.0,
        "Tax Rate For Calcs": 0.225,
        "Normalized EBITDA": 16098000.0,
        "Total Unusual Items": 3397000.0,
        "Total Unusual Items Excluding Goodwill": 3397000.0,
        "Net Income From Continuing Operation Net Minority Interest": 18882000.0,
        "Reconciled Depreciation": 202000.0,
        "Reconciled Cost Of Revenue": 82836000.0,
        "EBITDA": 19495000.0,
        "EBIT": 19293000.0,
        "Net Interest Income": 1518000.0,
        "Interest Expense": NaN,
        "Interest Income": 1518000.0,
        "Normalized Income": 16249325.0,
        "Net Income From Continuing And Discontinued Operation": 18882000.0,
        "Total Expenses": 111628000.0,
        "Total Operating Income As Reported": 19293000.0,
        "Diluted Average Shares": 59975827.0,
        "Basic Average Shares": 56994146.0,
        "Diluted EPS": 0.31,
        "Basic EPS": 0.33,
        "Diluted NI Availto Com Stockholders": 18882000.0,
        "Net Income Common Stockholders": 18882000.0,
        "Net Income": 18882000.0,
        "Net Income Including Noncontrolling Interests": 18882000.0,
        "Net Income Continuous Operations": 18882000.0,
        "Tax Provision": 5481000.0,
        "Pretax Income": 24363000.0,
        "Other Income Expense": 3552000.0,
        "Other Non Operating Income Expenses": 155000.0,
        "Gain On Sale Of Security": 3397000.0,
        "Net Non Operating Interest Income Expense": 1518000.0,
        "Interest Expense Non Operating": NaN,
        "Interest Income Non Operating": 1518000.0,
        "Operating Income": 19293000.0,
        "Operating Expense": 28792000.0,
        "Selling General And Administration": 28792000.0,
        "Gross Profit": 48085000.0,
        "Cost Of Revenue": 82836000.0,
        "Total Revenue": 130921000.0,
        "Operating Revenue": 130921000.0
    },
    "2025-06-30": {
        "Tax Effect Of Unusual Items": 289663.0,
        "Tax Rate For Calcs": 0.187,
        "Normalized EBITDA": 23779000.0,
        "Total Unusual Items": 1549000.0,
        "Total Unusual Items Excluding Goodwill": 1549000.0,
        "Net Income From Continuing Operation Net Minority Interest": 22908000.0,
        "Reconciled Depreciation": 206000.0,
        "Reconciled Cost Of Revenue": 107494000.0,
        "EBITDA": 25328000.0,
        "EBIT": 25122000.0,
        "Net Interest Income": 1500000.0,
        "Interest Expense": NaN,
        "Interest Income": 1500000.0,
        "Normalized Income": 21648663.0,
        "Net Income From Continuing And Discontinued Operation": 22908000.0,
        "Total Expenses": 143637000.0,
        "Total Operating Income As Reported": 25122000.0,
        "Diluted Average Shares": 59643348.0,
        "Basic Average Shares": 56795499.0,
        "Diluted EPS": 0.38,
        "Basic EPS": 0.4,
        "Diluted NI Availto Com Stockholders": 22908000.0,
        "Net Income Common Stockholders": 22908000.0,
        "Net Income": 22908000.0,
        "Net Income Including Noncontrolling Interests": 22908000.0,
        "Net Income Continuous Operations": 22908000.0,
        "Tax Provision": 5263000.0,
        "Pretax Income": 28171000.0,
        "Other Income Expense": 1549000.0,
        "Other Non Operating Income Expenses": NaN,
        "Gain On Sale Of Security": 1549000.0,
        "Net Non Operating Interest Income Expense": 1500000.0,
        "Interest Expense Non Operating": NaN,
        "Interest Income Non Operating": 1500000.0,
        "Operating Income": 25122000.0,
        "Operating Expense": 36143000.0,
        "Selling General And Administration": 36143000.0,
        "Gross Profit": 61265000.0,
        "Cost Of Revenue": 107494000.0,
        "Total Revenue": 168759000.0,
        "Operating Revenue": 168759000.0
    },
    "2025-09-30": {
        "Tax Effect Of Unusual Items": 213640.0,
        "Tax Rate For Calcs": 0.218,
        "Normalized EBITDA": 27171000.0,
        "Total Unusual Items": 980000.0,
        "Total Unusual Items Excluding Goodwill": 980000.0,
        "Net Income From Continuing Operation Net Minority Interest": 24003000.0,
        "Reconciled Depreciation": 228000.0,
        "Reconciled Cost Of Revenue": 113645000.0,
        "EBITDA": 28151000.0,
        "EBIT": 27923000.0,
        "Net Interest Income": 1776000.0,
        "Interest Expense": NaN,
        "Interest Income": 1776000.0,
        "Normalized Income": 23236640.0,
        "Net Income From Continuing And Discontinued Operation": 24003000.0,
        "Total Expenses": 154390000.0,
        "Total Operating Income As Reported": 27923000.0,
        "Diluted Average Shares": 59878602.0,
        "Basic Average Shares": 56850812.0,
        "Diluted EPS": 0.4,
        "Basic EPS": 0.42,
        "Diluted NI Availto Com Stockholders": 24003000.0,
        "Net Income Common Stockholders": 24003000.0,
        "Net Income": 24003000.0,
        "Net Income Including Noncontrolling Interests": 24003000.0,
        "Net Income Continuous Operations": 24003000.0,
        "Tax Provision": 6676000.0,
        "Pretax Income": 30679000.0,
        "Other Income Expense": 980000.0,
        "Other Non Operating Income Expenses": NaN,
        "Gain On Sale Of Security": 980000.0,
        "Net Non Operating Interest Income Expense": 1776000.0,
        "Interest Expense Non Operating": NaN,
        "Interest Income Non Operating": 1776000.0,
        "Operating Income": 27923000.0,
        "Operating Expense": 40745000.0,
        "Selling General And Administration": 40745000.0,
        "Gross Profit": 68668000.0,
        "Cost Of Revenue": 113645000.0,
        "Total Revenue": 182313000.0,
        "Operating Revenue": 182313000.0
    }
}