{
    "2023-06-30": {
        "Tax Effect Of Unusual Items": 22078.0,
        "Tax Rate For Calcs": 0.166,
        "Total Unusual Items": 133000.0,
        "Total Unusual Items Excluding Goodwill": 133000.0,
        "Net Income From Continuing Operation Net Minority Interest": 5213000.0,
        "Reconciled Depreciation": 3091000.0,
        "Net Interest Income": 16091000.0,
        "Interest Expense": 7225000.0,
        "Interest Income": 23316000.0,
        "Normalized Income": 5102078.0,
        "Net Income From Continuing And Discontinued Operation": 5213000.0,
        "Diluted Average Shares": 7551897.0,
        "Basic Average Shares": 7529177.0,
        "Diluted EPS": 0.69,
        "Basic EPS": 0.69,
        "Diluted NI Availto Com Stockholders": 5213000.0,
        "Net Income Common Stockholders": 5213000.0,
        "Net Income": 5213000.0,
        "Net Income Including Noncontrolling Interests": 5213000.0,
        "Net Income Continuous Operations": 5213000.0,
        "Tax Provision": 1040000.0,
        "Pretax Income": 6253000.0,
        "Gain On Sale Of Security": -385000.0,
        "Depreciation Amortization Depletion Income Statement": 253000.0,
        "Depreciation And Amortization In Income Statement": 253000.0,
        "Amortization": 253000.0,
        "Amortization Of Intangibles Income Statement": 253000.0,
        "Selling General And Administration": 8212000.0,
        "Selling And Marketing Expense": 155000.0,
        "General And Administrative Expense": 8057000.0,
        "Insurance And Claims": 220000.0,
        "Salaries And Wages": 7837000.0,
        "Total Revenue": 19576000.0,
        "Operating Revenue": 19576000.0,
        "Occupancy And Equipment": 1507000.0,
        "Professional Expense And Contract Services Expense": 619000.0,
        "Other Non Interest Expense": 2982000.0
    },
    "2023-03-31": {
        "Tax Effect Of Unusual Items": 465.0,
        "Tax Rate For Calcs": 0.155,
        "Total Unusual Items": 3000.0,
        "Total Unusual Items Excluding Goodwill": 3000.0,
        "Net Income From Continuing Operation Net Minority Interest": 5633000.0,
        "Reconciled Depreciation": 3109000.0,
        "Net Interest Income": 17012000.0,
        "Interest Expense": 4386000.0,
        "Interest Income": 21398000.0,
        "Normalized Income": 5630465.0,
        "Net Income From Continuing And Discontinued Operation": 5633000.0,
        "Diluted Average Shares": 7552329.0,
        "Basic Average Shares": 7519282.0,
        "Diluted EPS": 0.75,
        "Basic EPS": 0.75,
        "Diluted NI Availto Com Stockholders": 5633000.0,
        "Net Income Common Stockholders": 5633000.0,
        "Net Income": 5633000.0,
        "Net Income Including Noncontrolling Interests": 5633000.0,
        "Net Income Continuous Operations": 5633000.0,
        "Tax Provision": 1030000.0,
        "Pretax Income": 6663000.0,
        "Gain On Sale Of Security": 63000.0,
        "Depreciation Amortization Depletion Income Statement": 252000.0,
        "Depreciation And Amortization In Income Statement": 252000.0,
        "Amortization": 252000.0,
        "Amortization Of Intangibles Income Statement": 252000.0,
        "Selling General And Administration": 8532000.0,
        "Selling And Marketing Expense": 149000.0,
        "General And Administrative Expense": 8383000.0,
        "Insurance And Claims": 300000.0,
        "Salaries And Wages": 8083000.0,
        "Total Revenue": 20683000.0,
        "Operating Revenue": 20683000.0,
        "Occupancy And Equipment": 1643000.0,
        "Professional Expense And Contract Services Expense": 621000.0,
        "Other Non Interest Expense": 2947000.0
    },
    "2022-12-31": {
        "Tax Effect Of Unusual Items": -10041.032258,
        "Tax Rate For Calcs": 0.137548,
        "Total Unusual Items": -73000.0,
        "Total Unusual Items Excluding Goodwill": -73000.0,
        "Net Income From Continuing Operation Net Minority Interest": 6684000.0,
        "Reconciled Depreciation": 3156000.0,
        "Net Interest Income": 17366000.0,
        "Interest Expense": 3269000.0,
        "Interest Income": 20635000.0,
        "Normalized Income": 6746958.967742,
        "Net Income From Continuing And Discontinued Operation": 6684000.0,
        "Diluted Average Shares": 7510112.0,
        "Basic Average Shares": 7510112.0,
        "Diluted EPS": 0.89,
        "Basic EPS": 0.89,
        "Diluted NI Availto Com Stockholders": 6684000.0,
        "Net Income Common Stockholders": 6684000.0,
        "Net Income": 6684000.0,
        "Net Income Including Noncontrolling Interests": 6684000.0,
        "Net Income Continuous Operations": 6684000.0,
        "Tax Provision": 1066000.0,
        "Pretax Income": 7750000.0,
        "Gain On Sale Of Security": 47000.0,
        "Depreciation Amortization Depletion Income Statement": 252000.0,
        "Depreciation And Amortization In Income Statement": 252000.0,
        "Amortization": 252000.0,
        "Amortization Of Intangibles Income Statement": 252000.0,
        "Selling General And Administration": 7943000.0,
        "Selling And Marketing Expense": 286000.0,
        "General And Administrative Expense": 7657000.0,
        "Insurance And Claims": 77000.0,
        "Salaries And Wages": 7580000.0,
        "Total Revenue": 21115000.0,
        "Operating Revenue": 21115000.0
    },
    "2022-09-30": {
        "Tax Effect Of Unusual Items": 0.0,
        "Tax Rate For Calcs": 0.153734,
        "Total Unusual Items": 0.0,
        "Total Unusual Items Excluding Goodwill": 0.0,
        "Net Income From Continuing Operation Net Minority Interest": 5813000.0,
        "Reconciled Depreciation": 297000.0,
        "Net Interest Income": 17338000.0,
        "Interest Expense": 1947000.0,
        "Interest Income": 19285000.0,
        "Normalized Income": 5813000.0,
        "Net Income From Continuing And Discontinued Operation": 5813000.0,
        "Diluted Average Shares": 7520358.0,
        "Basic Average Shares": 7507538.0,
        "Diluted EPS": 0.77,
        "Basic EPS": 0.77,
        "Diluted NI Availto Com Stockholders": 5813000.0,
        "Net Income Common Stockholders": 5813000.0,
        "Net Income": 5813000.0,
        "Net Income Including Noncontrolling Interests": 5813000.0,
        "Net Income Continuous Operations": 5813000.0,
        "Tax Provision": 1056000.0,
        "Pretax Income": 6869000.0,
        "Gain On Sale Of Security": -701000.0,
        "Depreciation Amortization Depletion Income Statement": 297000.0,
        "Depreciation And Amortization In Income Statement": 297000.0,
        "Amortization": 297000.0,
        "Amortization Of Intangibles Income Statement": 297000.0,
        "Selling General And Administration": 7668000.0,
        "Selling And Marketing Expense": 199000.0,
        "General And Administrative Expense": 7668000.0,
        "Other Gand A": 1734000.0,
        "Insurance And Claims": 195000.0,
        "Salaries And Wages": 7668000.0,
        "Total Revenue": 20385000.0,
        "Operating Revenue": 20385000.0
    },
    "2022-06-30": {
        "Tax Effect Of Unusual Items": 144.315757,
        "Tax Rate For Calcs": 0.144316,
        "Total Unusual Items": 1000.0,
        "Total Unusual Items Excluding Goodwill": 1000.0,
        "Net Income From Continuing Operation Net Minority Interest": 5615000.0,
        "Reconciled Depreciation": 322000.0,
        "Net Interest Income": 16289000.0,
        "Interest Expense": 1377000.0,
        "Interest Income": 17666000.0,
        "Normalized Income": 5614144.315757,
        "Net Income From Continuing And Discontinued Operation": 5615000.0,
        "Diluted Average Shares": 7510524.0,
        "Basic Average Shares": 7499497.0,
        "Diluted EPS": 0.75,
        "Basic EPS": 0.75,
        "Diluted NI Availto Com Stockholders": 5615000.0,
        "Net Income Common Stockholders": 5615000.0,
        "Net Income": 5615000.0,
        "Net Income Including Noncontrolling Interests": 5615000.0,
        "Net Income Continuous Operations": 5615000.0,
        "Tax Provision": 947000.0,
        "Pretax Income": 6562000.0,
        "Gain On Sale Of Security": -754000.0,
        "Depreciation Amortization Depletion Income Statement": 322000.0,
        "Depreciation And Amortization In Income Statement": 322000.0,
        "Amortization": 322000.0,
        "Amortization Of Intangibles Income Statement": 322000.0,
        "Selling General And Administration": 7537000.0,
        "Selling And Marketing Expense": 147000.0,
        "General And Administrative Expense": 7537000.0,
        "Other Gand A": 1578000.0,
        "Insurance And Claims": 225000.0,
        "Salaries And Wages": 7537000.0,
        "Total Revenue": 19719000.0,
        "Operating Revenue": 19719000.0
    },
    "2022-03-31": {
        "Diluted EPS": 0.74,
        "Total Revenue": 21,
        "Gross Profit": 20,
        "Operating Income": 6,
        "EBIT": NaN,
        "Net Income": 6
    },
    "2021-12-31": {
        "Diluted EPS": 0.66,
        "Total Revenue": 21,
        "Gross Profit": 20,
        "Operating Income": 6,
        "EBIT": NaN,
        "Net Income": 5
    },
    "2021-09-30": {
        "Diluted EPS": 0.75,
        "Total Revenue": 21,
        "Gross Profit": 20,
        "Operating Income": 7,
        "EBIT": NaN,
        "Net Income": 6
    },
    "2021-06-30": {
        "Diluted EPS": 0.65,
        "Total Revenue": 20,
        "Gross Profit": 19,
        "Operating Income": 6,
        "EBIT": NaN,
        "Net Income": 5
    },
    "2021-03-31": {
        "Diluted EPS": 0.8,
        "Total Revenue": 21,
        "Gross Profit": 20,
        "Operating Income": 8,
        "EBIT": NaN,
        "Net Income": 6
    },
    "2020-12-31": {
        "Diluted EPS": 0.52,
        "Total Revenue": 21,
        "Gross Profit": 20,
        "Operating Income": 5,
        "EBIT": NaN,
        "Net Income": 4
    },
    "2020-09-30": {
        "Diluted EPS": 0.49,
        "Total Revenue": 21,
        "Gross Profit": 20,
        "Operating Income": 5,
        "EBIT": NaN,
        "Net Income": 4
    },
    "2020-06-30": {
        "Diluted EPS": 0.61,
        "Total Revenue": 20,
        "Gross Profit": 19,
        "Operating Income": 5,
        "EBIT": NaN,
        "Net Income": 4
    },
    "2020-03-31": {
        "Diluted EPS": 0.45,
        "Total Revenue": 17,
        "Gross Profit": 15,
        "Operating Income": 4,
        "EBIT": NaN,
        "Net Income": 3
    },
    "2019-12-31": {
        "Diluted EPS": 0.44,
        "Total Revenue": 16,
        "Gross Profit": 15,
        "Operating Income": 4,
        "EBIT": NaN,
        "Net Income": 3
    },
    "2019-09-30": {
        "Diluted EPS": 0.28,
        "Total Revenue": 8,
        "Gross Profit": 8,
        "Operating Income": 1,
        "EBIT": NaN,
        "Net Income": 1
    },
    "2019-06-30": {
        "Diluted EPS": 0.41,
        "Total Revenue": 9,
        "Gross Profit": 8,
        "Operating Income": 2,
        "EBIT": NaN,
        "Net Income": 1
    },
    "2019-03-31": {
        "Diluted EPS": 0.45,
        "Total Revenue": 8,
        "Gross Profit": 7,
        "Operating Income": 2,
        "EBIT": NaN,
        "Net Income": 2
    },
    "2018-12-31": {
        "Diluted EPS": 0.51,
        "Total Revenue": 8,
        "Gross Profit": 7,
        "Operating Income": 2,
        "EBIT": NaN,
        "Net Income": 2
    },
    "2018-09-30": {
        "Diluted EPS": 0.55,
        "Total Revenue": 8,
        "Gross Profit": 7,
        "Operating Income": 2,
        "EBIT": NaN,
        "Net Income": 2
    },
    "2018-06-30": {
        "Diluted EPS": 0.5,
        "Total Revenue": 8,
        "Gross Profit": 7,
        "Operating Income": 2,
        "EBIT": NaN,
        "Net Income": 2
    },
    "2018-03-31": {
        "Diluted EPS": 0.46,
        "Total Revenue": 7,
        "Gross Profit": 7,
        "Operating Income": 2,
        "EBIT": NaN,
        "Net Income": 2
    },
    "2017-12-31": {
        "Diluted EPS": 0.39,
        "Total Revenue": 8,
        "Gross Profit": 8,
        "Operating Income": 2,
        "EBIT": NaN,
        "Net Income": 1
    },
    "2017-09-30": {
        "Diluted EPS": 0.46,
        "Total Revenue": 8,
        "Gross Profit": 7,
        "Operating Income": 2,
        "EBIT": NaN,
        "Net Income": 2
    },
    "2017-06-30": {
        "Diluted EPS": 0.45,
        "Total Revenue": 7,
        "Gross Profit": 7,
        "Operating Income": 2,
        "EBIT": NaN,
        "Net Income": 2
    },
    "2017-03-31": {
        "Diluted EPS": 0.4,
        "Total Revenue": 7,
        "Gross Profit": 7,
        "Operating Income": 2,
        "EBIT": NaN,
        "Net Income": 1
    },
    "2016-12-31": {
        "Diluted EPS": 0.38,
        "Total Revenue": 7,
        "Gross Profit": 7,
        "Operating Income": 2,
        "EBIT": NaN,
        "Net Income": 2
    },
    "2016-09-30": {
        "Diluted EPS": 0.5,
        "Total Revenue": 7,
        "Gross Profit": 7,
        "Operating Income": 2,
        "EBIT": NaN,
        "Net Income": 2
    },
    "2016-06-30": {
        "Diluted EPS": 0.41,
        "Total Revenue": 7,
        "Gross Profit": 7,
        "Operating Income": 2,
        "EBIT": NaN,
        "Net Income": 1
    },
    "2016-03-31": {
        "Diluted EPS": 0.39,
        "Total Revenue": 7,
        "Gross Profit": 7,
        "Operating Income": 2,
        "EBIT": NaN,
        "Net Income": 1
    },
    "2015-12-31": {
        "Diluted EPS": 0.29,
        "Total Revenue": 7,
        "Gross Profit": 6,
        "Operating Income": 2,
        "EBIT": NaN,
        "Net Income": 1
    },
    "2015-09-30": {
        "Diluted EPS": 0.44,
        "Total Revenue": 7,
        "Gross Profit": 7,
        "Operating Income": 2,
        "EBIT": NaN,
        "Net Income": 1
    },
    "2015-06-30": {
        "Diluted EPS": 0.43,
        "Total Revenue": 7,
        "Gross Profit": 6,
        "Operating Income": 2,
        "EBIT": NaN,
        "Net Income": 1
    },
    "2015-03-31": {
        "Diluted EPS": 0.5,
        "Total Revenue": 7,
        "Gross Profit": 7,
        "Operating Income": 2,
        "EBIT": NaN,
        "Net Income": 2
    },
    "2014-12-31": {
        "Diluted EPS": 0.47,
        "Total Revenue": 7,
        "Gross Profit": 6,
        "Operating Income": 1,
        "EBIT": NaN,
        "Net Income": 2
    },
    "2014-09-30": {
        "Diluted EPS": 0.47,
        "Total Revenue": 7,
        "Gross Profit": 6,
        "Operating Income": 2,
        "EBIT": NaN,
        "Net Income": 2
    },
    "2014-06-30": {
        "Diluted EPS": 0.4,
        "Total Revenue": 6,
        "Gross Profit": 6,
        "Operating Income": 2,
        "EBIT": NaN,
        "Net Income": 1
    },
    "2014-03-31": {
        "Diluted EPS": 0.38,
        "Total Revenue": 6,
        "Gross Profit": 6,
        "Operating Income": 2,
        "EBIT": NaN,
        "Net Income": 1
    },
    "2013-12-31": {
        "Diluted EPS": 0.0,
        "Total Revenue": NaN,
        "Gross Profit": NaN,
        "Operating Income": NaN,
        "EBIT": NaN,
        "Net Income": NaN
    },
    "2023-09-30": {
        "Tax Effect Of Unusual Items": NaN,
        "Tax Rate For Calcs": NaN,
        "Total Unusual Items": NaN,
        "Total Unusual Items Excluding Goodwill": NaN,
        "Net Income From Continuing Operation Net Minority Interest": NaN,
        "Reconciled Depreciation": NaN,
        "Net Interest Income": NaN,
        "Interest Expense": NaN,
        "Interest Income": NaN,
        "Normalized Income": NaN,
        "Net Income From Continuing And Discontinued Operation": NaN,
        "Diluted Average Shares": NaN,
        "Basic Average Shares": NaN,
        "Diluted EPS": NaN,
        "Basic EPS": NaN,
        "Diluted NI Availto Com Stockholders": NaN,
        "Net Income Common Stockholders": NaN,
        "Net Income": NaN,
        "Net Income Including Noncontrolling Interests": NaN,
        "Net Income Continuous Operations": NaN,
        "Tax Provision": NaN,
        "Pretax Income": NaN,
        "Special Income Charges": 0.0,
        "Restructuring And Mergern Acquisition": 0.0,
        "Gain On Sale Of Security": NaN,
        "Depreciation Amortization Depletion Income Statement": NaN,
        "Depreciation And Amortization In Income Statement": NaN,
        "Amortization": NaN,
        "Amortization Of Intangibles Income Statement": NaN,
        "Selling General And Administration": NaN,
        "Selling And Marketing Expense": NaN,
        "General And Administrative Expense": NaN,
        "Insurance And Claims": NaN,
        "Salaries And Wages": NaN,
        "Total Revenue": NaN,
        "Operating Revenue": NaN,
        "Occupancy And Equipment": NaN,
        "Professional Expense And Contract Services Expense": NaN,
        "Other Non Interest Expense": NaN
    },
    "2023-12-31": {
        "Tax Effect Of Unusual Items": -358.505195,
        "Tax Rate For Calcs": 0.179253,
        "Total Unusual Items": -2000.0,
        "Total Unusual Items Excluding Goodwill": -2000.0,
        "Net Income From Continuing Operation Net Minority Interest": 5293000.0,
        "Reconciled Depreciation": 3081000.0,
        "Net Interest Income": 16556000.0,
        "Interest Expense": 11406000.0,
        "Interest Income": 27962000.0,
        "Normalized Income": 5294641.494805,
        "Net Income From Continuing And Discontinued Operation": 5293000.0,
        "Diluted Average Shares": 7561429.0,
        "Basic Average Shares": 7561429.0,
        "Diluted EPS": 0.7,
        "Basic EPS": 0.7,
        "Diluted NI Availto Com Stockholders": 5293000.0,
        "Net Income Common Stockholders": 5293000.0,
        "Net Income": 5293000.0,
        "Net Income Including Noncontrolling Interests": 5293000.0,
        "Net Income Continuous Operations": 5293000.0,
        "Tax Provision": 1156000.0,
        "Pretax Income": 6449000.0,
        "Special Income Charges": NaN,
        "Restructuring And Mergern Acquisition": NaN,
        "Gain On Sale Of Security": 210000.0,
        "Depreciation Amortization Depletion Income Statement": 203000.0,
        "Depreciation And Amortization In Income Statement": 203000.0,
        "Amortization": 203000.0,
        "Amortization Of Intangibles Income Statement": 203000.0,
        "Selling General And Administration": 8547000.0,
        "Selling And Marketing Expense": 148000.0,
        "General And Administrative Expense": 8399000.0,
        "Insurance And Claims": 394000.0,
        "Salaries And Wages": 8005000.0,
        "Total Revenue": 20602000.0,
        "Operating Revenue": 20602000.0,
        "Occupancy And Equipment": 1471000.0,
        "Professional Expense And Contract Services Expense": 523000.0,
        "Other Non Interest Expense": 3034000.0
    },
    "2024-03-31": {
        "Tax Effect Of Unusual Items": 176.436194,
        "Tax Rate For Calcs": 0.176436,
        "Total Unusual Items": 1000.0,
        "Total Unusual Items Excluding Goodwill": 1000.0,
        "Net Income From Continuing Operation Net Minority Interest": 5634000.0,
        "Reconciled Depreciation": 3063000.0,
        "Net Interest Income": 16474000.0,
        "Interest Expense": 11958000.0,
        "Interest Income": 28432000.0,
        "Normalized Income": 5633176.436194,
        "Net Income From Continuing And Discontinued Operation": 5634000.0,
        "Diluted Average Shares": 7613514.0,
        "Basic Average Shares": 7512000.0,
        "Diluted EPS": 0.74,
        "Basic EPS": 0.75,
        "Diluted NI Availto Com Stockholders": 5634000.0,
        "Net Income Common Stockholders": 5634000.0,
        "Net Income": 5634000.0,
        "Net Income Including Noncontrolling Interests": 5634000.0,
        "Net Income Continuous Operations": 5634000.0,
        "Tax Provision": 1207000.0,
        "Pretax Income": 6841000.0,
        "Special Income Charges": 0.0,
        "Restructuring And Mergern Acquisition": 0.0,
        "Gain On Sale Of Security": 35000.0,
        "Depreciation Amortization Depletion Income Statement": 203000.0,
        "Depreciation And Amortization In Income Statement": 203000.0,
        "Amortization": 203000.0,
        "Amortization Of Intangibles Income Statement": 203000.0,
        "Selling General And Administration": 8356000.0,
        "Selling And Marketing Expense": 150000.0,
        "General And Administrative Expense": 8206000.0,
        "Insurance And Claims": 375000.0,
        "Salaries And Wages": 7831000.0,
        "Total Revenue": 20525000.0,
        "Operating Revenue": 20525000.0,
        "Occupancy And Equipment": 1462000.0,
        "Professional Expense And Contract Services Expense": 615000.0,
        "Other Non Interest Expense": 3048000.0
    },
    "2024-06-30": {
        "Tax Effect Of Unusual Items": 2134.0,
        "Tax Rate For Calcs": 0.194,
        "Total Unusual Items": 11000.0,
        "Total Unusual Items Excluding Goodwill": 11000.0,
        "Net Income From Continuing Operation Net Minority Interest": 6586000.0,
        "Reconciled Depreciation": 3019000.0,
        "Net Interest Income": 18371000.0,
        "Interest Expense": 11573000.0,
        "Interest Income": 29944000.0,
        "Normalized Income": 6577134.0,
        "Net Income From Continuing And Discontinued Operation": 6586000.0,
        "Diluted Average Shares": NaN,
        "Basic Average Shares": NaN,
        "Diluted EPS": NaN,
        "Basic EPS": NaN,
        "Diluted NI Availto Com Stockholders": 6586000.0,
        "Net Income Common Stockholders": 6586000.0,
        "Net Income": 6586000.0,
        "Net Income Including Noncontrolling Interests": 6586000.0,
        "Net Income Continuous Operations": 6586000.0,
        "Tax Provision": 1590000.0,
        "Pretax Income": 8176000.0,
        "Special Income Charges": 0.0,
        "Restructuring And Mergern Acquisition": 0.0,
        "Gain On Sale Of Security": -71000.0,
        "Depreciation Amortization Depletion Income Statement": 203000.0,
        "Depreciation And Amortization In Income Statement": 203000.0,
        "Amortization": 203000.0,
        "Amortization Of Intangibles Income Statement": 203000.0,
        "Selling General And Administration": 8853000.0,
        "Selling And Marketing Expense": 199000.0,
        "General And Administrative Expense": 8654000.0,
        "Insurance And Claims": 390000.0,
        "Salaries And Wages": 8264000.0,
        "Total Revenue": 22454000.0,
        "Operating Revenue": 22454000.0,
        "Occupancy And Equipment": 1477000.0,
        "Professional Expense And Contract Services Expense": 593000.0,
        "Other Non Interest Expense": 3152000.0
    },
    "2024-09-30": {
        "Tax Effect Of Unusual Items": -94432.0,
        "Tax Rate For Calcs": 0.208,
        "Total Unusual Items": -454000.0,
        "Total Unusual Items Excluding Goodwill": -454000.0,
        "Net Income From Continuing Operation Net Minority Interest": 7348000.0,
        "Reconciled Depreciation": 3088000.0,
        "Net Interest Income": 20248000.0,
        "Interest Expense": 11442000.0,
        "Interest Income": 31690000.0,
        "Normalized Income": 7707568.0,
        "Net Income From Continuing And Discontinued Operation": 7348000.0,
        "Diluted Average Shares": 8615817.0,
        "Basic Average Shares": 8567548.0,
        "Diluted EPS": 0.85,
        "Basic EPS": 0.86,
        "Diluted NI Availto Com Stockholders": 7348000.0,
        "Net Income Common Stockholders": 7348000.0,
        "Net Income": 7348000.0,
        "Net Income Including Noncontrolling Interests": 7348000.0,
        "Net Income Continuous Operations": 7348000.0,
        "Tax Provision": 1925000.0,
        "Pretax Income": 9273000.0,
        "Special Income Charges": -645000.0,
        "Restructuring And Mergern Acquisition": 645000.0,
        "Gain On Sale Of Security": 277000.0,
        "Depreciation Amortization Depletion Income Statement": 198000.0,
        "Depreciation And Amortization In Income Statement": 198000.0,
        "Amortization": 198000.0,
        "Amortization Of Intangibles Income Statement": 198000.0,
        "Selling General And Administration": 8930000.0,
        "Selling And Marketing Expense": 168000.0,
        "General And Administrative Expense": 8762000.0,
        "Insurance And Claims": 390000.0,
        "Salaries And Wages": 8372000.0,
        "Total Revenue": 25115000.0,
        "Operating Revenue": 25115000.0,
        "Occupancy And Equipment": 1475000.0,
        "Professional Expense And Contract Services Expense": 610000.0,
        "Other Non Interest Expense": 3559000.0
    },
    "2024-12-31": {
        "Tax Effect Of Unusual Items": -74367.541766,
        "Tax Rate For Calcs": 0.186385,
        "Total Unusual Items": -399000.0,
        "Total Unusual Items Excluding Goodwill": -399000.0,
        "Net Income From Continuing Operation Net Minority Interest": 7159000.0,
        "Reconciled Depreciation": 3163000.0,
        "Net Interest Income": 19349000.0,
        "Interest Expense": 11689000.0,
        "Interest Income": 31038000.0,
        "Normalized Income": 7483632.458234,
        "Net Income From Continuing And Discontinued Operation": 7159000.0,
        "Diluted Average Shares": 9062025.0,
        "Basic Average Shares": 9062025.0,
        "Diluted EPS": 0.79,
        "Basic EPS": 0.79,
        "Diluted NI Availto Com Stockholders": 7159000.0,
        "Net Income Common Stockholders": 7159000.0,
        "Net Income": 7159000.0,
        "Net Income Including Noncontrolling Interests": 7159000.0,
        "Net Income Continuous Operations": 7159000.0,
        "Tax Provision": 1640000.0,
        "Pretax Income": 8799000.0,
        "Special Income Charges": -394000.0,
        "Restructuring And Mergern Acquisition": 394000.0,
        "Gain On Sale Of Security": -46000.0,
        "Depreciation Amortization Depletion Income Statement": 153000.0,
        "Depreciation And Amortization In Income Statement": 153000.0,
        "Amortization": 153000.0,
        "Amortization Of Intangibles Income Statement": 153000.0,
        "Selling General And Administration": 9392000.0,
        "Selling And Marketing Expense": 271000.0,
        "General And Administrative Expense": 9121000.0,
        "Insurance And Claims": 180000.0,
        "Salaries And Wages": 8941000.0,
        "Total Revenue": 24343000.0,
        "Operating Revenue": 24343000.0,
        "Occupancy And Equipment": 1383000.0,
        "Professional Expense And Contract Services Expense": 653000.0,
        "Other Non Interest Expense": 3369000.0
    },
    "2025-03-31": {
        "Tax Effect Of Unusual Items": -3610530.0,
        "Tax Rate For Calcs": 0.21,
        "Total Unusual Items": -17193000.0,
        "Total Unusual Items Excluding Goodwill": -17193000.0,
        "Net Income From Continuing Operation Net Minority Interest": -13906000.0,
        "Reconciled Depreciation": 3634000.0,
        "Net Interest Income": 26311000.0,
        "Interest Expense": 13648000.0,
        "Interest Income": 39959000.0,
        "Normalized Income": -323530.0,
        "Net Income From Continuing And Discontinued Operation": -13906000.0,
        "Diluted Average Shares": 10740084.0,
        "Basic Average Shares": 10676068.0,
        "Diluted EPS": -1.3,
        "Basic EPS": -1.3,
        "Diluted NI Availto Com Stockholders": -13906000.0,
        "Net Income Common Stockholders": -13906000.0,
        "Net Income": -13906000.0,
        "Net Income Including Noncontrolling Interests": -13906000.0,
        "Net Income Continuous Operations": -13906000.0,
        "Tax Provision": -3689000.0,
        "Pretax Income": -17595000.0,
        "Special Income Charges": -17203000.0,
        "Restructuring And Mergern Acquisition": 17203000.0,
        "Gain On Sale Of Security": 107000.0,
        "Depreciation Amortization Depletion Income Statement": 680000.0,
        "Depreciation And Amortization In Income Statement": 680000.0,
        "Amortization": 680000.0,
        "Amortization Of Intangibles Income Statement": 680000.0,
        "Selling General And Administration": 11031000.0,
        "Selling And Marketing Expense": 256000.0,
        "General And Administrative Expense": 10775000.0,
        "Insurance And Claims": 455000.0,
        "Salaries And Wages": 10320000.0,
        "Total Revenue": 31233000.0,
        "Operating Revenue": 31233000.0,
        "Occupancy And Equipment": 1719000.0,
        "Professional Expense And Contract Services Expense": 697000.0,
        "Other Non Interest Expense": 4335000.0
    },
    "2025-06-30": {
        "Tax Effect Of Unusual Items": -30644.0,
        "Tax Rate For Calcs": 0.188,
        "Total Unusual Items": -163000.0,
        "Total Unusual Items Excluding Goodwill": -163000.0,
        "Net Income From Continuing Operation Net Minority Interest": 13534000.0,
        "Reconciled Depreciation": 5413000.0,
        "Net Interest Income": 36322000.0,
        "Interest Expense": 17603000.0,
        "Interest Income": 53925000.0,
        "Normalized Income": 13666356.0,
        "Net Income From Continuing And Discontinued Operation": 13534000.0,
        "Diluted Average Shares": 15035113.0,
        "Basic Average Shares": 14999067.0,
        "Diluted EPS": 0.9,
        "Basic EPS": 0.9,
        "Diluted NI Availto Com Stockholders": 13534000.0,
        "Net Income Common Stockholders": 13534000.0,
        "Net Income": 13534000.0,
        "Net Income Including Noncontrolling Interests": 13534000.0,
        "Net Income Continuous Operations": 13534000.0,
        "Tax Provision": 3135000.0,
        "Pretax Income": 16669000.0,
        "Special Income Charges": -166000.0,
        "Restructuring And Mergern Acquisition": 166000.0,
        "Gain On Sale Of Security": 239000.0,
        "Depreciation Amortization Depletion Income Statement": 1732000.0,
        "Depreciation And Amortization In Income Statement": 1732000.0,
        "Amortization": 1732000.0,
        "Amortization Of Intangibles Income Statement": 1732000.0,
        "Selling General And Administration": 14541000.0,
        "Selling And Marketing Expense": 260000.0,
        "General And Administrative Expense": 14281000.0,
        "Insurance And Claims": 550000.0,
        "Salaries And Wages": 13731000.0,
        "Total Revenue": 42825000.0,
        "Operating Revenue": 42825000.0,
        "Occupancy And Equipment": 2432000.0,
        "Professional Expense And Contract Services Expense": 947000.0,
        "Other Non Interest Expense": 5688000.0
    },
    "2025-09-30": {
        "Tax Effect Of Unusual Items": -7761.0,
        "Tax Rate For Calcs": 0.199,
        "Total Unusual Items": -39000.0,
        "Total Unusual Items Excluding Goodwill": -39000.0,
        "Net Income From Continuing Operation Net Minority Interest": 14681000.0,
        "Reconciled Depreciation": 5504000.0,
        "Net Interest Income": 37597000.0,
        "Interest Expense": 17101000.0,
        "Interest Income": 54698000.0,
        "Normalized Income": 14712239.0,
        "Net Income From Continuing And Discontinued Operation": 14681000.0,
        "Diluted Average Shares": 15061155.0,
        "Basic Average Shares": 15014933.0,
        "Diluted EPS": 0.97,
        "Basic EPS": 0.98,
        "Diluted NI Availto Com Stockholders": 14681000.0,
        "Net Income Common Stockholders": 14681000.0,
        "Net Income": 14681000.0,
        "Net Income Including Noncontrolling Interests": 14681000.0,
        "Net Income Continuous Operations": 14681000.0,
        "Tax Provision": 3645000.0,
        "Pretax Income": 18326000.0,
        "Special Income Charges": 0.0,
        "Restructuring And Mergern Acquisition": 0.0,
        "Gain On Sale Of Security": 458000.0,
        "Depreciation Amortization Depletion Income Statement": 1728000.0,
        "Depreciation And Amortization In Income Statement": 1728000.0,
        "Amortization": 1728000.0,
        "Amortization Of Intangibles Income Statement": 1728000.0,
        "Selling General And Administration": 14864000.0,
        "Selling And Marketing Expense": 207000.0,
        "General And Administrative Expense": 14657000.0,
        "Insurance And Claims": 530000.0,
        "Salaries And Wages": 14127000.0,
        "Total Revenue": 44741000.0,
        "Operating Revenue": 44741000.0,
        "Occupancy And Equipment": 2694000.0,
        "Professional Expense And Contract Services Expense": 834000.0,
        "Other Non Interest Expense": 6095000.0
    }
}