{
    "2023-03-31": {
        "Tax Effect Of Unusual Items": NaN,
        "Tax Rate For Calcs": NaN,
        "Normalized EBITDA": NaN,
        "Total Unusual Items": NaN,
        "Total Unusual Items Excluding Goodwill": NaN,
        "Net Income From Continuing Operation Net Minority Interest": NaN,
        "Reconciled Depreciation": NaN,
        "Reconciled Cost Of Revenue": NaN,
        "EBITDA": NaN,
        "EBIT": NaN,
        "Net Interest Income": NaN,
        "Interest Expense": 2929000.0,
        "Interest Income": NaN,
        "Normalized Income": NaN,
        "Net Income From Continuing And Discontinued Operation": NaN,
        "Total Expenses": NaN,
        "Total Operating Income As Reported": NaN,
        "Diluted Average Shares": NaN,
        "Basic Average Shares": NaN,
        "Diluted EPS": NaN,
        "Basic EPS": NaN,
        "Diluted NI Availto Com Stockholders": NaN,
        "Net Income Common Stockholders": NaN,
        "Net Income": NaN,
        "Net Income Including Noncontrolling Interests": NaN,
        "Net Income Continuous Operations": NaN,
        "Tax Provision": NaN,
        "Pretax Income": NaN,
        "Other Income Expense": NaN,
        "Other Non Operating Income Expenses": NaN,
        "Special Income Charges": NaN,
        "Restructuring And Mergern Acquisition": NaN,
        "Net Non Operating Interest Income Expense": NaN,
        "Total Other Finance Cost": NaN,
        "Interest Expense Non Operating": 2929000.0,
        "Interest Income Non Operating": NaN,
        "Operating Income": NaN,
        "Operating Expense": NaN,
        "Selling General And Administration": NaN,
        "Selling And Marketing Expense": NaN,
        "General And Administrative Expense": NaN,
        "Other Gand A": NaN,
        "Salaries And Wages": NaN,
        "Gross Profit": NaN,
        "Cost Of Revenue": NaN,
        "Total Revenue": NaN,
        "Operating Revenue": NaN
    },
    "2022-12-31": {
        "Tax Effect Of Unusual Items": NaN,
        "Tax Rate For Calcs": NaN,
        "Normalized EBITDA": NaN,
        "Total Unusual Items": NaN,
        "Total Unusual Items Excluding Goodwill": NaN,
        "Net Income From Continuing Operation Net Minority Interest": NaN,
        "Reconciled Depreciation": NaN,
        "Reconciled Cost Of Revenue": NaN,
        "EBITDA": NaN,
        "EBIT": NaN,
        "Net Interest Income": NaN,
        "Interest Expense": 3864000.0,
        "Interest Income": NaN,
        "Normalized Income": NaN,
        "Net Income From Continuing And Discontinued Operation": NaN,
        "Total Expenses": NaN,
        "Total Operating Income As Reported": NaN,
        "Diluted Average Shares": NaN,
        "Basic Average Shares": NaN,
        "Diluted EPS": NaN,
        "Basic EPS": NaN,
        "Diluted NI Availto Com Stockholders": NaN,
        "Net Income Common Stockholders": NaN,
        "Net Income": NaN,
        "Net Income Including Noncontrolling Interests": NaN,
        "Net Income Continuous Operations": NaN,
        "Tax Provision": NaN,
        "Pretax Income": NaN,
        "Other Income Expense": NaN,
        "Other Non Operating Income Expenses": NaN,
        "Special Income Charges": NaN,
        "Restructuring And Mergern Acquisition": NaN,
        "Net Non Operating Interest Income Expense": NaN,
        "Total Other Finance Cost": NaN,
        "Interest Expense Non Operating": 3864000.0,
        "Interest Income Non Operating": NaN,
        "Operating Income": NaN,
        "Operating Expense": NaN,
        "Selling General And Administration": NaN,
        "Selling And Marketing Expense": NaN,
        "General And Administrative Expense": NaN,
        "Other Gand A": NaN,
        "Salaries And Wages": NaN,
        "Gross Profit": NaN,
        "Cost Of Revenue": NaN,
        "Total Revenue": NaN,
        "Operating Revenue": NaN
    },
    "2022-09-30": {
        "Tax Effect Of Unusual Items": NaN,
        "Tax Rate For Calcs": NaN,
        "Normalized EBITDA": NaN,
        "Total Unusual Items": -22568000.0,
        "Total Unusual Items Excluding Goodwill": -22568000.0,
        "Net Income From Continuing Operation Net Minority Interest": NaN,
        "Reconciled Depreciation": NaN,
        "Reconciled Cost Of Revenue": NaN,
        "EBITDA": NaN,
        "EBIT": NaN,
        "Net Interest Income": NaN,
        "Interest Expense": 6083000.0,
        "Interest Income": NaN,
        "Normalized Income": NaN,
        "Net Income From Continuing And Discontinued Operation": NaN,
        "Total Expenses": NaN,
        "Total Operating Income As Reported": NaN,
        "Diluted Average Shares": NaN,
        "Basic Average Shares": NaN,
        "Diluted EPS": NaN,
        "Basic EPS": NaN,
        "Diluted NI Availto Com Stockholders": NaN,
        "Net Income Common Stockholders": NaN,
        "Net Income": NaN,
        "Net Income Including Noncontrolling Interests": NaN,
        "Net Income Continuous Operations": NaN,
        "Tax Provision": NaN,
        "Pretax Income": NaN,
        "Other Income Expense": NaN,
        "Other Non Operating Income Expenses": NaN,
        "Special Income Charges": -22568000.0,
        "Restructuring And Mergern Acquisition": 22568000.0,
        "Net Non Operating Interest Income Expense": NaN,
        "Total Other Finance Cost": NaN,
        "Interest Expense Non Operating": 6083000.0,
        "Interest Income Non Operating": NaN,
        "Operating Income": NaN,
        "Operating Expense": NaN,
        "Selling General And Administration": NaN,
        "Selling And Marketing Expense": NaN,
        "General And Administrative Expense": 431177000.0,
        "Other Gand A": 431177000.0,
        "Salaries And Wages": 0.0,
        "Gross Profit": NaN,
        "Cost Of Revenue": NaN,
        "Total Revenue": NaN,
        "Operating Revenue": NaN
    },
    "2022-06-30": {
        "Tax Effect Of Unusual Items": -1033397.0,
        "Tax Rate For Calcs": 0.257,
        "Normalized EBITDA": 187698000.0,
        "Total Unusual Items": -4021000.0,
        "Total Unusual Items Excluding Goodwill": -4021000.0,
        "Net Income From Continuing Operation Net Minority Interest": 99562000.0,
        "Reconciled Depreciation": 42583000.0,
        "Reconciled Cost Of Revenue": 1044556000.0,
        "EBITDA": 183677000.0,
        "EBIT": 141094000.0,
        "Net Interest Income": -7146000.0,
        "Interest Expense": 7146000.0,
        "Normalized Income": 102549603.0,
        "Net Income From Continuing And Discontinued Operation": 99562000.0,
        "Total Expenses": 1447922000.0,
        "Total Operating Income As Reported": 147293000.0,
        "Diluted Average Shares": 9399000.0,
        "Basic Average Shares": 9374000.0,
        "Diluted EPS": 10.59,
        "Basic EPS": 10.62,
        "Diluted NI Availto Com Stockholders": 99562000.0,
        "Net Income Common Stockholders": 99562000.0,
        "Net Income": 99562000.0,
        "Net Income Including Noncontrolling Interests": 99562000.0,
        "Net Income Continuous Operations": 99562000.0,
        "Tax Provision": 34386000.0,
        "Pretax Income": 133948000.0,
        "Other Income Expense": -6199000.0,
        "Other Non Operating Income Expenses": -2178000.0,
        "Special Income Charges": -4021000.0,
        "Restructuring And Mergern Acquisition": 4021000.0,
        "Net Non Operating Interest Income Expense": -7146000.0,
        "Interest Expense Non Operating": 7146000.0,
        "Operating Income": 147293000.0,
        "Operating Expense": 403366000.0,
        "Selling General And Administration": 403366000.0,
        "Selling And Marketing Expense": NaN,
        "General And Administrative Expense": NaN,
        "Salaries And Wages": NaN,
        "Gross Profit": 550659000.0,
        "Cost Of Revenue": 1044556000.0,
        "Total Revenue": 1595215000.0,
        "Operating Revenue": 1595215000.0
    },
    "2023-06-30": {
        "Tax Effect Of Unusual Items": NaN,
        "Tax Rate For Calcs": NaN,
        "Normalized EBITDA": NaN,
        "Total Unusual Items": NaN,
        "Total Unusual Items Excluding Goodwill": NaN,
        "Net Income From Continuing Operation Net Minority Interest": NaN,
        "Reconciled Depreciation": NaN,
        "Reconciled Cost Of Revenue": NaN,
        "EBITDA": NaN,
        "EBIT": NaN,
        "Net Interest Income": NaN,
        "Interest Expense": 1353000.0,
        "Interest Income": NaN,
        "Normalized Income": NaN,
        "Net Income From Continuing And Discontinued Operation": NaN,
        "Total Expenses": NaN,
        "Total Operating Income As Reported": NaN,
        "Diluted Average Shares": NaN,
        "Basic Average Shares": NaN,
        "Diluted EPS": NaN,
        "Basic EPS": NaN,
        "Diluted NI Availto Com Stockholders": NaN,
        "Net Income Common Stockholders": NaN,
        "Net Income": NaN,
        "Net Income Including Noncontrolling Interests": NaN,
        "Net Income Continuous Operations": NaN,
        "Tax Provision": NaN,
        "Pretax Income": NaN,
        "Other Income Expense": NaN,
        "Other Non Operating Income Expenses": NaN,
        "Special Income Charges": NaN,
        "Restructuring And Mergern Acquisition": NaN,
        "Net Non Operating Interest Income Expense": NaN,
        "Total Other Finance Cost": 1353000.0,
        "Interest Expense Non Operating": 1353000.0,
        "Interest Income Non Operating": NaN,
        "Operating Income": NaN,
        "Operating Expense": NaN,
        "Selling General And Administration": NaN,
        "Selling And Marketing Expense": 437907000.0,
        "General And Administrative Expense": NaN,
        "Other Gand A": NaN,
        "Salaries And Wages": NaN,
        "Gross Profit": NaN,
        "Cost Of Revenue": NaN,
        "Total Revenue": NaN,
        "Operating Revenue": NaN
    },
    "2022-03-31": {
        "Diluted EPS": 9.94,
        "Total Revenue": NaN,
        "Gross Profit": 508,
        "Operating Income": 131,
        "EBIT": 175,
        "Net Income": 93
    },
    "2021-12-31": {
        "Diluted EPS": 0.64,
        "Total Revenue": NaN,
        "Gross Profit": 493,
        "Operating Income": 87,
        "EBIT": 133,
        "Net Income": 19
    },
    "2021-09-30": {
        "Diluted EPS": 5.93,
        "Total Revenue": NaN,
        "Gross Profit": 518,
        "Operating Income": 137,
        "EBIT": 185,
        "Net Income": 69
    },
    "2021-06-30": {
        "Diluted EPS": 5.12,
        "Total Revenue": NaN,
        "Gross Profit": 495,
        "Operating Income": 121,
        "EBIT": 165,
        "Net Income": 48
    },
    "2021-03-31": {
        "Diluted EPS": 4.57,
        "Total Revenue": NaN,
        "Gross Profit": 449,
        "Operating Income": 94,
        "EBIT": 138,
        "Net Income": 53
    },
    "2020-12-31": {
        "Diluted EPS": 5.68,
        "Total Revenue": NaN,
        "Gross Profit": 462,
        "Operating Income": 94,
        "EBIT": 138,
        "Net Income": 66
    },
    "2020-09-30": {
        "Diluted EPS": 4.43,
        "Total Revenue": NaN,
        "Gross Profit": 472,
        "Operating Income": 104,
        "EBIT": 152,
        "Net Income": 52
    },
    "2020-06-30": {
        "Diluted EPS": 3.37,
        "Total Revenue": NaN,
        "Gross Profit": 429,
        "Operating Income": 83,
        "EBIT": 126,
        "Net Income": 40
    },
    "2020-03-31": {
        "Diluted EPS": 1.25,
        "Total Revenue": NaN,
        "Gross Profit": 405,
        "Operating Income": 33,
        "EBIT": 77,
        "Net Income": 15
    },
    "2019-12-31": {
        "Diluted EPS": -0.72,
        "Total Revenue": NaN,
        "Gross Profit": 413,
        "Operating Income": 40,
        "EBIT": 83,
        "Net Income": -10
    },
    "2019-09-30": {
        "Diluted EPS": 1.11,
        "Total Revenue": NaN,
        "Gross Profit": 432,
        "Operating Income": 54,
        "EBIT": 100,
        "Net Income": 13
    },
    "2019-06-30": {
        "Diluted EPS": 1.31,
        "Total Revenue": NaN,
        "Gross Profit": 436,
        "Operating Income": 67,
        "EBIT": 113,
        "Net Income": 15
    },
    "2019-03-31": {
        "Diluted EPS": -0.73,
        "Total Revenue": NaN,
        "Gross Profit": 389,
        "Operating Income": 20,
        "EBIT": 66,
        "Net Income": -7
    },
    "2018-12-31": {
        "Diluted EPS": -1.94,
        "Total Revenue": NaN,
        "Gross Profit": 381,
        "Operating Income": 13,
        "EBIT": 60,
        "Net Income": -27
    },
    "2018-09-30": {
        "Diluted EPS": 2.16,
        "Total Revenue": NaN,
        "Gross Profit": 413,
        "Operating Income": 44,
        "EBIT": 91,
        "Net Income": 25
    },
    "2018-06-30": {
        "Diluted EPS": -0.42,
        "Total Revenue": NaN,
        "Gross Profit": 405,
        "Operating Income": 20,
        "EBIT": 67,
        "Net Income": -4
    },
    "2018-03-31": {
        "Diluted EPS": -1.52,
        "Total Revenue": NaN,
        "Gross Profit": 358,
        "Operating Income": -19,
        "EBIT": 28,
        "Net Income": -14
    },
    "2017-12-31": {
        "Diluted EPS": 8.8,
        "Total Revenue": NaN,
        "Gross Profit": 347,
        "Operating Income": 0,
        "EBIT": 49,
        "Net Income": 78
    },
    "2017-09-30": {
        "Diluted EPS": 1.49,
        "Total Revenue": NaN,
        "Gross Profit": 410,
        "Operating Income": 37,
        "EBIT": 81,
        "Net Income": 17
    },
    "2017-06-30": {
        "Diluted EPS": 0.55,
        "Total Revenue": NaN,
        "Gross Profit": 415,
        "Operating Income": 49,
        "EBIT": 91,
        "Net Income": 6
    },
    "2017-03-31": {
        "Diluted EPS": -0.54,
        "Total Revenue": 866,
        "Gross Profit": 332,
        "Operating Income": 15,
        "EBIT": 50,
        "Net Income": -5
    },
    "2016-12-31": {
        "Diluted EPS": 2.07,
        "Total Revenue": 815,
        "Gross Profit": 299,
        "Operating Income": 24,
        "EBIT": 58,
        "Net Income": 21
    },
    "2016-09-30": {
        "Diluted EPS": 2.0,
        "Total Revenue": 849,
        "Gross Profit": 327,
        "Operating Income": 40,
        "EBIT": 71,
        "Net Income": 23
    },
    "2016-06-30": {
        "Diluted EPS": 1.35,
        "Total Revenue": 840,
        "Gross Profit": 320,
        "Operating Income": 55,
        "EBIT": 83,
        "Net Income": 16
    },
    "2016-03-31": {
        "Diluted EPS": -1.08,
        "Total Revenue": 625,
        "Gross Profit": 244,
        "Operating Income": 12,
        "EBIT": 37,
        "Net Income": -10
    },
    "2015-12-31": {
        "Diluted EPS": 0.38,
        "Total Revenue": 620,
        "Gross Profit": 241,
        "Operating Income": 15,
        "EBIT": 38,
        "Net Income": 4
    },
    "2015-09-30": {
        "Diluted EPS": 2.22,
        "Total Revenue": 619,
        "Gross Profit": 239,
        "Operating Income": 28,
        "EBIT": 49,
        "Net Income": 26
    },
    "2015-06-30": {
        "Diluted EPS": 2.34,
        "Total Revenue": 615,
        "Gross Profit": 237,
        "Operating Income": 38,
        "EBIT": 59,
        "Net Income": 27
    },
    "2015-03-31": {
        "Diluted EPS": 0.19,
        "Total Revenue": 453,
        "Gross Profit": 184,
        "Operating Income": 17,
        "EBIT": 35,
        "Net Income": 2
    },
    "2014-12-31": {
        "Diluted EPS": -0.31,
        "Total Revenue": 441,
        "Gross Profit": 178,
        "Operating Income": 14,
        "EBIT": 31,
        "Net Income": 3
    },
    "2014-09-30": {
        "Diluted EPS": 1.3,
        "Total Revenue": 458,
        "Gross Profit": 185,
        "Operating Income": 28,
        "EBIT": 44,
        "Net Income": 12
    },
    "2014-06-30": {
        "Diluted EPS": 1.48,
        "Total Revenue": 459,
        "Gross Profit": 186,
        "Operating Income": 31,
        "EBIT": 46,
        "Net Income": 14
    },
    "2014-03-31": {
        "Diluted EPS": 0.26,
        "Total Revenue": 389,
        "Gross Profit": 156,
        "Operating Income": 12,
        "EBIT": 27,
        "Net Income": 2
    },
    "2013-12-31": {
        "Diluted EPS": -1.05,
        "Total Revenue": 394,
        "Gross Profit": 159,
        "Operating Income": 1,
        "EBIT": 16,
        "Net Income": -5
    },
    "2013-09-30": {
        "Diluted EPS": 1.74,
        "Total Revenue": 434,
        "Gross Profit": 176,
        "Operating Income": 30,
        "EBIT": 45,
        "Net Income": 16
    },
    "2013-06-30": {
        "Diluted EPS": 1.21,
        "Total Revenue": 429,
        "Gross Profit": 170,
        "Operating Income": 27,
        "EBIT": 42,
        "Net Income": 11
    },
    "2013-03-31": {
        "Diluted EPS": 0.52,
        "Total Revenue": 384,
        "Gross Profit": 154,
        "Operating Income": 15,
        "EBIT": 30,
        "Net Income": 5
    },
    "2012-12-31": {
        "Diluted EPS": -0.14,
        "Total Revenue": 387,
        "Gross Profit": 154,
        "Operating Income": 14,
        "EBIT": 30,
        "Net Income": 2
    },
    "2012-09-30": {
        "Diluted EPS": 0.88,
        "Total Revenue": 420,
        "Gross Profit": 171,
        "Operating Income": 27,
        "EBIT": 43,
        "Net Income": 10
    },
    "2012-06-30": {
        "Diluted EPS": 1.16,
        "Total Revenue": 431,
        "Gross Profit": 173,
        "Operating Income": 29,
        "EBIT": 44,
        "Net Income": 11
    },
    "2012-03-31": {
        "Diluted EPS": 0.49,
        "Total Revenue": 377,
        "Gross Profit": 156,
        "Operating Income": 19,
        "EBIT": 35,
        "Net Income": 5
    },
    "2011-12-31": {
        "Diluted EPS": -0.04,
        "Total Revenue": 373,
        "Gross Profit": 152,
        "Operating Income": 15,
        "EBIT": 31,
        "Net Income": 2
    },
    "2011-09-30": {
        "Diluted EPS": 1.06,
        "Total Revenue": 406,
        "Gross Profit": 163,
        "Operating Income": 25,
        "EBIT": 41,
        "Net Income": 10
    },
    "2011-06-30": {
        "Diluted EPS": 0.98,
        "Total Revenue": 423,
        "Gross Profit": 166,
        "Operating Income": 28,
        "EBIT": 44,
        "Net Income": 11
    },
    "2011-03-31": {
        "Diluted EPS": 0.52,
        "Total Revenue": 360,
        "Gross Profit": 149,
        "Operating Income": 19,
        "EBIT": 34,
        "Net Income": 6
    },
    "2010-12-31": {
        "Diluted EPS": 0.09,
        "Total Revenue": 354,
        "Gross Profit": 153,
        "Operating Income": 15,
        "EBIT": 30,
        "Net Income": 4
    },
    "2010-09-30": {
        "Diluted EPS": 1.37,
        "Total Revenue": 395,
        "Gross Profit": 173,
        "Operating Income": 34,
        "EBIT": 49,
        "Net Income": 16
    },
    "2010-06-30": {
        "Diluted EPS": 1.31,
        "Total Revenue": 417,
        "Gross Profit": 168,
        "Operating Income": 30,
        "EBIT": 45,
        "Net Income": 12
    },
    "2010-03-31": {
        "Diluted EPS": 0.41,
        "Total Revenue": 347,
        "Gross Profit": 147,
        "Operating Income": 18,
        "EBIT": 33,
        "Net Income": 5
    },
    "2009-12-31": {
        "Diluted EPS": 0.17,
        "Total Revenue": 354,
        "Gross Profit": 155,
        "Operating Income": 16,
        "EBIT": 32,
        "Net Income": 2
    },
    "2009-09-30": {
        "Diluted EPS": 1.37,
        "Total Revenue": 375,
        "Gross Profit": 157,
        "Operating Income": 26,
        "EBIT": 42,
        "Net Income": 15
    },
    "2009-06-30": {
        "Diluted EPS": 1.08,
        "Total Revenue": 378,
        "Gross Profit": 160,
        "Operating Income": 31,
        "EBIT": 46,
        "Net Income": 12
    },
    "2009-03-31": {
        "Diluted EPS": 0.74,
        "Total Revenue": 336,
        "Gross Profit": 147,
        "Operating Income": 21,
        "EBIT": 36,
        "Net Income": 9
    },
    "2023-09-30": {
        "Tax Effect Of Unusual Items": NaN,
        "Tax Rate For Calcs": NaN,
        "Normalized EBITDA": NaN,
        "Total Unusual Items": NaN,
        "Total Unusual Items Excluding Goodwill": NaN,
        "Net Income From Continuing Operation Net Minority Interest": NaN,
        "Reconciled Depreciation": NaN,
        "Reconciled Cost Of Revenue": NaN,
        "EBITDA": NaN,
        "EBIT": NaN,
        "Net Interest Income": NaN,
        "Interest Expense": NaN,
        "Interest Income": 1516000.0,
        "Normalized Income": NaN,
        "Net Income From Continuing And Discontinued Operation": NaN,
        "Total Expenses": NaN,
        "Total Operating Income As Reported": NaN,
        "Diluted Average Shares": NaN,
        "Basic Average Shares": NaN,
        "Diluted EPS": NaN,
        "Basic EPS": NaN,
        "Diluted NI Availto Com Stockholders": NaN,
        "Net Income Common Stockholders": NaN,
        "Net Income": NaN,
        "Net Income Including Noncontrolling Interests": NaN,
        "Net Income Continuous Operations": NaN,
        "Tax Provision": NaN,
        "Pretax Income": NaN,
        "Other Income Expense": NaN,
        "Other Non Operating Income Expenses": NaN,
        "Special Income Charges": NaN,
        "Restructuring And Mergern Acquisition": NaN,
        "Net Non Operating Interest Income Expense": NaN,
        "Total Other Finance Cost": -1516000.0,
        "Interest Expense Non Operating": NaN,
        "Interest Income Non Operating": 1516000.0,
        "Operating Income": NaN,
        "Operating Expense": NaN,
        "Selling General And Administration": NaN,
        "General And Administrative Expense": 522609000.0,
        "Other Gand A": 445290000.0,
        "Salaries And Wages": 77319000.0,
        "Gross Profit": NaN,
        "Cost Of Revenue": NaN,
        "Total Revenue": NaN,
        "Operating Revenue": NaN
    },
    "2023-12-31": {
        "Tax Effect Of Unusual Items": NaN,
        "Tax Rate For Calcs": NaN,
        "Normalized EBITDA": NaN,
        "Total Unusual Items": NaN,
        "Total Unusual Items Excluding Goodwill": NaN,
        "Net Income From Continuing Operation Net Minority Interest": NaN,
        "Reconciled Depreciation": NaN,
        "Reconciled Cost Of Revenue": NaN,
        "EBITDA": NaN,
        "EBIT": NaN,
        "Net Interest Income": NaN,
        "Interest Expense": NaN,
        "Interest Income": NaN,
        "Normalized Income": NaN,
        "Net Income From Continuing And Discontinued Operation": NaN,
        "Total Expenses": NaN,
        "Total Operating Income As Reported": NaN,
        "Diluted Average Shares": NaN,
        "Basic Average Shares": NaN,
        "Diluted EPS": NaN,
        "Basic EPS": NaN,
        "Diluted NI Availto Com Stockholders": NaN,
        "Net Income Common Stockholders": NaN,
        "Net Income": NaN,
        "Net Income Including Noncontrolling Interests": NaN,
        "Net Income Continuous Operations": NaN,
        "Tax Provision": NaN,
        "Pretax Income": NaN,
        "Other Income Expense": NaN,
        "Other Non Operating Income Expenses": NaN,
        "Special Income Charges": NaN,
        "Restructuring And Mergern Acquisition": NaN,
        "Net Non Operating Interest Income Expense": NaN,
        "Total Other Finance Cost": NaN,
        "Interest Expense Non Operating": NaN,
        "Interest Income Non Operating": NaN,
        "Operating Income": NaN,
        "Operating Expense": NaN,
        "Selling General And Administration": NaN,
        "General And Administrative Expense": 458711000.0,
        "Other Gand A": 463011000.0,
        "Salaries And Wages": -4300000.0,
        "Gross Profit": NaN,
        "Cost Of Revenue": NaN,
        "Total Revenue": NaN,
        "Operating Revenue": NaN
    },
    "2024-03-31": {
        "Tax Effect Of Unusual Items": NaN,
        "Tax Rate For Calcs": NaN,
        "Normalized EBITDA": NaN,
        "Total Unusual Items": NaN,
        "Total Unusual Items Excluding Goodwill": NaN,
        "Net Income From Continuing Operation Net Minority Interest": NaN,
        "Reconciled Depreciation": NaN,
        "Reconciled Cost Of Revenue": NaN,
        "EBITDA": NaN,
        "EBIT": NaN,
        "Net Interest Income": NaN,
        "Interest Expense": NaN,
        "Interest Income": 2716000.0,
        "Normalized Income": NaN,
        "Net Income From Continuing And Discontinued Operation": NaN,
        "Total Expenses": NaN,
        "Total Operating Income As Reported": NaN,
        "Diluted Average Shares": NaN,
        "Basic Average Shares": NaN,
        "Diluted EPS": NaN,
        "Basic EPS": NaN,
        "Diluted NI Availto Com Stockholders": NaN,
        "Net Income Common Stockholders": NaN,
        "Net Income": NaN,
        "Net Income Including Noncontrolling Interests": NaN,
        "Net Income Continuous Operations": NaN,
        "Tax Provision": NaN,
        "Pretax Income": NaN,
        "Other Income Expense": NaN,
        "Other Non Operating Income Expenses": NaN,
        "Special Income Charges": NaN,
        "Restructuring And Mergern Acquisition": NaN,
        "Net Non Operating Interest Income Expense": NaN,
        "Total Other Finance Cost": -2716000.0,
        "Interest Expense Non Operating": NaN,
        "Interest Income Non Operating": 2716000.0,
        "Operating Income": NaN,
        "Operating Expense": NaN,
        "Selling General And Administration": NaN,
        "General And Administrative Expense": NaN,
        "Other Gand A": NaN,
        "Salaries And Wages": NaN,
        "Gross Profit": NaN,
        "Cost Of Revenue": NaN,
        "Total Revenue": NaN,
        "Operating Revenue": NaN
    },
    "2024-06-30": {
        "Tax Effect Of Unusual Items": NaN,
        "Tax Rate For Calcs": NaN,
        "Normalized EBITDA": NaN,
        "Total Unusual Items": NaN,
        "Total Unusual Items Excluding Goodwill": NaN,
        "Net Income From Continuing Operation Net Minority Interest": NaN,
        "Reconciled Depreciation": NaN,
        "Reconciled Cost Of Revenue": NaN,
        "EBITDA": NaN,
        "EBIT": NaN,
        "Net Interest Income": NaN,
        "Interest Expense": NaN,
        "Normalized Income": NaN,
        "Net Income From Continuing And Discontinued Operation": NaN,
        "Total Expenses": NaN,
        "Total Operating Income As Reported": NaN,
        "Diluted Average Shares": NaN,
        "Basic Average Shares": NaN,
        "Diluted EPS": NaN,
        "Basic EPS": NaN,
        "Diluted NI Availto Com Stockholders": NaN,
        "Net Income Common Stockholders": NaN,
        "Net Income": NaN,
        "Net Income Including Noncontrolling Interests": NaN,
        "Net Income Continuous Operations": NaN,
        "Tax Provision": NaN,
        "Pretax Income": NaN,
        "Other Income Expense": NaN,
        "Other Non Operating Income Expenses": NaN,
        "Special Income Charges": NaN,
        "Restructuring And Mergern Acquisition": NaN,
        "Net Non Operating Interest Income Expense": NaN,
        "Total Other Finance Cost": -1620000.0,
        "Interest Expense Non Operating": NaN,
        "Operating Income": NaN,
        "Operating Expense": NaN,
        "Selling General And Administration": NaN,
        "General And Administrative Expense": 457570000.0,
        "Other Gand A": 457570000.0,
        "Salaries And Wages": 0.0,
        "Gross Profit": NaN,
        "Cost Of Revenue": NaN,
        "Total Revenue": NaN,
        "Operating Revenue": NaN
    },
    "2024-09-30": {
        "Tax Effect Of Unusual Items": -17628144.0,
        "Tax Rate For Calcs": 0.257,
        "Normalized EBITDA": 344417000.0,
        "Total Unusual Items": -68592000.0,
        "Total Unusual Items Excluding Goodwill": -68592000.0,
        "Net Income From Continuing Operation Net Minority Interest": 115624000.0,
        "Reconciled Depreciation": 48770000.0,
        "Reconciled Cost Of Revenue": 1067616000.0,
        "EBITDA": 275825000.0,
        "EBIT": 227055000.0,
        "Net Interest Income": -2187000.0,
        "Interest Expense": NaN,
        "Normalized Income": 166587856.0,
        "Net Income From Continuing And Discontinued Operation": 115624000.0,
        "Total Expenses": 1538597000.0,
        "Total Operating Income As Reported": 227055000.0,
        "Diluted Average Shares": 87719000.0,
        "Basic Average Shares": 87607000.0,
        "Diluted EPS": 1.32,
        "Basic EPS": 1.32,
        "Diluted NI Availto Com Stockholders": 115624000.0,
        "Net Income Common Stockholders": 115624000.0,
        "Net Income": 115624000.0,
        "Net Income Including Noncontrolling Interests": 115624000.0,
        "Net Income Continuous Operations": 115624000.0,
        "Tax Provision": 39939000.0,
        "Pretax Income": 155563000.0,
        "Other Income Expense": -69305000.0,
        "Other Non Operating Income Expenses": -713000.0,
        "Special Income Charges": -68592000.0,
        "Restructuring And Mergern Acquisition": 68592000.0,
        "Net Non Operating Interest Income Expense": -2187000.0,
        "Total Other Finance Cost": 2187000.0,
        "Interest Expense Non Operating": NaN,
        "Operating Income": 227055000.0,
        "Operating Expense": 470981000.0,
        "Selling General And Administration": 470981000.0,
        "General And Administrative Expense": 470981000.0,
        "Other Gand A": 470981000.0,
        "Salaries And Wages": 0.0,
        "Gross Profit": 698036000.0,
        "Cost Of Revenue": 1067616000.0,
        "Total Revenue": 1765652000.0,
        "Operating Revenue": 1765652000.0
    },
    "2024-12-31": {
        "Tax Effect Of Unusual Items": 8646345.43208,
        "Tax Rate For Calcs": 0.272661,
        "Normalized EBITDA": 175802000.0,
        "Total Unusual Items": 31711000.0,
        "Total Unusual Items Excluding Goodwill": 31711000.0,
        "Net Income From Continuing Operation Net Minority Interest": 178948000.0,
        "Reconciled Depreciation": 50612000.0,
        "Reconciled Cost Of Revenue": 1048621000.0,
        "EBITDA": 207513000.0,
        "EBIT": 156901000.0,
        "Net Interest Income": -3997000.0,
        "Interest Expense": NaN,
        "Normalized Income": 155883345.43208,
        "Net Income From Continuing And Discontinued Operation": 178948000.0,
        "Total Expenses": 1527746000.0,
        "Total Operating Income As Reported": 218749000.0,
        "Diluted Average Shares": 87450000.0,
        "Basic Average Shares": 87380000.0,
        "Diluted EPS": 2.046,
        "Basic EPS": 2.048,
        "Diluted NI Availto Com Stockholders": 178948000.0,
        "Net Income Common Stockholders": 178948000.0,
        "Net Income": 178948000.0,
        "Net Income Including Noncontrolling Interests": 178948000.0,
        "Net Income Continuous Operations": 178948000.0,
        "Tax Provision": 67083000.0,
        "Pretax Income": 246031000.0,
        "Other Income Expense": 31279000.0,
        "Other Non Operating Income Expenses": -432000.0,
        "Special Income Charges": 31711000.0,
        "Restructuring And Mergern Acquisition": -31711000.0,
        "Net Non Operating Interest Income Expense": -3997000.0,
        "Total Other Finance Cost": NaN,
        "Interest Expense Non Operating": NaN,
        "Operating Income": 218749000.0,
        "Operating Expense": 479125000.0,
        "Selling General And Administration": 479125000.0,
        "General And Administrative Expense": 479125000.0,
        "Other Gand A": 479125000.0,
        "Salaries And Wages": 0.0,
        "Gross Profit": 697874000.0,
        "Cost Of Revenue": 1048621000.0,
        "Total Revenue": 1746495000.0,
        "Operating Revenue": 1746495000.0
    },
    "2025-03-31": {
        "Tax Effect Of Unusual Items": -10981096.0,
        "Tax Rate For Calcs": 0.257,
        "Normalized EBITDA": 242448000.0,
        "Total Unusual Items": -42728000.0,
        "Total Unusual Items Excluding Goodwill": -42728000.0,
        "Net Income From Continuing Operation Net Minority Interest": 103611000.0,
        "Reconciled Depreciation": 53373000.0,
        "Reconciled Cost Of Revenue": 952873000.0,
        "EBITDA": 199720000.0,
        "EBIT": 146347000.0,
        "Net Interest Income": -6874000.0,
        "Interest Expense": 6874000.0,
        "Normalized Income": 135357904.0,
        "Net Income From Continuing And Discontinued Operation": 103611000.0,
        "Total Expenses": 1390157000.0,
        "Total Operating Income As Reported": 189820000.0,
        "Diluted Average Shares": 87260000.0,
        "Basic Average Shares": 87180000.0,
        "Diluted EPS": 1.187,
        "Basic EPS": 1.188,
        "Diluted NI Availto Com Stockholders": 103611000.0,
        "Net Income Common Stockholders": 103611000.0,
        "Net Income": 103611000.0,
        "Net Income Including Noncontrolling Interests": 103611000.0,
        "Net Income Continuous Operations": 103611000.0,
        "Tax Provision": 35862000.0,
        "Pretax Income": 139473000.0,
        "Other Income Expense": -43473000.0,
        "Other Non Operating Income Expenses": -745000.0,
        "Special Income Charges": -42728000.0,
        "Restructuring And Mergern Acquisition": 42728000.0,
        "Net Non Operating Interest Income Expense": -6874000.0,
        "Total Other Finance Cost": NaN,
        "Interest Expense Non Operating": 6874000.0,
        "Operating Income": 189820000.0,
        "Operating Expense": 437284000.0,
        "Selling General And Administration": 437284000.0,
        "General And Administrative Expense": NaN,
        "Other Gand A": NaN,
        "Salaries And Wages": NaN,
        "Gross Profit": 627104000.0,
        "Cost Of Revenue": 952873000.0,
        "Total Revenue": 1579977000.0,
        "Operating Revenue": 1579977000.0
    },
    "2025-06-30": {
        "Tax Effect Of Unusual Items": -3209010.0,
        "Tax Rate For Calcs": 0.259,
        "Normalized EBITDA": 339239000.0,
        "Total Unusual Items": -12390000.0,
        "Total Unusual Items Excluding Goodwill": -12390000.0,
        "Net Income From Continuing Operation Net Minority Interest": 187387000.0,
        "Reconciled Depreciation": 54765000.0,
        "Reconciled Cost Of Revenue": 1113023000.0,
        "EBITDA": 326849000.0,
        "EBIT": 272084000.0,
        "Net Interest Income": -5948000.0,
        "Interest Expense": NaN,
        "Normalized Income": 196567990.0,
        "Net Income From Continuing And Discontinued Operation": 187387000.0,
        "Total Expenses": 1583435000.0,
        "Total Operating Income As Reported": 272084000.0,
        "Diluted Average Shares": 87157000.0,
        "Basic Average Shares": 87016000.0,
        "Diluted EPS": 2.15,
        "Basic EPS": 2.15,
        "Diluted NI Availto Com Stockholders": 187387000.0,
        "Net Income Common Stockholders": 187387000.0,
        "Net Income": 187387000.0,
        "Net Income Including Noncontrolling Interests": 187387000.0,
        "Net Income Continuous Operations": 187387000.0,
        "Tax Provision": 65605000.0,
        "Pretax Income": 252992000.0,
        "Other Income Expense": -13144000.0,
        "Other Non Operating Income Expenses": -754000.0,
        "Special Income Charges": -12390000.0,
        "Restructuring And Mergern Acquisition": 12390000.0,
        "Net Non Operating Interest Income Expense": -5948000.0,
        "Total Other Finance Cost": 5948000.0,
        "Interest Expense Non Operating": NaN,
        "Operating Income": 272084000.0,
        "Operating Expense": 470412000.0,
        "Selling General And Administration": 470412000.0,
        "General And Administrative Expense": NaN,
        "Other Gand A": NaN,
        "Salaries And Wages": NaN,
        "Gross Profit": 742496000.0,
        "Cost Of Revenue": 1113023000.0,
        "Total Revenue": 1855519000.0,
        "Operating Revenue": 1855519000.0
    },
    "2025-09-30": {
        "Tax Effect Of Unusual Items": -12831000.0,
        "Tax Rate For Calcs": 0.26,
        "Normalized EBITDA": 351070000.0,
        "Total Unusual Items": -49350000.0,
        "Total Unusual Items Excluding Goodwill": -49350000.0,
        "Net Income From Continuing Operation Net Minority Interest": 142334000.0,
        "Reconciled Depreciation": 55086000.0,
        "Reconciled Cost Of Revenue": 1139801000.0,
        "EBITDA": 301720000.0,
        "EBIT": 246634000.0,
        "Net Interest Income": -4687000.0,
        "Interest Expense": NaN,
        "Normalized Income": 178853000.0,
        "Net Income From Continuing And Discontinued Operation": 142334000.0,
        "Total Expenses": 1641683000.0,
        "Total Operating Income As Reported": 246634000.0,
        "Diluted Average Shares": 86728000.0,
        "Basic Average Shares": 86601000.0,
        "Diluted EPS": 1.64,
        "Basic EPS": 1.64,
        "Diluted NI Availto Com Stockholders": 142334000.0,
        "Net Income Common Stockholders": 142334000.0,
        "Net Income": 142334000.0,
        "Net Income Including Noncontrolling Interests": 142334000.0,
        "Net Income Continuous Operations": 142334000.0,
        "Tax Provision": 49896000.0,
        "Pretax Income": 192230000.0,
        "Other Income Expense": -49717000.0,
        "Other Non Operating Income Expenses": -367000.0,
        "Special Income Charges": -49350000.0,
        "Restructuring And Mergern Acquisition": 49350000.0,
        "Net Non Operating Interest Income Expense": -4687000.0,
        "Total Other Finance Cost": 4687000.0,
        "Interest Expense Non Operating": NaN,
        "Operating Income": 246634000.0,
        "Operating Expense": 501882000.0,
        "Selling General And Administration": 501882000.0,
        "General And Administrative Expense": NaN,
        "Other Gand A": NaN,
        "Salaries And Wages": NaN,
        "Gross Profit": 748516000.0,
        "Cost Of Revenue": 1139801000.0,
        "Total Revenue": 1888317000.0,
        "Operating Revenue": 1888317000.0
    }
}