{
    "2023-06-30": {
        "Tax Effect Of Unusual Items": -7708740.0,
        "Tax Rate For Calcs": 0.26,
        "Total Unusual Items": -29649000.0,
        "Total Unusual Items Excluding Goodwill": -29649000.0,
        "Net Income From Continuing Operation Net Minority Interest": 133377000.0,
        "Reconciled Depreciation": 44068000.0,
        "Net Interest Income": 481394000.0,
        "Interest Expense": 191754000.0,
        "Interest Income": 673148000.0,
        "Normalized Income": 155317260.0,
        "Net Income From Continuing And Discontinued Operation": 133377000.0,
        "Diluted Average Shares": 208545000.0,
        "Basic Average Shares": 207977000.0,
        "Diluted EPS": 0.64,
        "Basic EPS": 0.64,
        "Diluted NI Availto Com Stockholders": 133377000.0,
        "Net Income Common Stockholders": 133377000.0,
        "Net Income": 133377000.0,
        "Net Income Including Noncontrolling Interests": 133377000.0,
        "Net Income Continuous Operations": 133377000.0,
        "Tax Provision": 45703000.0,
        "Pretax Income": 179080000.0,
        "Special Income Charges": -29649000.0,
        "Restructuring And Mergern Acquisition": 29649000.0,
        "Gain On Sale Of Security": -697000.0,
        "Depreciation Amortization Depletion Income Statement": 35553000.0,
        "Depreciation And Amortization In Income Statement": 35553000.0,
        "Amortization": 35553000.0,
        "Amortization Of Intangibles Income Statement": 35553000.0,
        "Selling General And Administration": 176914000.0,
        "Selling And Marketing Expense": 1937000.0,
        "General And Administrative Expense": 174977000.0,
        "Other Gand A": NaN,
        "Insurance And Claims": 11579000.0,
        "Salaries And Wages": 163398000.0,
        "Total Revenue": 523653000.0,
        "Operating Revenue": 523653000.0,
        "Occupancy And Equipment": 50550000.0,
        "Other Non Interest Expense": 35893000.0
    },
    "2023-03-31": {
        "Tax Effect Of Unusual Items": NaN,
        "Tax Rate For Calcs": NaN,
        "Total Unusual Items": NaN,
        "Total Unusual Items Excluding Goodwill": NaN,
        "Net Income From Continuing Operation Net Minority Interest": NaN,
        "Reconciled Depreciation": NaN,
        "Net Interest Income": NaN,
        "Interest Expense": NaN,
        "Interest Income": NaN,
        "Normalized Income": NaN,
        "Net Income From Continuing And Discontinued Operation": NaN,
        "Diluted Average Shares": NaN,
        "Basic Average Shares": NaN,
        "Diluted EPS": NaN,
        "Basic EPS": NaN,
        "Diluted NI Availto Com Stockholders": NaN,
        "Net Income Common Stockholders": NaN,
        "Net Income": NaN,
        "Net Income Including Noncontrolling Interests": NaN,
        "Net Income Continuous Operations": NaN,
        "Tax Provision": NaN,
        "Pretax Income": NaN,
        "Special Income Charges": NaN,
        "Restructuring And Mergern Acquisition": NaN,
        "Gain On Sale Of Security": NaN,
        "Depreciation Amortization Depletion Income Statement": NaN,
        "Depreciation And Amortization In Income Statement": NaN,
        "Amortization": NaN,
        "Amortization Of Intangibles Income Statement": NaN,
        "Selling General And Administration": NaN,
        "Selling And Marketing Expense": NaN,
        "General And Administrative Expense": NaN,
        "Other Gand A": 3026000.0,
        "Insurance And Claims": NaN,
        "Salaries And Wages": NaN,
        "Total Revenue": NaN,
        "Operating Revenue": NaN,
        "Occupancy And Equipment": NaN,
        "Other Non Interest Expense": NaN
    },
    "2022-12-31": {
        "Tax Effect Of Unusual Items": -3049707.973103,
        "Tax Rate For Calcs": 0.26207,
        "Total Unusual Items": -11637000.0,
        "Total Unusual Items Excluding Goodwill": -11637000.0,
        "Net Income From Continuing Operation Net Minority Interest": 82964000.0,
        "Reconciled Depreciation": 6745000.0,
        "Net Interest Income": 305297000.0,
        "Interest Expense": 46768000.0,
        "Interest Income": 352065000.0,
        "Normalized Income": 91551292.026897,
        "Net Income From Continuing And Discontinued Operation": 82964000.0,
        "Diluted Average Shares": 217566000.0,
        "Basic Average Shares": 217054000.0,
        "Diluted EPS": 0.38,
        "Basic EPS": 0.38,
        "Diluted NI Availto Com Stockholders": 82964000.0,
        "Net Income Common Stockholders": 82964000.0,
        "Net Income": 82964000.0,
        "Net Income Including Noncontrolling Interests": 82964000.0,
        "Net Income Continuous Operations": 82964000.0,
        "Tax Provision": 29464000.0,
        "Pretax Income": 112428000.0,
        "Special Income Charges": -11637000.0,
        "Restructuring And Mergern Acquisition": 11637000.0,
        "Gain On Sale Of Security": 284000.0,
        "Depreciation Amortization Depletion Income Statement": 1019000.0,
        "Depreciation And Amortization In Income Statement": 1019000.0,
        "Amortization": 1019000.0,
        "Amortization Of Intangibles Income Statement": 1019000.0,
        "Selling General And Administration": 65482000.0,
        "Selling And Marketing Expense": 988000.0,
        "General And Administrative Expense": 64494000.0,
        "Other Gand A": NaN,
        "Insurance And Claims": 3487000.0,
        "Salaries And Wages": 107982000.0,
        "Total Revenue": 340358000.0,
        "Operating Revenue": 340358000.0
    },
    "2022-09-30": {
        "Tax Effect Of Unusual Items": NaN,
        "Tax Rate For Calcs": NaN,
        "Total Unusual Items": NaN,
        "Total Unusual Items Excluding Goodwill": NaN,
        "Net Income From Continuing Operation Net Minority Interest": NaN,
        "Reconciled Depreciation": NaN,
        "Net Interest Income": NaN,
        "Interest Expense": NaN,
        "Interest Income": NaN,
        "Normalized Income": NaN,
        "Net Income From Continuing And Discontinued Operation": NaN,
        "Diluted Average Shares": NaN,
        "Basic Average Shares": NaN,
        "Diluted EPS": NaN,
        "Basic EPS": NaN,
        "Diluted NI Availto Com Stockholders": NaN,
        "Net Income Common Stockholders": NaN,
        "Net Income": NaN,
        "Net Income Including Noncontrolling Interests": NaN,
        "Net Income Continuous Operations": NaN,
        "Tax Provision": NaN,
        "Pretax Income": NaN,
        "Special Income Charges": NaN,
        "Restructuring And Mergern Acquisition": NaN,
        "Gain On Sale Of Security": NaN,
        "Depreciation Amortization Depletion Income Statement": NaN,
        "Depreciation And Amortization In Income Statement": NaN,
        "Amortization": NaN,
        "Amortization Of Intangibles Income Statement": NaN,
        "Selling General And Administration": NaN,
        "Selling And Marketing Expense": NaN,
        "General And Administrative Expense": NaN,
        "Other Gand A": 15897000.0,
        "Insurance And Claims": NaN,
        "Salaries And Wages": NaN,
        "Total Revenue": NaN,
        "Operating Revenue": NaN
    },
    "2022-06-30": {
        "Tax Effect Of Unusual Items": -674690.229125,
        "Tax Rate For Calcs": 0.252504,
        "Total Unusual Items": -2672000.0,
        "Total Unusual Items Excluding Goodwill": -2672000.0,
        "Net Income From Continuing Operation Net Minority Interest": 78591000.0,
        "Reconciled Depreciation": 1026000.0,
        "Net Interest Income": 248086000.0,
        "Interest Expense": 8132000.0,
        "Interest Income": 256218000.0,
        "Normalized Income": 80588309.770875,
        "Net Income From Continuing And Discontinued Operation": 78591000.0,
        "Diluted Average Shares": 129673000.0,
        "Basic Average Shares": 129306000.0,
        "Diluted EPS": 0.61,
        "Basic EPS": 0.61,
        "Diluted NI Availto Com Stockholders": 78591000.0,
        "Net Income Common Stockholders": 78591000.0,
        "Net Income": 78591000.0,
        "Net Income Including Noncontrolling Interests": 78591000.0,
        "Net Income Continuous Operations": 78591000.0,
        "Tax Provision": 26548000.0,
        "Pretax Income": 105139000.0,
        "Special Income Charges": -2672000.0,
        "Restructuring And Mergern Acquisition": 2672000.0,
        "Gain On Sale Of Security": -2075000.0,
        "Depreciation Amortization Depletion Income Statement": 1026000.0,
        "Depreciation And Amortization In Income Statement": 1026000.0,
        "Amortization": 1026000.0,
        "Amortization Of Intangibles Income Statement": 1026000.0,
        "Selling General And Administration": 113896000.0,
        "Selling And Marketing Expense": 1649000.0,
        "General And Administrative Expense": 113896000.0,
        "Other Gand A": 16987000.0,
        "Insurance And Claims": 2954000.0,
        "Salaries And Wages": 110942000.0,
        "Total Revenue": 303405000.0,
        "Operating Revenue": 303405000.0
    },
    "2022-03-31": {
        "Diluted EPS": 0.7,
        "Total Revenue": 316,
        "Gross Profit": 309,
        "Operating Income": 121,
        "EBIT": NaN,
        "Net Income": 91
    },
    "2021-12-31": {
        "Diluted EPS": 0.54,
        "Total Revenue": 172,
        "Gross Profit": 170,
        "Operating Income": 56,
        "EBIT": NaN,
        "Net Income": 43
    },
    "2021-09-30": {
        "Diluted EPS": 0.74,
        "Total Revenue": 158,
        "Gross Profit": 156,
        "Operating Income": 66,
        "EBIT": NaN,
        "Net Income": 53
    },
    "2021-06-30": {
        "Diluted EPS": 0.77,
        "Total Revenue": 150,
        "Gross Profit": 148,
        "Operating Income": 70,
        "EBIT": NaN,
        "Net Income": 55
    },
    "2021-03-31": {
        "Diluted EPS": 0.73,
        "Total Revenue": 149,
        "Gross Profit": 147,
        "Operating Income": 64,
        "EBIT": NaN,
        "Net Income": 52
    },
    "2020-12-31": {
        "Diluted EPS": 0.82,
        "Total Revenue": 157,
        "Gross Profit": 155,
        "Operating Income": 75,
        "EBIT": NaN,
        "Net Income": 58
    },
    "2020-09-30": {
        "Diluted EPS": 0.63,
        "Total Revenue": 150,
        "Gross Profit": 147,
        "Operating Income": 55,
        "EBIT": NaN,
        "Net Income": 45
    },
    "2020-06-30": {
        "Diluted EPS": 0.52,
        "Total Revenue": 163,
        "Gross Profit": 159,
        "Operating Income": 45,
        "EBIT": NaN,
        "Net Income": 37
    },
    "2020-03-31": {
        "Diluted EPS": 0.2,
        "Total Revenue": 152,
        "Gross Profit": 144,
        "Operating Income": 18,
        "EBIT": NaN,
        "Net Income": 15
    },
    "2019-12-31": {
        "Diluted EPS": 0.64,
        "Total Revenue": 155,
        "Gross Profit": 147,
        "Operating Income": 58,
        "EBIT": NaN,
        "Net Income": 47
    },
    "2019-09-30": {
        "Diluted EPS": 0.7,
        "Total Revenue": 161,
        "Gross Profit": 150,
        "Operating Income": 63,
        "EBIT": NaN,
        "Net Income": 50
    },
    "2019-06-30": {
        "Diluted EPS": 0.71,
        "Total Revenue": 161,
        "Gross Profit": 151,
        "Operating Income": 64,
        "EBIT": NaN,
        "Net Income": 51
    },
    "2019-03-31": {
        "Diluted EPS": 0.63,
        "Total Revenue": 151,
        "Gross Profit": 143,
        "Operating Income": 57,
        "EBIT": NaN,
        "Net Income": 45
    },
    "2018-12-31": {
        "Diluted EPS": 0.61,
        "Total Revenue": 150,
        "Gross Profit": 144,
        "Operating Income": 55,
        "EBIT": NaN,
        "Net Income": 46
    },
    "2018-09-30": {
        "Diluted EPS": 0.63,
        "Total Revenue": 149,
        "Gross Profit": 144,
        "Operating Income": 58,
        "EBIT": NaN,
        "Net Income": 46
    },
    "2018-06-30": {
        "Diluted EPS": 0.57,
        "Total Revenue": 144,
        "Gross Profit": 140,
        "Operating Income": 52,
        "EBIT": NaN,
        "Net Income": 41
    },
    "2018-03-31": {
        "Diluted EPS": 0.55,
        "Total Revenue": 142,
        "Gross Profit": 139,
        "Operating Income": 47,
        "EBIT": NaN,
        "Net Income": 40
    },
    "2017-12-31": {
        "Diluted EPS": 0.19,
        "Total Revenue": 132,
        "Gross Profit": 130,
        "Operating Income": 41,
        "EBIT": NaN,
        "Net Income": 14
    },
    "2017-09-30": {
        "Diluted EPS": 0.7,
        "Total Revenue": 127,
        "Gross Profit": 126,
        "Operating Income": 59,
        "EBIT": NaN,
        "Net Income": 41
    },
    "2017-06-30": {
        "Diluted EPS": 0.47,
        "Total Revenue": 112,
        "Gross Profit": 110,
        "Operating Income": 38,
        "EBIT": NaN,
        "Net Income": 27
    },
    "2017-03-31": {
        "Diluted EPS": 0.5,
        "Total Revenue": 113,
        "Gross Profit": 112,
        "Operating Income": 40,
        "EBIT": NaN,
        "Net Income": 29
    },
    "2016-12-31": {
        "Diluted EPS": 0.53,
        "Total Revenue": 109,
        "Gross Profit": 108,
        "Operating Income": 43,
        "EBIT": NaN,
        "Net Income": 29
    },
    "2016-09-30": {
        "Diluted EPS": 0.47,
        "Total Revenue": 110,
        "Gross Profit": 109,
        "Operating Income": 40,
        "EBIT": NaN,
        "Net Income": 27
    },
    "2016-06-30": {
        "Diluted EPS": 0.44,
        "Total Revenue": 105,
        "Gross Profit": 104,
        "Operating Income": 37,
        "EBIT": NaN,
        "Net Income": 25
    },
    "2016-03-31": {
        "Diluted EPS": 0.37,
        "Total Revenue": 102,
        "Gross Profit": 101,
        "Operating Income": 30,
        "EBIT": NaN,
        "Net Income": 21
    },
    "2015-12-31": {
        "Diluted EPS": 0.46,
        "Total Revenue": 108,
        "Gross Profit": 107,
        "Operating Income": 37,
        "EBIT": NaN,
        "Net Income": 26
    },
    "2015-09-30": {
        "Diluted EPS": 0.45,
        "Total Revenue": 105,
        "Gross Profit": 104,
        "Operating Income": 37,
        "EBIT": NaN,
        "Net Income": 25
    },
    "2015-06-30": {
        "Diluted EPS": 0.38,
        "Total Revenue": 104,
        "Gross Profit": 102,
        "Operating Income": 32,
        "EBIT": NaN,
        "Net Income": 22
    },
    "2015-03-31": {
        "Diluted EPS": 0.42,
        "Total Revenue": 104,
        "Gross Profit": 103,
        "Operating Income": 35,
        "EBIT": NaN,
        "Net Income": 24
    },
    "2014-12-31": {
        "Diluted EPS": 0.34,
        "Total Revenue": 95,
        "Gross Profit": 94,
        "Operating Income": 28,
        "EBIT": NaN,
        "Net Income": 18
    },
    "2014-09-30": {
        "Diluted EPS": 0.41,
        "Total Revenue": 93,
        "Gross Profit": 92,
        "Operating Income": 31,
        "EBIT": NaN,
        "Net Income": 22
    },
    "2014-06-30": {
        "Diluted EPS": 0.4,
        "Total Revenue": 91,
        "Gross Profit": 90,
        "Operating Income": 30,
        "EBIT": NaN,
        "Net Income": 21
    },
    "2014-03-31": {
        "Diluted EPS": 0.37,
        "Total Revenue": 89,
        "Gross Profit": 88,
        "Operating Income": 29,
        "EBIT": NaN,
        "Net Income": 20
    },
    "2013-12-31": {
        "Diluted EPS": 0.37,
        "Total Revenue": 89,
        "Gross Profit": 88,
        "Operating Income": 28,
        "EBIT": NaN,
        "Net Income": 19
    },
    "2013-09-30": {
        "Diluted EPS": 0.25,
        "Total Revenue": 89,
        "Gross Profit": 88,
        "Operating Income": 20,
        "EBIT": NaN,
        "Net Income": 13
    },
    "2013-06-30": {
        "Diluted EPS": 0.28,
        "Total Revenue": 89,
        "Gross Profit": 87,
        "Operating Income": 22,
        "EBIT": NaN,
        "Net Income": 15
    },
    "2013-03-31": {
        "Diluted EPS": 0.31,
        "Total Revenue": 56,
        "Gross Profit": 55,
        "Operating Income": 17,
        "EBIT": NaN,
        "Net Income": 12
    },
    "2012-12-31": {
        "Diluted EPS": 0.34,
        "Total Revenue": 64,
        "Gross Profit": 61,
        "Operating Income": 17,
        "EBIT": NaN,
        "Net Income": 13
    },
    "2012-09-30": {
        "Diluted EPS": 0.3,
        "Total Revenue": 59,
        "Gross Profit": 56,
        "Operating Income": 17,
        "EBIT": NaN,
        "Net Income": 12
    },
    "2012-06-30": {
        "Diluted EPS": 0.3,
        "Total Revenue": 74,
        "Gross Profit": 72,
        "Operating Income": 16,
        "EBIT": NaN,
        "Net Income": 12
    },
    "2012-03-31": {
        "Diluted EPS": 0.22,
        "Total Revenue": 79,
        "Gross Profit": 77,
        "Operating Income": 12,
        "EBIT": NaN,
        "Net Income": 9
    },
    "2011-12-31": {
        "Diluted EPS": 0.36,
        "Total Revenue": 65,
        "Gross Profit": 63,
        "Operating Income": 20,
        "EBIT": NaN,
        "Net Income": 15
    },
    "2011-09-30": {
        "Diluted EPS": 0.48,
        "Total Revenue": 71,
        "Gross Profit": 67,
        "Operating Income": 26,
        "EBIT": NaN,
        "Net Income": 19
    },
    "2011-06-30": {
        "Diluted EPS": 0.22,
        "Total Revenue": 57,
        "Gross Profit": 53,
        "Operating Income": 11,
        "EBIT": NaN,
        "Net Income": 9
    },
    "2011-03-31": {
        "Diluted EPS": 0.15,
        "Total Revenue": 49,
        "Gross Profit": 45,
        "Operating Income": 8,
        "EBIT": NaN,
        "Net Income": 6
    },
    "2010-12-31": {
        "Diluted EPS": 0.31,
        "Total Revenue": 59,
        "Gross Profit": 55,
        "Operating Income": 10,
        "EBIT": NaN,
        "Net Income": 7
    },
    "2010-09-30": {
        "Diluted EPS": 0.06,
        "Total Revenue": 57,
        "Gross Profit": 52,
        "Operating Income": 9,
        "EBIT": NaN,
        "Net Income": 5
    },
    "2010-06-30": {
        "Diluted EPS": 0.11,
        "Total Revenue": 59,
        "Gross Profit": 54,
        "Operating Income": 6,
        "EBIT": NaN,
        "Net Income": 5
    },
    "2010-03-31": {
        "Diluted EPS": 0.24,
        "Total Revenue": 63,
        "Gross Profit": 57,
        "Operating Income": 8,
        "EBIT": NaN,
        "Net Income": 8
    },
    "2009-12-31": {
        "Diluted EPS": 0.08,
        "Total Revenue": 44,
        "Gross Profit": 38,
        "Operating Income": 1,
        "EBIT": NaN,
        "Net Income": -3
    },
    "2009-09-30": {
        "Diluted EPS": -0.11,
        "Total Revenue": 43,
        "Gross Profit": 36,
        "Operating Income": -3,
        "EBIT": NaN,
        "Net Income": -2
    },
    "2009-06-30": {
        "Diluted EPS": -0.37,
        "Total Revenue": 43,
        "Gross Profit": 36,
        "Operating Income": -11,
        "EBIT": NaN,
        "Net Income": -6
    },
    "2009-03-31": {
        "Diluted EPS": 0.02,
        "Total Revenue": 43,
        "Gross Profit": 35,
        "Operating Income": 1,
        "EBIT": NaN,
        "Net Income": 2
    },
    "2023-09-30": {
        "Tax Effect Of Unusual Items": NaN,
        "Tax Rate For Calcs": NaN,
        "Total Unusual Items": NaN,
        "Total Unusual Items Excluding Goodwill": NaN,
        "Net Income From Continuing Operation Net Minority Interest": NaN,
        "Reconciled Depreciation": NaN,
        "Net Interest Income": NaN,
        "Interest Expense": NaN,
        "Interest Income": NaN,
        "Normalized Income": NaN,
        "Net Income From Continuing And Discontinued Operation": NaN,
        "Diluted Average Shares": 208645000.0,
        "Basic Average Shares": 208070000.0,
        "Diluted EPS": 0.65,
        "Basic EPS": 0.65,
        "Diluted NI Availto Com Stockholders": NaN,
        "Net Income Common Stockholders": NaN,
        "Net Income": NaN,
        "Net Income Including Noncontrolling Interests": NaN,
        "Net Income Continuous Operations": NaN,
        "Tax Provision": NaN,
        "Pretax Income": NaN,
        "Special Income Charges": NaN,
        "Restructuring And Mergern Acquisition": NaN,
        "Gain On Sale Of Security": NaN,
        "Depreciation Amortization Depletion Income Statement": NaN,
        "Depreciation And Amortization In Income Statement": NaN,
        "Amortization": NaN,
        "Amortization Of Intangibles Income Statement": NaN,
        "Selling General And Administration": NaN,
        "Selling And Marketing Expense": NaN,
        "General And Administrative Expense": NaN,
        "Insurance And Claims": NaN,
        "Salaries And Wages": NaN,
        "Total Revenue": NaN,
        "Operating Revenue": NaN,
        "Occupancy And Equipment": NaN,
        "Other Non Interest Expense": NaN
    },
    "2023-12-31": {
        "Tax Effect Of Unusual Items": -1893555.25651,
        "Tax Rate For Calcs": 0.263947,
        "Total Unusual Items": -7174000.0,
        "Total Unusual Items Excluding Goodwill": -7174000.0,
        "Net Income From Continuing Operation Net Minority Interest": 93531000.0,
        "Reconciled Depreciation": 41843000.0,
        "Net Interest Income": 448761000.0,
        "Interest Expense": 238011000.0,
        "Interest Income": 686772000.0,
        "Normalized Income": 98811444.74349,
        "Net Income From Continuing And Discontinued Operation": 93531000.0,
        "Diluted Average Shares": 208739000.0,
        "Basic Average Shares": 208083000.0,
        "Diluted EPS": 0.45,
        "Basic EPS": 0.45,
        "Diluted NI Availto Com Stockholders": 93531000.0,
        "Net Income Common Stockholders": 93531000.0,
        "Net Income": 93531000.0,
        "Net Income Including Noncontrolling Interests": 93531000.0,
        "Net Income Continuous Operations": 93531000.0,
        "Tax Provision": 33540000.0,
        "Pretax Income": 127071000.0,
        "Special Income Charges": -7174000.0,
        "Restructuring And Mergern Acquisition": 7174000.0,
        "Gain On Sale Of Security": 2645000.0,
        "Depreciation Amortization Depletion Income Statement": 33204000.0,
        "Depreciation And Amortization In Income Statement": 33204000.0,
        "Amortization": 33204000.0,
        "Amortization Of Intangibles Income Statement": 33204000.0,
        "Selling General And Administration": 205599000.0,
        "Selling And Marketing Expense": 5517000.0,
        "General And Administrative Expense": 200082000.0,
        "Insurance And Claims": 42510000.0,
        "Salaries And Wages": 157572000.0,
        "Total Revenue": 519156000.0,
        "Operating Revenue": 519156000.0,
        "Occupancy And Equipment": 48160000.0,
        "Other Non Interest Expense": 43039000.0
    },
    "2024-03-31": {
        "Tax Effect Of Unusual Items": -1191550.012717,
        "Tax Rate For Calcs": 0.26609,
        "Total Unusual Items": -4478000.0,
        "Total Unusual Items Excluding Goodwill": -4478000.0,
        "Net Income From Continuing Operation Net Minority Interest": 124080000.0,
        "Reconciled Depreciation": 39962000.0,
        "Net Interest Income": 419655000.0,
        "Interest Expense": 260863000.0,
        "Interest Income": 680518000.0,
        "Normalized Income": 127366449.987283,
        "Net Income From Continuing And Discontinued Operation": 124080000.0,
        "Diluted Average Shares": 208956000.0,
        "Basic Average Shares": 208260000.0,
        "Diluted EPS": 0.59,
        "Basic EPS": 0.6,
        "Diluted NI Availto Com Stockholders": 124080000.0,
        "Net Income Common Stockholders": 124080000.0,
        "Net Income": 124080000.0,
        "Net Income Including Noncontrolling Interests": 124080000.0,
        "Net Income Continuous Operations": 124080000.0,
        "Tax Provision": 44987000.0,
        "Pretax Income": 169067000.0,
        "Special Income Charges": -4478000.0,
        "Other Special Charges": NaN,
        "Restructuring And Mergern Acquisition": 4478000.0,
        "Gain On Sale Of Security": -3925000.0,
        "Depreciation Amortization Depletion Income Statement": 32091000.0,
        "Depreciation And Amortization In Income Statement": 32091000.0,
        "Amortization": 32091000.0,
        "Amortization Of Intangibles Income Statement": 32091000.0,
        "Selling General And Administration": 170934000.0,
        "Selling And Marketing Expense": 1936000.0,
        "General And Administrative Expense": 168998000.0,
        "Insurance And Claims": 14460000.0,
        "Salaries And Wages": 154538000.0,
        "Total Revenue": 473719000.0,
        "Operating Revenue": 473719000.0,
        "Occupancy And Equipment": 45291000.0,
        "Other Non Interest Expense": 34722000.0
    },
    "2024-06-30": {
        "Tax Effect Of Unusual Items": -3721326.877235,
        "Tax Rate For Calcs": 0.254172,
        "Total Unusual Items": -14641000.0,
        "Total Unusual Items Excluding Goodwill": -14641000.0,
        "Net Income From Continuing Operation Net Minority Interest": 120144000.0,
        "Reconciled Depreciation": 37158000.0,
        "Net Interest Income": 424554000.0,
        "Interest Expense": 268087000.0,
        "Interest Income": 692641000.0,
        "Normalized Income": 131063673.122765,
        "Net Income From Continuing And Discontinued Operation": 120144000.0,
        "Diluted Average Shares": 209011000.0,
        "Basic Average Shares": 208498000.0,
        "Diluted EPS": 0.57,
        "Basic EPS": 0.58,
        "Diluted NI Availto Com Stockholders": 120144000.0,
        "Net Income Common Stockholders": 120144000.0,
        "Net Income": 120144000.0,
        "Net Income Including Noncontrolling Interests": 120144000.0,
        "Net Income Continuous Operations": 120144000.0,
        "Tax Provision": 40944000.0,
        "Pretax Income": 161088000.0,
        "Special Income Charges": -14641000.0,
        "Other Special Charges": NaN,
        "Restructuring And Mergern Acquisition": 14641000.0,
        "Gain On Sale Of Security": -9790000.0,
        "Depreciation Amortization Depletion Income Statement": 29230000.0,
        "Depreciation And Amortization In Income Statement": 29230000.0,
        "Amortization": 29230000.0,
        "Amortization Of Intangibles Income Statement": 29230000.0,
        "Selling General And Administration": 157035000.0,
        "Selling And Marketing Expense": 2305000.0,
        "General And Administrative Expense": 154730000.0,
        "Insurance And Claims": 9664000.0,
        "Salaries And Wages": 145066000.0,
        "Total Revenue": 472152000.0,
        "Operating Revenue": 472152000.0,
        "Occupancy And Equipment": 45147000.0,
        "Other Non Interest Expense": 33191000.0
    },
    "2024-09-30": {
        "Tax Effect Of Unusual Items": -510204.081633,
        "Tax Rate For Calcs": 0.255102,
        "Total Unusual Items": -2000000.0,
        "Total Unusual Items Excluding Goodwill": -2000000.0,
        "Net Income From Continuing Operation Net Minority Interest": 146000000.0,
        "Reconciled Depreciation": 36880000.0,
        "Net Interest Income": 428000000.0,
        "Interest Expense": 269000000.0,
        "Interest Income": 697000000.0,
        "Normalized Income": 147489795.918367,
        "Net Income From Continuing And Discontinued Operation": 146000000.0,
        "Diluted Average Shares": 209454000.0,
        "Basic Average Shares": 208545000.0,
        "Diluted EPS": 0.7,
        "Basic EPS": 0.7,
        "Diluted NI Availto Com Stockholders": 146000000.0,
        "Net Income Common Stockholders": 146000000.0,
        "Net Income": 146000000.0,
        "Net Income Including Noncontrolling Interests": 146000000.0,
        "Net Income Continuous Operations": 146000000.0,
        "Tax Provision": 50000000.0,
        "Pretax Income": 196000000.0,
        "Special Income Charges": -2000000.0,
        "Other Special Charges": NaN,
        "Restructuring And Mergern Acquisition": 2000000.0,
        "Gain On Sale Of Security": 2000000.0,
        "Depreciation Amortization Depletion Income Statement": 29000000.0,
        "Depreciation And Amortization In Income Statement": 29000000.0,
        "Amortization": 29000000.0,
        "Amortization Of Intangibles Income Statement": 29000000.0,
        "Selling General And Administration": 159000000.0,
        "Selling And Marketing Expense": 3000000.0,
        "General And Administrative Expense": 156000000.0,
        "Insurance And Claims": 9000000.0,
        "Salaries And Wages": 147000000.0,
        "Total Revenue": 496000000.0,
        "Operating Revenue": 496000000.0,
        "Occupancy And Equipment": 45000000.0,
        "Other Non Interest Expense": 36000000.0
    },
    "2024-12-31": {
        "Tax Effect Of Unusual Items": -568974.914867,
        "Tax Rate For Calcs": 0.255146,
        "Total Unusual Items": -2230000.0,
        "Total Unusual Items Excluding Goodwill": -2230000.0,
        "Net Income From Continuing Operation Net Minority Interest": 143269000.0,
        "Reconciled Depreciation": 36227000.0,
        "Net Interest Income": 434695000.0,
        "Interest Expense": 239210000.0,
        "Interest Income": 673905000.0,
        "Normalized Income": 144930025.085133,
        "Net Income From Continuing And Discontinued Operation": 143269000.0,
        "Diluted Average Shares": 209889000.0,
        "Basic Average Shares": 208548000.0,
        "Diluted EPS": 0.68,
        "Basic EPS": 0.69,
        "Diluted NI Availto Com Stockholders": 143269000.0,
        "Net Income Common Stockholders": 143269000.0,
        "Net Income": 143269000.0,
        "Net Income Including Noncontrolling Interests": 143269000.0,
        "Net Income Continuous Operations": 143269000.0,
        "Tax Provision": 49076000.0,
        "Pretax Income": 192345000.0,
        "Special Income Charges": -2230000.0,
        "Other Special Charges": NaN,
        "Restructuring And Mergern Acquisition": 2230000.0,
        "Gain On Sale Of Security": -1414000.0,
        "Depreciation Amortization Depletion Income Statement": 29055000.0,
        "Depreciation And Amortization In Income Statement": 29055000.0,
        "Amortization": 29055000.0,
        "Amortization Of Intangibles Income Statement": 29055000.0,
        "Selling General And Administration": 153796000.0,
        "Selling And Marketing Expense": 3717000.0,
        "General And Administrative Expense": 150079000.0,
        "Insurance And Claims": 8121000.0,
        "Salaries And Wages": 141958000.0,
        "Total Revenue": 487120000.0,
        "Operating Revenue": 487120000.0,
        "Occupancy And Equipment": 46878000.0,
        "Other Non Interest Expense": 34617000.0
    },
    "2025-03-31": {
        "Tax Effect Of Unusual Items": -20883079.0,
        "Tax Rate For Calcs": 0.301,
        "Total Unusual Items": -69379000.0,
        "Total Unusual Items Excluding Goodwill": -69379000.0,
        "Net Income From Continuing Operation Net Minority Interest": 86609000.0,
        "Reconciled Depreciation": 35027000.0,
        "Net Interest Income": 422203000.0,
        "Interest Expense": 222248000.0,
        "Interest Income": 644451000.0,
        "Normalized Income": 135104921.0,
        "Net Income From Continuing And Discontinued Operation": 86609000.0,
        "Diluted Average Shares": 210023000.0,
        "Basic Average Shares": 208800000.0,
        "Diluted EPS": 0.41,
        "Basic EPS": 0.41,
        "Diluted NI Availto Com Stockholders": 86609000.0,
        "Net Income Common Stockholders": 86609000.0,
        "Net Income": 86609000.0,
        "Net Income Including Noncontrolling Interests": 86609000.0,
        "Net Income Continuous Operations": 86609000.0,
        "Tax Provision": 37238000.0,
        "Pretax Income": 123847000.0,
        "Special Income Charges": -69379000.0,
        "Other Special Charges": 55000000.0,
        "Restructuring And Mergern Acquisition": 14379000.0,
        "Gain On Sale Of Security": 8722000.0,
        "Depreciation Amortization Depletion Income Statement": 27979000.0,
        "Depreciation And Amortization In Income Statement": 27979000.0,
        "Amortization": 27979000.0,
        "Amortization Of Intangibles Income Statement": 27979000.0,
        "Selling General And Administration": 156658000.0,
        "Selling And Marketing Expense": 3397000.0,
        "General And Administrative Expense": 153261000.0,
        "Insurance And Claims": 8022000.0,
        "Salaries And Wages": 145239000.0,
        "Total Revenue": 491372000.0,
        "Operating Revenue": 491372000.0,
        "Occupancy And Equipment": 48170000.0,
        "Other Non Interest Expense": 37936000.0
    },
    "2025-06-30": {
        "Tax Effect Of Unusual Items": -2054686.0,
        "Tax Rate For Calcs": 0.251,
        "Total Unusual Items": -8186000.0,
        "Total Unusual Items Excluding Goodwill": -8186000.0,
        "Net Income From Continuing Operation Net Minority Interest": 152423000.0,
        "Reconciled Depreciation": 32892000.0,
        "Net Interest Income": 443002000.0,
        "Interest Expense": 224243000.0,
        "Interest Income": 667245000.0,
        "Normalized Income": 158554314.0,
        "Net Income From Continuing And Discontinued Operation": 152423000.0,
        "Diluted Average Shares": 209975000.0,
        "Basic Average Shares": 209125000.0,
        "Diluted EPS": 0.73,
        "Basic EPS": 0.73,
        "Diluted NI Availto Com Stockholders": 152423000.0,
        "Net Income Common Stockholders": 152423000.0,
        "Net Income": 152423000.0,
        "Net Income Including Noncontrolling Interests": 152423000.0,
        "Net Income Continuous Operations": 152423000.0,
        "Tax Provision": 51041000.0,
        "Pretax Income": 203464000.0,
        "Special Income Charges": -8186000.0,
        "Other Special Charges": NaN,
        "Restructuring And Mergern Acquisition": 8186000.0,
        "Gain On Sale Of Security": 623000.0,
        "Depreciation Amortization Depletion Income Statement": 25826000.0,
        "Depreciation And Amortization In Income Statement": 25826000.0,
        "Amortization": 25826000.0,
        "Amortization Of Intangibles Income Statement": 25826000.0,
        "Selling General And Administration": 165832000.0,
        "Selling And Marketing Expense": 2805000.0,
        "General And Administrative Expense": 163027000.0,
        "Insurance And Claims": 8144000.0,
        "Salaries And Wages": 154883000.0,
        "Total Revenue": 510908000.0,
        "Operating Revenue": 510908000.0,
        "Occupancy And Equipment": 47178000.0,
        "Other Non Interest Expense": 30973000.0
    },
    "2025-09-30": {
        "Tax Effect Of Unusual Items": -16791000.0,
        "Tax Rate For Calcs": 0.193,
        "Total Unusual Items": -87000000.0,
        "Total Unusual Items Excluding Goodwill": -87000000.0,
        "Net Income From Continuing Operation Net Minority Interest": 96000000.0,
        "Reconciled Depreciation": 34081000.0,
        "Net Interest Income": 501000000.0,
        "Interest Expense": 235000000.0,
        "Interest Income": 736000000.0,
        "Normalized Income": 166209000.0,
        "Net Income From Continuing And Discontinued Operation": 96000000.0,
        "Diluted Average Shares": 238925000.0,
        "Basic Average Shares": 237838000.0,
        "Diluted EPS": 0.4,
        "Basic EPS": 0.4,
        "Diluted NI Availto Com Stockholders": 96000000.0,
        "Net Income Common Stockholders": 96000000.0,
        "Net Income": 96000000.0,
        "Net Income Including Noncontrolling Interests": 96000000.0,
        "Net Income Continuous Operations": 96000000.0,
        "Tax Provision": 23000000.0,
        "Pretax Income": 119000000.0,
        "Special Income Charges": -87000000.0,
        "Other Special Charges": NaN,
        "Restructuring And Mergern Acquisition": 87000000.0,
        "Gain On Sale Of Security": 2000000.0,
        "Depreciation Amortization Depletion Income Statement": 31000000.0,
        "Depreciation And Amortization In Income Statement": 31000000.0,
        "Amortization": 31000000.0,
        "Amortization Of Intangibles Income Statement": 31000000.0,
        "Selling General And Administration": 183000000.0,
        "Selling And Marketing Expense": 4000000.0,
        "General And Administrative Expense": 179000000.0,
        "Insurance And Claims": 8000000.0,
        "Salaries And Wages": 171000000.0,
        "Total Revenue": 582000000.0,
        "Operating Revenue": 582000000.0,
        "Occupancy And Equipment": 54000000.0,
        "Other Non Interest Expense": 38000000.0
    }
}