{
    "2023-03-31": {
        "Tax Effect Of Unusual Items": NaN,
        "Tax Rate For Calcs": NaN,
        "Normalized EBITDA": NaN,
        "Total Unusual Items": NaN,
        "Total Unusual Items Excluding Goodwill": NaN,
        "Net Income From Continuing Operation Net Minority Interest": NaN,
        "Reconciled Depreciation": NaN,
        "Reconciled Cost Of Revenue": NaN,
        "EBITDA": NaN,
        "EBIT": NaN,
        "Net Interest Income": NaN,
        "Interest Expense": NaN,
        "Interest Income": NaN,
        "Normalized Income": NaN,
        "Net Income From Continuing And Discontinued Operation": NaN,
        "Total Expenses": NaN,
        "Total Operating Income As Reported": NaN,
        "Diluted Average Shares": NaN,
        "Basic Average Shares": NaN,
        "Diluted EPS": NaN,
        "Basic EPS": NaN,
        "Diluted NI Availto Com Stockholders": NaN,
        "Average Dilution Earnings": NaN,
        "Net Income Common Stockholders": NaN,
        "Net Income": NaN,
        "Net Income Including Noncontrolling Interests": NaN,
        "Net Income Continuous Operations": NaN,
        "Tax Provision": NaN,
        "Pretax Income": NaN,
        "Other Income Expense": -23504000.0,
        "Special Income Charges": NaN,
        "Other Special Charges": 23504000.0,
        "Net Non Operating Interest Income Expense": NaN,
        "Interest Expense Non Operating": NaN,
        "Interest Income Non Operating": NaN,
        "Operating Income": NaN,
        "Operating Expense": NaN,
        "Research And Development": 0.0,
        "Selling General And Administration": NaN,
        "Gross Profit": NaN,
        "Cost Of Revenue": NaN,
        "Total Revenue": NaN,
        "Operating Revenue": NaN
    },
    "2022-12-31": {
        "Tax Effect Of Unusual Items": NaN,
        "Tax Rate For Calcs": NaN,
        "Normalized EBITDA": NaN,
        "Total Unusual Items": NaN,
        "Total Unusual Items Excluding Goodwill": NaN,
        "Net Income From Continuing Operation Net Minority Interest": NaN,
        "Reconciled Depreciation": NaN,
        "Reconciled Cost Of Revenue": NaN,
        "EBITDA": NaN,
        "EBIT": NaN,
        "Net Interest Income": NaN,
        "Interest Expense": NaN,
        "Interest Income": NaN,
        "Normalized Income": NaN,
        "Net Income From Continuing And Discontinued Operation": NaN,
        "Total Expenses": NaN,
        "Total Operating Income As Reported": NaN,
        "Diluted Average Shares": NaN,
        "Basic Average Shares": NaN,
        "Diluted EPS": NaN,
        "Basic EPS": NaN,
        "Diluted NI Availto Com Stockholders": NaN,
        "Average Dilution Earnings": NaN,
        "Net Income Common Stockholders": NaN,
        "Net Income": NaN,
        "Net Income Including Noncontrolling Interests": NaN,
        "Net Income Continuous Operations": NaN,
        "Tax Provision": NaN,
        "Pretax Income": NaN,
        "Other Income Expense": NaN,
        "Special Income Charges": NaN,
        "Other Special Charges": NaN,
        "Net Non Operating Interest Income Expense": NaN,
        "Interest Expense Non Operating": NaN,
        "Interest Income Non Operating": NaN,
        "Operating Income": NaN,
        "Operating Expense": NaN,
        "Research And Development": 0.0,
        "Selling General And Administration": NaN,
        "Gross Profit": NaN,
        "Cost Of Revenue": NaN,
        "Total Revenue": NaN,
        "Operating Revenue": NaN
    },
    "2022-09-30": {
        "Tax Effect Of Unusual Items": 0.0,
        "Tax Rate For Calcs": 0.4,
        "Normalized EBITDA": 58518000.0,
        "Total Unusual Items": NaN,
        "Total Unusual Items Excluding Goodwill": NaN,
        "Net Income From Continuing Operation Net Minority Interest": 457000.0,
        "Reconciled Depreciation": 38040000.0,
        "Reconciled Cost Of Revenue": 68174000.0,
        "EBITDA": 58518000.0,
        "EBIT": 20478000.0,
        "Net Interest Income": -19035000.0,
        "Interest Expense": 19046000.0,
        "Interest Income": 11000.0,
        "Normalized Income": 457000.0,
        "Net Income From Continuing And Discontinued Operation": 457000.0,
        "Total Expenses": 106546000.0,
        "Total Operating Income As Reported": 20467000.0,
        "Diluted Average Shares": 34570319.0,
        "Basic Average Shares": 34058802.0,
        "Diluted EPS": 0.01,
        "Basic EPS": 0.01,
        "Diluted NI Availto Com Stockholders": 457000.0,
        "Average Dilution Earnings": 0.0,
        "Net Income Common Stockholders": 457000.0,
        "Net Income": 457000.0,
        "Net Income Including Noncontrolling Interests": 457000.0,
        "Net Income Continuous Operations": 457000.0,
        "Tax Provision": 975000.0,
        "Pretax Income": 1432000.0,
        "Other Income Expense": NaN,
        "Special Income Charges": NaN,
        "Other Special Charges": NaN,
        "Restructuring And Mergern Acquisition": NaN,
        "Net Non Operating Interest Income Expense": -19035000.0,
        "Interest Expense Non Operating": 19046000.0,
        "Interest Income Non Operating": 11000.0,
        "Operating Income": 20467000.0,
        "Operating Expense": 38372000.0,
        "Research And Development": 0.0,
        "Selling General And Administration": 38372000.0,
        "Gross Profit": 58839000.0,
        "Cost Of Revenue": 68174000.0,
        "Total Revenue": 127013000.0,
        "Operating Revenue": 127013000.0
    },
    "2022-06-30": {
        "Tax Effect Of Unusual Items": 0.0,
        "Tax Rate For Calcs": 0.219,
        "Normalized EBITDA": 49272000.0,
        "Total Unusual Items": NaN,
        "Total Unusual Items Excluding Goodwill": NaN,
        "Net Income From Continuing Operation Net Minority Interest": -5191000.0,
        "Reconciled Depreciation": 38157000.0,
        "Reconciled Cost Of Revenue": 71185000.0,
        "EBITDA": 49272000.0,
        "EBIT": 11115000.0,
        "Net Interest Income": -17756000.0,
        "Interest Expense": 17761000.0,
        "Interest Income": 5000.0,
        "Normalized Income": -5191000.0,
        "Net Income From Continuing And Discontinued Operation": -5191000.0,
        "Total Expenses": 112439000.0,
        "Total Operating Income As Reported": 11110000.0,
        "Diluted Average Shares": 34001553.0,
        "Basic Average Shares": 34001553.0,
        "Diluted EPS": -0.15,
        "Basic EPS": -0.15,
        "Diluted NI Availto Com Stockholders": -5191000.0,
        "Average Dilution Earnings": 0.0,
        "Net Income Common Stockholders": -5191000.0,
        "Net Income": -5191000.0,
        "Net Income Including Noncontrolling Interests": -5191000.0,
        "Net Income Continuous Operations": -5191000.0,
        "Tax Provision": -1455000.0,
        "Pretax Income": -6646000.0,
        "Other Income Expense": NaN,
        "Special Income Charges": NaN,
        "Other Special Charges": NaN,
        "Restructuring And Mergern Acquisition": NaN,
        "Net Non Operating Interest Income Expense": -17756000.0,
        "Interest Expense Non Operating": 17761000.0,
        "Interest Income Non Operating": 5000.0,
        "Operating Income": 11110000.0,
        "Operating Expense": 41254000.0,
        "Research And Development": 0.0,
        "Selling General And Administration": 41254000.0,
        "Gross Profit": 52364000.0,
        "Cost Of Revenue": 71185000.0,
        "Total Revenue": 123549000.0,
        "Operating Revenue": 123549000.0
    },
    "2023-06-30": {
        "Tax Effect Of Unusual Items": NaN,
        "Tax Rate For Calcs": NaN,
        "Normalized EBITDA": NaN,
        "Total Unusual Items": NaN,
        "Total Unusual Items Excluding Goodwill": NaN,
        "Net Income From Continuing Operation Net Minority Interest": NaN,
        "Reconciled Depreciation": NaN,
        "Reconciled Cost Of Revenue": NaN,
        "EBITDA": NaN,
        "EBIT": NaN,
        "Net Interest Income": NaN,
        "Interest Expense": NaN,
        "Interest Income": NaN,
        "Normalized Income": NaN,
        "Net Income From Continuing And Discontinued Operation": NaN,
        "Total Expenses": NaN,
        "Total Operating Income As Reported": NaN,
        "Diluted Average Shares": NaN,
        "Basic Average Shares": NaN,
        "Diluted EPS": NaN,
        "Basic EPS": NaN,
        "Diluted NI Availto Com Stockholders": NaN,
        "Average Dilution Earnings": NaN,
        "Net Income Common Stockholders": NaN,
        "Net Income": NaN,
        "Net Income Including Noncontrolling Interests": NaN,
        "Net Income Continuous Operations": NaN,
        "Tax Provision": NaN,
        "Pretax Income": NaN,
        "Other Income Expense": NaN,
        "Special Income Charges": NaN,
        "Other Special Charges": NaN,
        "Net Non Operating Interest Income Expense": NaN,
        "Interest Expense Non Operating": NaN,
        "Interest Income Non Operating": NaN,
        "Operating Income": NaN,
        "Operating Expense": NaN,
        "Research And Development": 0.0,
        "Selling General And Administration": NaN,
        "Gross Profit": NaN,
        "Cost Of Revenue": NaN,
        "Total Revenue": NaN,
        "Operating Revenue": NaN
    },
    "2022-03-31": {
        "Diluted EPS": -0.39,
        "Total Revenue": 84,
        "Gross Profit": 48,
        "Operating Income": -10,
        "EBIT": 10,
        "Net Income": -13
    },
    "2021-12-31": {
        "Diluted EPS": -0.56,
        "Total Revenue": 27,
        "Gross Profit": -1,
        "Operating Income": -34,
        "EBIT": -17,
        "Net Income": -25
    },
    "2021-09-30": {
        "Diluted EPS": 0.22,
        "Total Revenue": 79,
        "Gross Profit": 46,
        "Operating Income": 14,
        "EBIT": 31,
        "Net Income": 8
    },
    "2021-06-30": {
        "Diluted EPS": 1.79,
        "Total Revenue": 83,
        "Gross Profit": 50,
        "Operating Income": 16,
        "EBIT": 34,
        "Net Income": 73
    },
    "2021-03-31": {
        "Diluted EPS": 0.41,
        "Total Revenue": 88,
        "Gross Profit": 56,
        "Operating Income": 21,
        "EBIT": 38,
        "Net Income": 16
    },
    "2020-12-31": {
        "Diluted EPS": 0.2,
        "Total Revenue": 76,
        "Gross Profit": 44,
        "Operating Income": 15,
        "EBIT": 32,
        "Net Income": 7
    },
    "2020-09-30": {
        "Diluted EPS": 0.32,
        "Total Revenue": 79,
        "Gross Profit": 48,
        "Operating Income": 20,
        "EBIT": 37,
        "Net Income": 11
    },
    "2020-06-30": {
        "Diluted EPS": 0.23,
        "Total Revenue": 78,
        "Gross Profit": 48,
        "Operating Income": 17,
        "EBIT": 34,
        "Net Income": 8
    },
    "2020-03-31": {
        "Diluted EPS": 0.01,
        "Total Revenue": 77,
        "Gross Profit": 39,
        "Operating Income": 5,
        "EBIT": 16,
        "Net Income": 0
    },
    "2019-12-31": {
        "Diluted EPS": -0.07,
        "Total Revenue": 74,
        "Gross Profit": 25,
        "Operating Income": -2,
        "EBIT": 2,
        "Net Income": -2
    },
    "2019-09-30": {
        "Diluted EPS": -0.18,
        "Total Revenue": 73,
        "Gross Profit": 26,
        "Operating Income": -6,
        "EBIT": -3,
        "Net Income": -6
    },
    "2019-06-30": {
        "Diluted EPS": -0.14,
        "Total Revenue": 75,
        "Gross Profit": 26,
        "Operating Income": -5,
        "EBIT": -1,
        "Net Income": -5
    },
    "2019-03-31": {
        "Diluted EPS": -0.29,
        "Total Revenue": 75,
        "Gross Profit": 25,
        "Operating Income": -10,
        "EBIT": -6,
        "Net Income": -10
    },
    "2018-12-31": {
        "Diluted EPS": 0.28,
        "Total Revenue": 73,
        "Gross Profit": 44,
        "Operating Income": 11,
        "EBIT": 27,
        "Net Income": 9
    },
    "2018-09-30": {
        "Diluted EPS": -0.5,
        "Total Revenue": 70,
        "Gross Profit": 24,
        "Operating Income": -11,
        "EBIT": 21,
        "Net Income": -17
    },
    "2018-06-30": {
        "Diluted EPS": -0.4,
        "Total Revenue": 73,
        "Gross Profit": 26,
        "Operating Income": -7,
        "EBIT": 25,
        "Net Income": -13
    },
    "2018-03-31": {
        "Diluted EPS": -0.57,
        "Total Revenue": 64,
        "Gross Profit": 21,
        "Operating Income": -13,
        "EBIT": 17,
        "Net Income": -19
    },
    "2017-12-31": {
        "Diluted EPS": -0.51,
        "Total Revenue": 11,
        "Gross Profit": 10,
        "Operating Income": -18,
        "EBIT": -17,
        "Net Income": -17
    },
    "2017-09-30": {
        "Diluted EPS": -0.45,
        "Total Revenue": 12,
        "Gross Profit": 11,
        "Operating Income": -13,
        "EBIT": -13,
        "Net Income": -13
    },
    "2017-06-30": {
        "Diluted EPS": -0.72,
        "Total Revenue": 4,
        "Gross Profit": 3,
        "Operating Income": -21,
        "EBIT": -21,
        "Net Income": -21
    },
    "2017-03-31": {
        "Diluted EPS": -0.79,
        "Total Revenue": 2,
        "Gross Profit": 2,
        "Operating Income": -23,
        "EBIT": -23,
        "Net Income": -23
    },
    "2016-12-31": {
        "Diluted EPS": -1.02,
        "Total Revenue": 1,
        "Gross Profit": 1,
        "Operating Income": -28,
        "EBIT": -27,
        "Net Income": -28
    },
    "2016-09-30": {
        "Diluted EPS": -1.13,
        "Total Revenue": 0,
        "Gross Profit": 0,
        "Operating Income": -26,
        "EBIT": -26,
        "Net Income": -26
    },
    "2016-06-30": {
        "Diluted EPS": -1.05,
        "Total Revenue": NaN,
        "Gross Profit": NaN,
        "Operating Income": -24,
        "EBIT": -24,
        "Net Income": -25
    },
    "2016-03-31": {
        "Diluted EPS": -0.68,
        "Total Revenue": NaN,
        "Gross Profit": NaN,
        "Operating Income": -16,
        "EBIT": -16,
        "Net Income": -16
    },
    "2015-12-31": {
        "Diluted EPS": 0.08,
        "Total Revenue": NaN,
        "Gross Profit": NaN,
        "Operating Income": -9,
        "EBIT": -9,
        "Net Income": -2
    },
    "2015-09-30": {
        "Diluted EPS": -0.46,
        "Total Revenue": NaN,
        "Gross Profit": NaN,
        "Operating Income": -9,
        "EBIT": -9,
        "Net Income": -9
    },
    "2015-06-30": {
        "Diluted EPS": -0.45,
        "Total Revenue": NaN,
        "Gross Profit": NaN,
        "Operating Income": -5,
        "EBIT": -5,
        "Net Income": -5
    },
    "2015-03-31": {
        "Diluted EPS": -0.65,
        "Total Revenue": NaN,
        "Gross Profit": NaN,
        "Operating Income": -4,
        "EBIT": -4,
        "Net Income": -4
    },
    "2014-12-31": {
        "Diluted EPS": -4.5,
        "Total Revenue": NaN,
        "Gross Profit": NaN,
        "Operating Income": -3,
        "EBIT": -3,
        "Net Income": -3
    },
    "2014-09-30": {
        "Diluted EPS": -7.85,
        "Total Revenue": NaN,
        "Gross Profit": NaN,
        "Operating Income": -7,
        "EBIT": -6,
        "Net Income": -7
    },
    "2014-06-30": {
        "Diluted EPS": -5.33,
        "Total Revenue": NaN,
        "Gross Profit": NaN,
        "Operating Income": -4,
        "EBIT": -4,
        "Net Income": -4
    },
    "2014-03-31": {
        "Diluted EPS": -5.03,
        "Total Revenue": NaN,
        "Gross Profit": NaN,
        "Operating Income": -4,
        "EBIT": -4,
        "Net Income": -5
    },
    "2013-12-31": {
        "Diluted EPS": 0.0,
        "Total Revenue": NaN,
        "Gross Profit": NaN,
        "Operating Income": NaN,
        "EBIT": NaN,
        "Net Income": NaN
    },
    "2023-09-30": {
        "Tax Effect Of Unusual Items": NaN,
        "Tax Rate For Calcs": NaN,
        "Normalized EBITDA": NaN,
        "Total Unusual Items": NaN,
        "Total Unusual Items Excluding Goodwill": NaN,
        "Net Income From Continuing Operation Net Minority Interest": NaN,
        "Reconciled Depreciation": NaN,
        "Reconciled Cost Of Revenue": NaN,
        "EBITDA": NaN,
        "EBIT": NaN,
        "Net Interest Income": NaN,
        "Interest Expense": NaN,
        "Interest Income": NaN,
        "Normalized Income": NaN,
        "Net Income From Continuing And Discontinued Operation": NaN,
        "Total Expenses": NaN,
        "Total Operating Income As Reported": NaN,
        "Diluted Average Shares": NaN,
        "Basic Average Shares": NaN,
        "Diluted EPS": NaN,
        "Basic EPS": NaN,
        "Diluted NI Availto Com Stockholders": NaN,
        "Average Dilution Earnings": NaN,
        "Net Income Common Stockholders": NaN,
        "Net Income": NaN,
        "Net Income Including Noncontrolling Interests": NaN,
        "Net Income Continuous Operations": NaN,
        "Tax Provision": NaN,
        "Pretax Income": NaN,
        "Other Income Expense": NaN,
        "Special Income Charges": NaN,
        "Other Special Charges": NaN,
        "Restructuring And Mergern Acquisition": NaN,
        "Net Non Operating Interest Income Expense": NaN,
        "Interest Expense Non Operating": NaN,
        "Interest Income Non Operating": NaN,
        "Operating Income": NaN,
        "Operating Expense": NaN,
        "Research And Development": 0.0,
        "Selling General And Administration": NaN,
        "Gross Profit": NaN,
        "Cost Of Revenue": NaN,
        "Total Revenue": NaN,
        "Operating Revenue": NaN
    },
    "2023-12-31": {
        "Tax Effect Of Unusual Items": NaN,
        "Tax Rate For Calcs": NaN,
        "Normalized EBITDA": NaN,
        "Total Unusual Items": NaN,
        "Total Unusual Items Excluding Goodwill": NaN,
        "Net Income From Continuing Operation Net Minority Interest": NaN,
        "Reconciled Depreciation": NaN,
        "Reconciled Cost Of Revenue": NaN,
        "EBITDA": NaN,
        "EBIT": NaN,
        "Net Interest Income": NaN,
        "Interest Expense": NaN,
        "Interest Income": NaN,
        "Normalized Income": NaN,
        "Net Income From Continuing And Discontinued Operation": NaN,
        "Total Expenses": NaN,
        "Total Operating Income As Reported": NaN,
        "Diluted Average Shares": NaN,
        "Basic Average Shares": NaN,
        "Diluted EPS": NaN,
        "Basic EPS": NaN,
        "Diluted NI Availto Com Stockholders": NaN,
        "Average Dilution Earnings": NaN,
        "Net Income Common Stockholders": NaN,
        "Net Income": NaN,
        "Net Income Including Noncontrolling Interests": NaN,
        "Net Income Continuous Operations": NaN,
        "Tax Provision": NaN,
        "Pretax Income": NaN,
        "Other Income Expense": NaN,
        "Special Income Charges": NaN,
        "Other Special Charges": 0.0,
        "Restructuring And Mergern Acquisition": NaN,
        "Net Non Operating Interest Income Expense": NaN,
        "Interest Expense Non Operating": NaN,
        "Interest Income Non Operating": NaN,
        "Operating Income": NaN,
        "Operating Expense": NaN,
        "Research And Development": 0.0,
        "Selling General And Administration": NaN,
        "Gross Profit": NaN,
        "Cost Of Revenue": NaN,
        "Total Revenue": NaN,
        "Operating Revenue": NaN
    },
    "2024-03-31": {
        "Tax Effect Of Unusual Items": NaN,
        "Tax Rate For Calcs": NaN,
        "Normalized EBITDA": NaN,
        "Total Unusual Items": NaN,
        "Total Unusual Items Excluding Goodwill": NaN,
        "Net Income From Continuing Operation Net Minority Interest": NaN,
        "Reconciled Depreciation": NaN,
        "Reconciled Cost Of Revenue": NaN,
        "EBITDA": NaN,
        "EBIT": NaN,
        "Net Interest Income": NaN,
        "Interest Expense": NaN,
        "Interest Income": NaN,
        "Normalized Income": NaN,
        "Net Income From Continuing And Discontinued Operation": NaN,
        "Total Expenses": NaN,
        "Total Operating Income As Reported": NaN,
        "Diluted Average Shares": NaN,
        "Basic Average Shares": NaN,
        "Diluted EPS": NaN,
        "Basic EPS": NaN,
        "Diluted NI Availto Com Stockholders": NaN,
        "Average Dilution Earnings": NaN,
        "Net Income Common Stockholders": NaN,
        "Net Income": NaN,
        "Net Income Including Noncontrolling Interests": NaN,
        "Net Income Continuous Operations": NaN,
        "Tax Provision": NaN,
        "Pretax Income": NaN,
        "Other Income Expense": NaN,
        "Special Income Charges": NaN,
        "Other Special Charges": NaN,
        "Restructuring And Mergern Acquisition": 0.0,
        "Net Non Operating Interest Income Expense": NaN,
        "Interest Expense Non Operating": NaN,
        "Interest Income Non Operating": NaN,
        "Operating Income": NaN,
        "Operating Expense": NaN,
        "Research And Development": NaN,
        "Selling General And Administration": NaN,
        "Gross Profit": NaN,
        "Cost Of Revenue": NaN,
        "Total Revenue": NaN,
        "Operating Revenue": NaN
    },
    "2024-06-30": {
        "Tax Effect Of Unusual Items": -2343311.819088,
        "Tax Rate For Calcs": 0.326185,
        "Normalized EBITDA": 87335000.0,
        "Total Unusual Items": -7184000.0,
        "Total Unusual Items Excluding Goodwill": -7184000.0,
        "Net Income From Continuing Operation Net Minority Interest": 19606000.0,
        "Reconciled Depreciation": 35467000.0,
        "Reconciled Cost Of Revenue": 54470000.0,
        "EBITDA": 80151000.0,
        "EBIT": 44684000.0,
        "Net Interest Income": -11190000.0,
        "Interest Expense": 15587000.0,
        "Interest Income": 4397000.0,
        "Normalized Income": 24446688.180912,
        "Net Income From Continuing And Discontinued Operation": 19606000.0,
        "Total Expenses": 97805000.0,
        "Total Operating Income As Reported": 47471000.0,
        "Diluted Average Shares": 40383694.0,
        "Basic Average Shares": 32433025.0,
        "Diluted EPS": 0.52,
        "Basic EPS": 0.6,
        "Diluted NI Availto Com Stockholders": 21083000.0,
        "Average Dilution Earnings": 1477000.0,
        "Net Income Common Stockholders": 19606000.0,
        "Net Income": 19606000.0,
        "Net Income Including Noncontrolling Interests": 19606000.0,
        "Net Income Continuous Operations": 19606000.0,
        "Tax Provision": 9491000.0,
        "Pretax Income": 29097000.0,
        "Other Income Expense": -7184000.0,
        "Special Income Charges": -7184000.0,
        "Other Special Charges": 7184000.0,
        "Restructuring And Mergern Acquisition": 0.0,
        "Net Non Operating Interest Income Expense": -11190000.0,
        "Interest Expense Non Operating": 15587000.0,
        "Interest Income Non Operating": 4397000.0,
        "Operating Income": 47471000.0,
        "Operating Expense": 43335000.0,
        "Research And Development": NaN,
        "Selling General And Administration": 43335000.0,
        "Gross Profit": 90806000.0,
        "Cost Of Revenue": 54470000.0,
        "Total Revenue": 145276000.0,
        "Operating Revenue": 145276000.0
    },
    "2024-09-30": {
        "Tax Effect Of Unusual Items": -1658000.0,
        "Tax Rate For Calcs": 0.4,
        "Normalized EBITDA": 79866000.0,
        "Total Unusual Items": -4145000.0,
        "Total Unusual Items Excluding Goodwill": -4145000.0,
        "Net Income From Continuing Operation Net Minority Interest": 9335000.0,
        "Reconciled Depreciation": 41747000.0,
        "Reconciled Cost Of Revenue": 62507000.0,
        "EBITDA": 75721000.0,
        "EBIT": 33974000.0,
        "Net Interest Income": -15114000.0,
        "Interest Expense": 18394000.0,
        "Interest Income": 3280000.0,
        "Normalized Income": 11822000.0,
        "Net Income From Continuing And Discontinued Operation": 9335000.0,
        "Total Expenses": 124462000.0,
        "Total Operating Income As Reported": 34839000.0,
        "Diluted Average Shares": 40163266.0,
        "Basic Average Shares": 32259468.0,
        "Diluted EPS": 0.27,
        "Basic EPS": 0.29,
        "Diluted NI Availto Com Stockholders": 10751000.0,
        "Average Dilution Earnings": 1416000.0,
        "Net Income Common Stockholders": 9335000.0,
        "Net Income": 9335000.0,
        "Net Income Including Noncontrolling Interests": 9335000.0,
        "Net Income Continuous Operations": 9335000.0,
        "Tax Provision": 6245000.0,
        "Pretax Income": 15580000.0,
        "Other Income Expense": -4145000.0,
        "Special Income Charges": -4145000.0,
        "Other Special Charges": 4145000.0,
        "Restructuring And Mergern Acquisition": NaN,
        "Net Non Operating Interest Income Expense": -15114000.0,
        "Interest Expense Non Operating": 18394000.0,
        "Interest Income Non Operating": 3280000.0,
        "Operating Income": 34839000.0,
        "Operating Expense": 61955000.0,
        "Research And Development": NaN,
        "Selling General And Administration": 61955000.0,
        "Gross Profit": 96794000.0,
        "Cost Of Revenue": 62507000.0,
        "Total Revenue": 159301000.0,
        "Operating Revenue": 159301000.0
    },
    "2024-12-31": {
        "Tax Effect Of Unusual Items": 798654.351729,
        "Tax Rate For Calcs": 0.274075,
        "Normalized EBITDA": 93521000.0,
        "Total Unusual Items": 2914000.0,
        "Total Unusual Items Excluding Goodwill": 2914000.0,
        "Net Income From Continuing Operation Net Minority Interest": 12536000.0,
        "Reconciled Depreciation": 56512000.0,
        "Reconciled Cost Of Revenue": 83661000.0,
        "EBITDA": 96435000.0,
        "EBIT": 39923000.0,
        "Net Interest Income": -20842000.0,
        "Interest Expense": 22654000.0,
        "Interest Income": 1812000.0,
        "Normalized Income": 10420654.351729,
        "Net Income From Continuing And Discontinued Operation": 12536000.0,
        "Total Expenses": 146752000.0,
        "Total Operating Income As Reported": 38111000.0,
        "Diluted Average Shares": 40109649.0,
        "Basic Average Shares": 32078621.0,
        "Diluted EPS": 0.36,
        "Basic EPS": 0.39,
        "Diluted NI Availto Com Stockholders": 14041000.0,
        "Average Dilution Earnings": 1505000.0,
        "Net Income Common Stockholders": 12536000.0,
        "Net Income": 12536000.0,
        "Net Income Including Noncontrolling Interests": 12536000.0,
        "Net Income Continuous Operations": 12536000.0,
        "Tax Provision": 4733000.0,
        "Pretax Income": 17269000.0,
        "Other Income Expense": 2914000.0,
        "Special Income Charges": 2914000.0,
        "Other Special Charges": 0.0,
        "Restructuring And Mergern Acquisition": NaN,
        "Net Non Operating Interest Income Expense": -20842000.0,
        "Interest Expense Non Operating": 22654000.0,
        "Interest Income Non Operating": 1812000.0,
        "Operating Income": 35197000.0,
        "Operating Expense": 63091000.0,
        "Research And Development": NaN,
        "Selling General And Administration": 63091000.0,
        "Gross Profit": 98288000.0,
        "Cost Of Revenue": 83661000.0,
        "Total Revenue": 181949000.0,
        "Operating Revenue": 181949000.0
    },
    "2025-03-31": {
        "Tax Effect Of Unusual Items": 177636.0,
        "Tax Rate For Calcs": 0.226,
        "Normalized EBITDA": 79690000.0,
        "Total Unusual Items": 786000.0,
        "Total Unusual Items Excluding Goodwill": 786000.0,
        "Net Income From Continuing Operation Net Minority Interest": 2417000.0,
        "Reconciled Depreciation": 56564000.0,
        "Reconciled Cost Of Revenue": 80433000.0,
        "EBITDA": 80476000.0,
        "EBIT": 23912000.0,
        "Net Interest Income": -18565000.0,
        "Interest Expense": 20790000.0,
        "Interest Income": 2225000.0,
        "Normalized Income": 1808636.0,
        "Net Income From Continuing And Discontinued Operation": 2417000.0,
        "Total Expenses": 156856000.0,
        "Total Operating Income As Reported": 21687000.0,
        "Diluted Average Shares": 32840153.0,
        "Basic Average Shares": 31793739.0,
        "Diluted EPS": 0.07,
        "Basic EPS": 0.08,
        "Diluted NI Availto Com Stockholders": 2417000.0,
        "Average Dilution Earnings": 0.0,
        "Net Income Common Stockholders": 2417000.0,
        "Net Income": 2417000.0,
        "Net Income Including Noncontrolling Interests": 2417000.0,
        "Net Income Continuous Operations": 2417000.0,
        "Tax Provision": 705000.0,
        "Pretax Income": 3122000.0,
        "Other Income Expense": 786000.0,
        "Special Income Charges": 786000.0,
        "Other Special Charges": NaN,
        "Restructuring And Mergern Acquisition": -786000.0,
        "Net Non Operating Interest Income Expense": -18565000.0,
        "Interest Expense Non Operating": 20790000.0,
        "Interest Income Non Operating": 2225000.0,
        "Operating Income": 20901000.0,
        "Operating Expense": 76423000.0,
        "Research And Development": NaN,
        "Selling General And Administration": 76423000.0,
        "Gross Profit": 97324000.0,
        "Cost Of Revenue": 80433000.0,
        "Total Revenue": 177757000.0,
        "Operating Revenue": 177757000.0
    },
    "2025-06-30": {
        "Tax Effect Of Unusual Items": 106022.67254,
        "Tax Rate For Calcs": 0.296153,
        "Normalized EBITDA": 93738000.0,
        "Total Unusual Items": 358000.0,
        "Total Unusual Items Excluding Goodwill": 358000.0,
        "Net Income From Continuing Operation Net Minority Interest": 11983000.0,
        "Reconciled Depreciation": 56608000.0,
        "Reconciled Cost Of Revenue": 79616000.0,
        "EBITDA": 94096000.0,
        "EBIT": 37488000.0,
        "Net Interest Income": -18080000.0,
        "Interest Expense": 20463000.0,
        "Interest Income": 2383000.0,
        "Normalized Income": 11731022.67254,
        "Net Income From Continuing And Discontinued Operation": 11983000.0,
        "Total Expenses": 153253000.0,
        "Total Operating Income As Reported": 35105000.0,
        "Diluted Average Shares": 39075703.0,
        "Basic Average Shares": 31810612.0,
        "Diluted EPS": 0.34,
        "Basic EPS": 0.38,
        "Diluted NI Availto Com Stockholders": 13465000.0,
        "Average Dilution Earnings": 1482000.0,
        "Net Income Common Stockholders": 11983000.0,
        "Net Income": 11983000.0,
        "Net Income Including Noncontrolling Interests": 11983000.0,
        "Net Income Continuous Operations": 11983000.0,
        "Tax Provision": 5042000.0,
        "Pretax Income": 17025000.0,
        "Other Income Expense": 358000.0,
        "Special Income Charges": 358000.0,
        "Other Special Charges": NaN,
        "Restructuring And Mergern Acquisition": -358000.0,
        "Net Non Operating Interest Income Expense": -18080000.0,
        "Interest Expense Non Operating": 20463000.0,
        "Interest Income Non Operating": 2383000.0,
        "Operating Income": 34747000.0,
        "Operating Expense": 73637000.0,
        "Research And Development": NaN,
        "Selling General And Administration": 73637000.0,
        "Gross Profit": 108384000.0,
        "Cost Of Revenue": 79616000.0,
        "Total Revenue": 188000000.0,
        "Operating Revenue": 188000000.0
    }
}