{
    "2023-03-31": {
        "Tax Effect Of Unusual Items": 0.0,
        "Tax Rate For Calcs": 0.237,
        "Normalized EBITDA": 70261000.0,
        "Net Income From Continuing Operation Net Minority Interest": 46202000.0,
        "Reconciled Depreciation": 13834000.0,
        "Reconciled Cost Of Revenue": 421093000.0,
        "EBITDA": 70261000.0,
        "EBIT": 56427000.0,
        "Net Interest Income": 3283000.0,
        "Interest Income": 3283000.0,
        "Normalized Income": 46202000.0,
        "Net Income From Continuing And Discontinued Operation": 46202000.0,
        "Total Expenses": 764166000.0,
        "Total Operating Income As Reported": 56427000.0,
        "Diluted Average Shares": 62417000.0,
        "Basic Average Shares": 62133000.0,
        "Diluted EPS": 0.74,
        "Basic EPS": 0.74,
        "Diluted NI Availto Com Stockholders": 46202000.0,
        "Net Income Common Stockholders": 46202000.0,
        "Net Income": 46202000.0,
        "Net Income Including Noncontrolling Interests": 46202000.0,
        "Net Income Continuous Operations": 46202000.0,
        "Tax Provision": 14358000.0,
        "Pretax Income": 60560000.0,
        "Other Income Expense": 850000.0,
        "Other Non Operating Income Expenses": 850000.0,
        "Net Non Operating Interest Income Expense": 3283000.0,
        "Interest Income Non Operating": 3283000.0,
        "Operating Income": 56427000.0,
        "Operating Expense": 343073000.0,
        "Other Operating Expenses": -4325000.0,
        "Selling General And Administration": 347398000.0,
        "Gross Profit": 399500000.0,
        "Cost Of Revenue": 421093000.0,
        "Total Revenue": 820593000.0,
        "Operating Revenue": 820593000.0
    },
    "2022-12-31": {
        "Tax Effect Of Unusual Items": 0.0,
        "Tax Rate For Calcs": 0.213016,
        "Normalized EBITDA": 221834000.0,
        "Net Income From Continuing Operation Net Minority Interest": 125690000.0,
        "Reconciled Depreciation": 30830000.0,
        "Reconciled Cost Of Revenue": 579544000.0,
        "EBITDA": 221834000.0,
        "EBIT": 191004000.0,
        "Net Interest Income": 1054000.0,
        "Interest Income": 1054000.0,
        "Normalized Income": 125690000.0,
        "Net Income From Continuing And Discontinued Operation": 125690000.0,
        "Total Expenses": 978516000.0,
        "Total Operating Income As Reported": 155404000.0,
        "Diluted Average Shares": 62311000.0,
        "Basic Average Shares": 62123000.0,
        "Diluted EPS": 2.02,
        "Basic EPS": 2.02,
        "Diluted NI Availto Com Stockholders": 125690000.0,
        "Net Income Common Stockholders": 125690000.0,
        "Net Income": 125690000.0,
        "Net Income Including Noncontrolling Interests": 125690000.0,
        "Net Income Continuous Operations": 125690000.0,
        "Tax Provision": 34021000.0,
        "Pretax Income": 159711000.0,
        "Other Income Expense": -32347000.0,
        "Other Non Operating Income Expenses": 3253000.0,
        "Net Non Operating Interest Income Expense": 1054000.0,
        "Interest Income Non Operating": 1054000.0,
        "Operating Income": 191004000.0,
        "Operating Expense": 398972000.0,
        "Other Operating Expenses": -6121000.0,
        "Selling General And Administration": 405093000.0,
        "Gross Profit": 589976000.0,
        "Cost Of Revenue": 579544000.0,
        "Total Revenue": 1169520000.0,
        "Operating Revenue": 1169520000.0
    },
    "2022-09-30": {
        "Tax Effect Of Unusual Items": 0.0,
        "Tax Rate For Calcs": 0.233,
        "Normalized EBITDA": 173293000.0,
        "Total Unusual Items": NaN,
        "Total Unusual Items Excluding Goodwill": NaN,
        "Net Income From Continuing Operation Net Minority Interest": 111750000.0,
        "Reconciled Depreciation": 28032000.0,
        "Reconciled Cost Of Revenue": 496564000.0,
        "EBITDA": 173293000.0,
        "EBIT": 145261000.0,
        "Net Interest Income": 765000.0,
        "Interest Income": 765000.0,
        "Normalized Income": 111750000.0,
        "Net Income From Continuing And Discontinued Operation": 111750000.0,
        "Total Expenses": 809798000.0,
        "Total Operating Income As Reported": 145261000.0,
        "Diluted Average Shares": 62210000.0,
        "Basic Average Shares": 62098000.0,
        "Diluted EPS": 1.8,
        "Basic EPS": 1.8,
        "Diluted NI Availto Com Stockholders": 111750000.0,
        "Net Income Common Stockholders": 111750000.0,
        "Net Income": 111750000.0,
        "Net Income Including Noncontrolling Interests": 111750000.0,
        "Net Income Continuous Operations": 111750000.0,
        "Tax Provision": 34007000.0,
        "Pretax Income": 145757000.0,
        "Other Income Expense": -269000.0,
        "Other Non Operating Income Expenses": -269000.0,
        "Special Income Charges": NaN,
        "Impairment Of Capital Assets": NaN,
        "Net Non Operating Interest Income Expense": 765000.0,
        "Interest Income Non Operating": 765000.0,
        "Operating Income": 145261000.0,
        "Operating Expense": 313234000.0,
        "Other Operating Expenses": -5723000.0,
        "Selling General And Administration": 318957000.0,
        "Gross Profit": 458495000.0,
        "Cost Of Revenue": 496564000.0,
        "Total Revenue": 955059000.0,
        "Operating Revenue": 955059000.0
    },
    "2022-06-30": {
        "Tax Effect Of Unusual Items": 0.0,
        "Tax Rate For Calcs": 0.086,
        "Normalized EBITDA": 36733000.0,
        "Total Unusual Items": NaN,
        "Total Unusual Items Excluding Goodwill": NaN,
        "Net Income From Continuing Operation Net Minority Interest": 7163000.0,
        "Reconciled Depreciation": 27960000.0,
        "Reconciled Cost Of Revenue": 293903000.0,
        "EBITDA": 36733000.0,
        "EBIT": 8773000.0,
        "Net Interest Income": 499000.0,
        "Interest Income": 499000.0,
        "Normalized Income": 7163000.0,
        "Net Income From Continuing And Discontinued Operation": 7163000.0,
        "Total Expenses": 569290000.0,
        "Total Operating Income As Reported": 8773000.0,
        "Diluted Average Shares": 62695000.0,
        "Basic Average Shares": 62554000.0,
        "Diluted EPS": 0.11,
        "Basic EPS": 0.11,
        "Diluted NI Availto Com Stockholders": 7163000.0,
        "Net Income Common Stockholders": 7163000.0,
        "Net Income": 7163000.0,
        "Net Income Including Noncontrolling Interests": 7163000.0,
        "Net Income Continuous Operations": 7163000.0,
        "Tax Provision": 674000.0,
        "Pretax Income": 7837000.0,
        "Other Income Expense": -1435000.0,
        "Other Non Operating Income Expenses": -1435000.0,
        "Special Income Charges": NaN,
        "Impairment Of Capital Assets": NaN,
        "Net Non Operating Interest Income Expense": 499000.0,
        "Interest Income Non Operating": 499000.0,
        "Operating Income": 8773000.0,
        "Operating Expense": 275387000.0,
        "Other Operating Expenses": -5871000.0,
        "Selling General And Administration": 281258000.0,
        "Gross Profit": 284160000.0,
        "Cost Of Revenue": 293903000.0,
        "Total Revenue": 578063000.0,
        "Operating Revenue": 578063000.0
    },
    "2023-06-30": {
        "Tax Effect Of Unusual Items": 0.0,
        "Tax Rate For Calcs": 0.126,
        "Normalized EBITDA": 53935000.0,
        "Net Income From Continuing Operation Net Minority Interest": 8350000.0,
        "Reconciled Depreciation": 47706000.0,
        "Reconciled Cost Of Revenue": 306888000.0,
        "EBITDA": 53935000.0,
        "EBIT": 6229000.0,
        "Net Interest Income": 3506000.0,
        "Interest Income": 3506000.0,
        "Normalized Income": 8350000.0,
        "Net Income From Continuing And Discontinued Operation": 8350000.0,
        "Total Expenses": 614704000.0,
        "Total Operating Income As Reported": 6229000.0,
        "Diluted Average Shares": 61781000.0,
        "Basic Average Shares": 61655000.0,
        "Diluted EPS": 0.14,
        "Basic EPS": 0.14,
        "Diluted NI Availto Com Stockholders": 8350000.0,
        "Net Income Common Stockholders": 8350000.0,
        "Net Income": 8350000.0,
        "Net Income Including Noncontrolling Interests": 8350000.0,
        "Net Income Continuous Operations": 8350000.0,
        "Tax Provision": 1200000.0,
        "Pretax Income": 9550000.0,
        "Other Income Expense": -185000.0,
        "Other Non Operating Income Expenses": -185000.0,
        "Net Non Operating Interest Income Expense": 3506000.0,
        "Interest Income Non Operating": 3506000.0,
        "Operating Income": 6229000.0,
        "Operating Expense": 307816000.0,
        "Other Operating Expenses": -4713000.0,
        "Selling General And Administration": 312529000.0,
        "Gross Profit": 314045000.0,
        "Cost Of Revenue": 306888000.0,
        "Total Revenue": 620933000.0,
        "Operating Revenue": 620933000.0
    },
    "2022-03-31": {
        "Diluted EPS": 1.03,
        "Total Revenue": 762,
        "Gross Profit": 378,
        "Operating Income": 84,
        "EBIT": 114,
        "Net Income": 67
    },
    "2021-12-31": {
        "Diluted EPS": 2.36,
        "Total Revenue": NaN,
        "Gross Profit": 590,
        "Operating Income": 212,
        "EBIT": 243,
        "Net Income": 157
    },
    "2021-09-30": {
        "Diluted EPS": 1.52,
        "Total Revenue": 805,
        "Gross Profit": 408,
        "Operating Income": 133,
        "EBIT": 157,
        "Net Income": 101
    },
    "2021-06-30": {
        "Diluted EPS": 0.61,
        "Total Revenue": 566,
        "Gross Profit": 293,
        "Operating Income": 35,
        "EBIT": 65,
        "Net Income": 41
    },
    "2021-03-31": {
        "Diluted EPS": 0.84,
        "Total Revenue": 626,
        "Gross Profit": 321,
        "Operating Income": 70,
        "EBIT": 101,
        "Net Income": 56
    },
    "2020-12-31": {
        "Diluted EPS": 1.45,
        "Total Revenue": 916,
        "Gross Profit": 463,
        "Operating Income": 124,
        "EBIT": 168,
        "Net Income": 96
    },
    "2020-09-30": {
        "Diluted EPS": 0.94,
        "Total Revenue": 701,
        "Gross Profit": 343,
        "Operating Income": 86,
        "EBIT": 122,
        "Net Income": 63
    },
    "2020-06-30": {
        "Diluted EPS": -0.77,
        "Total Revenue": 317,
        "Gross Profit": 146,
        "Operating Income": -70,
        "EBIT": -37,
        "Net Income": -51
    },
    "2020-03-31": {
        "Diluted EPS": 0.0,
        "Total Revenue": 568,
        "Gross Profit": 272,
        "Operating Income": -2,
        "EBIT": 31,
        "Net Income": 0
    },
    "2019-12-31": {
        "Diluted EPS": 1.67,
        "Total Revenue": 955,
        "Gross Profit": 479,
        "Operating Income": 139,
        "EBIT": 172,
        "Net Income": 114
    },
    "2019-09-30": {
        "Diluted EPS": 1.75,
        "Total Revenue": 907,
        "Gross Profit": 447,
        "Operating Income": 152,
        "EBIT": 183,
        "Net Income": 119
    },
    "2019-06-30": {
        "Diluted EPS": 0.34,
        "Total Revenue": 526,
        "Gross Profit": 254,
        "Operating Income": 16,
        "EBIT": 45,
        "Net Income": 23
    },
    "2019-03-31": {
        "Diluted EPS": 1.07,
        "Total Revenue": 655,
        "Gross Profit": 337,
        "Operating Income": 88,
        "EBIT": 117,
        "Net Income": 74
    },
    "2018-12-31": {
        "Diluted EPS": 1.61,
        "Total Revenue": 918,
        "Gross Profit": 475,
        "Operating Income": 153,
        "EBIT": 167,
        "Net Income": 113
    },
    "2018-09-30": {
        "Diluted EPS": 1.42,
        "Total Revenue": 796,
        "Gross Profit": 384,
        "Operating Income": 129,
        "EBIT": 144,
        "Net Income": 100
    },
    "2018-06-30": {
        "Diluted EPS": 0.14,
        "Total Revenue": 482,
        "Gross Profit": 229,
        "Operating Income": 10,
        "EBIT": 24,
        "Net Income": 10
    },
    "2018-03-31": {
        "Diluted EPS": 0.64,
        "Total Revenue": 607,
        "Gross Profit": 299,
        "Operating Income": 59,
        "EBIT": 74,
        "Net Income": 45
    },
    "2017-12-31": {
        "Diluted EPS": -0.1,
        "Total Revenue": 776,
        "Gross Profit": 371,
        "Operating Income": 109,
        "EBIT": 125,
        "Net Income": -7
    },
    "2017-09-30": {
        "Diluted EPS": 1.25,
        "Total Revenue": 747,
        "Gross Profit": 349,
        "Operating Income": 123,
        "EBIT": 138,
        "Net Income": 88
    },
    "2017-06-30": {
        "Diluted EPS": -0.17,
        "Total Revenue": 399,
        "Gross Profit": 181,
        "Operating Income": -17,
        "EBIT": -2,
        "Net Income": -12
    },
    "2017-03-31": {
        "Diluted EPS": 0.51,
        "Total Revenue": 544,
        "Gross Profit": 258,
        "Operating Income": 48,
        "EBIT": 63,
        "Net Income": 36
    },
    "2016-12-31": {
        "Diluted EPS": 1.21,
        "Total Revenue": 717,
        "Gross Profit": 338,
        "Operating Income": 100,
        "EBIT": 116,
        "Net Income": 85
    },
    "2016-09-30": {
        "Diluted EPS": 1.18,
        "Total Revenue": 746,
        "Gross Profit": 346,
        "Operating Income": 124,
        "EBIT": 139,
        "Net Income": 84
    },
    "2016-06-30": {
        "Diluted EPS": -0.12,
        "Total Revenue": 389,
        "Gross Profit": 180,
        "Operating Income": -12,
        "EBIT": 3,
        "Net Income": -8
    },
    "2016-03-31": {
        "Diluted EPS": 0.45,
        "Total Revenue": 525,
        "Gross Profit": 247,
        "Operating Income": 44,
        "EBIT": 59,
        "Net Income": 32
    },
    "2015-12-31": {
        "Diluted EPS": 0.89,
        "Total Revenue": 699,
        "Gross Profit": 317,
        "Operating Income": 82,
        "EBIT": 97,
        "Net Income": 63
    },
    "2015-09-30": {
        "Diluted EPS": 1.28,
        "Total Revenue": 768,
        "Gross Profit": 356,
        "Operating Income": 132,
        "EBIT": 146,
        "Net Income": 91
    },
    "2015-06-30": {
        "Diluted EPS": -0.09,
        "Total Revenue": 380,
        "Gross Profit": 171,
        "Operating Income": -9,
        "EBIT": 5,
        "Net Income": -7
    },
    "2015-03-31": {
        "Diluted EPS": 0.37,
        "Total Revenue": 479,
        "Gross Profit": 229,
        "Operating Income": 44,
        "EBIT": 58,
        "Net Income": 26
    },
    "2014-12-31": {
        "Diluted EPS": 0.78,
        "Total Revenue": 677,
        "Gross Profit": 307,
        "Operating Income": 82,
        "EBIT": 97,
        "Net Income": 56
    },
    "2014-09-30": {
        "Diluted EPS": 0.93,
        "Total Revenue": 675,
        "Gross Profit": 307,
        "Operating Income": 98,
        "EBIT": 114,
        "Net Income": 66
    },
    "2014-06-30": {
        "Diluted EPS": -0.09,
        "Total Revenue": 324,
        "Gross Profit": 144,
        "Operating Income": -17,
        "EBIT": -4,
        "Net Income": -6
    },
    "2014-03-31": {
        "Diluted EPS": 0.32,
        "Total Revenue": 424,
        "Gross Profit": 197,
        "Operating Income": 35,
        "EBIT": 46,
        "Net Income": 22
    },
    "2013-12-31": {
        "Diluted EPS": 0.53,
        "Total Revenue": 533,
        "Gross Profit": 238,
        "Operating Income": 52,
        "EBIT": 63,
        "Net Income": 37
    },
    "2013-09-30": {
        "Diluted EPS": 0.79,
        "Total Revenue": 523,
        "Gross Profit": 232,
        "Operating Income": 77,
        "EBIT": 87,
        "Net Income": 55
    },
    "2013-06-30": {
        "Diluted EPS": -0.11,
        "Total Revenue": 280,
        "Gross Profit": 120,
        "Operating Income": -10,
        "EBIT": 0,
        "Net Income": -7
    },
    "2013-03-31": {
        "Diluted EPS": 0.15,
        "Total Revenue": 348,
        "Gross Profit": 153,
        "Operating Income": 13,
        "EBIT": 23,
        "Net Income": 10
    },
    "2012-12-31": {
        "Diluted EPS": 0.58,
        "Total Revenue": 501,
        "Gross Profit": 207,
        "Operating Income": 51,
        "EBIT": 61,
        "Net Income": 39
    },
    "2012-09-30": {
        "Diluted EPS": 0.94,
        "Total Revenue": 545,
        "Gross Profit": 244,
        "Operating Income": 88,
        "EBIT": 98,
        "Net Income": 64
    },
    "2012-06-30": {
        "Diluted EPS": -0.12,
        "Total Revenue": 290,
        "Gross Profit": 118,
        "Operating Income": -11,
        "EBIT": -1,
        "Net Income": -8
    },
    "2012-03-31": {
        "Diluted EPS": 0.06,
        "Total Revenue": 333,
        "Gross Profit": 148,
        "Operating Income": 5,
        "EBIT": 16,
        "Net Income": 4
    },
    "2011-12-31": {
        "Diluted EPS": 0.54,
        "Total Revenue": 526,
        "Gross Profit": 224,
        "Operating Income": 51,
        "EBIT": 62,
        "Net Income": 37
    },
    "2011-09-30": {
        "Diluted EPS": 0.99,
        "Total Revenue": 567,
        "Gross Profit": 250,
        "Operating Income": 87,
        "EBIT": 98,
        "Net Income": 68
    },
    "2011-06-30": {
        "Diluted EPS": -0.2,
        "Total Revenue": 268,
        "Gross Profit": 112,
        "Operating Income": -19,
        "EBIT": -8,
        "Net Income": -14
    },
    "2011-03-31": {
        "Diluted EPS": 0.19,
        "Total Revenue": 333,
        "Gross Profit": 150,
        "Operating Income": 18,
        "EBIT": 28,
        "Net Income": 13
    },
    "2010-12-31": {
        "Diluted EPS": 0.39,
        "Total Revenue": 457,
        "Gross Profit": 191,
        "Operating Income": 37,
        "EBIT": 48,
        "Net Income": 26
    },
    "2010-09-30": {
        "Diluted EPS": 0.77,
        "Total Revenue": 504,
        "Gross Profit": 214,
        "Operating Income": 69,
        "EBIT": 78,
        "Net Income": 52
    },
    "2010-06-30": {
        "Diluted EPS": -0.16,
        "Total Revenue": 222,
        "Gross Profit": 97,
        "Operating Income": -15,
        "EBIT": -5,
        "Net Income": -11
    },
    "2010-03-31": {
        "Diluted EPS": 0.14,
        "Total Revenue": 300,
        "Gross Profit": 127,
        "Operating Income": 12,
        "EBIT": 22,
        "Net Income": 9
    },
    "2009-12-31": {
        "Diluted EPS": 0.34,
        "Total Revenue": 358,
        "Gross Profit": 151,
        "Operating Income": 28,
        "EBIT": 38,
        "Net Income": 23
    },
    "2009-09-30": {
        "Diluted EPS": 0.69,
        "Total Revenue": 434,
        "Gross Profit": 189,
        "Operating Income": 66,
        "EBIT": 75,
        "Net Income": 47
    },
    "2009-06-30": {
        "Diluted EPS": -0.15,
        "Total Revenue": 179,
        "Gross Profit": 74,
        "Operating Income": -16,
        "EBIT": -7,
        "Net Income": -10
    },
    "2009-03-31": {
        "Diluted EPS": 0.1,
        "Total Revenue": 272,
        "Gross Profit": 110,
        "Operating Income": 10,
        "EBIT": 19,
        "Net Income": 7
    },
    "2023-09-30": {
        "Tax Effect Of Unusual Items": NaN,
        "Tax Rate For Calcs": NaN,
        "Normalized EBITDA": NaN,
        "Net Income From Continuing Operation Net Minority Interest": NaN,
        "Reconciled Depreciation": NaN,
        "Reconciled Cost Of Revenue": NaN,
        "EBITDA": NaN,
        "EBIT": NaN,
        "Net Interest Income": NaN,
        "Interest Income": NaN,
        "Normalized Income": NaN,
        "Net Income From Continuing And Discontinued Operation": NaN,
        "Total Expenses": NaN,
        "Total Operating Income As Reported": NaN,
        "Diluted Average Shares": 60932000.0,
        "Basic Average Shares": 60844000.0,
        "Diluted EPS": 1.7,
        "Basic EPS": 1.7,
        "Diluted NI Availto Com Stockholders": NaN,
        "Net Income Common Stockholders": NaN,
        "Net Income": NaN,
        "Net Income Including Noncontrolling Interests": NaN,
        "Net Income Continuous Operations": NaN,
        "Tax Provision": NaN,
        "Pretax Income": NaN,
        "Other Income Expense": NaN,
        "Other Non Operating Income Expenses": NaN,
        "Net Non Operating Interest Income Expense": NaN,
        "Interest Income Non Operating": NaN,
        "Operating Income": NaN,
        "Operating Expense": NaN,
        "Other Operating Expenses": NaN,
        "Selling General And Administration": NaN,
        "Gross Profit": NaN,
        "Cost Of Revenue": NaN,
        "Total Revenue": NaN,
        "Operating Revenue": NaN
    },
    "2023-12-31": {
        "Tax Effect Of Unusual Items": 0.0,
        "Tax Rate For Calcs": 0.221966,
        "Normalized EBITDA": 171761000.0,
        "Net Income From Continuing Operation Net Minority Interest": 93340000.0,
        "Reconciled Depreciation": 33687000.0,
        "Reconciled Cost Of Revenue": 523804000.0,
        "EBITDA": 171761000.0,
        "EBIT": 138074000.0,
        "Net Interest Income": 5028000.0,
        "Interest Income": 5028000.0,
        "Normalized Income": 93340000.0,
        "Net Income From Continuing And Discontinued Operation": 93340000.0,
        "Total Expenses": 921920000.0,
        "Total Operating Income As Reported": 113074000.0,
        "Diluted Average Shares": 60345000.0,
        "Basic Average Shares": 60214000.0,
        "Diluted EPS": 1.55,
        "Basic EPS": 1.55,
        "Diluted NI Availto Com Stockholders": 93340000.0,
        "Net Income Common Stockholders": 93340000.0,
        "Net Income": 93340000.0,
        "Net Income Including Noncontrolling Interests": 93340000.0,
        "Net Income Continuous Operations": 93340000.0,
        "Tax Provision": 26629000.0,
        "Pretax Income": 119969000.0,
        "Other Income Expense": -23133000.0,
        "Other Non Operating Income Expenses": 1867000.0,
        "Net Non Operating Interest Income Expense": 5028000.0,
        "Interest Income Non Operating": 5028000.0,
        "Operating Income": 138074000.0,
        "Operating Expense": 398116000.0,
        "Other Operating Expenses": -6707000.0,
        "Selling General And Administration": 404823000.0,
        "Gross Profit": 536190000.0,
        "Cost Of Revenue": 523804000.0,
        "Total Revenue": 1059994000.0,
        "Operating Revenue": 1059994000.0
    },
    "2024-03-31": {
        "Tax Effect Of Unusual Items": 0.0,
        "Tax Rate For Calcs": 0.218822,
        "Normalized EBITDA": 59751000.0,
        "Net Income From Continuing Operation Net Minority Interest": 42300000.0,
        "Reconciled Depreciation": 15070000.0,
        "Reconciled Cost Of Revenue": 380423000.0,
        "EBITDA": 59751000.0,
        "EBIT": 44681000.0,
        "Net Interest Income": 9197000.0,
        "Interest Income": 9197000.0,
        "Normalized Income": 42300000.0,
        "Net Income From Continuing And Discontinued Operation": 42300000.0,
        "Total Expenses": 725301000.0,
        "Total Operating Income As Reported": 44681000.0,
        "Diluted Average Shares": 59998000.0,
        "Basic Average Shares": 59823000.0,
        "Diluted EPS": 0.71,
        "Basic EPS": 0.71,
        "Diluted NI Availto Com Stockholders": 42300000.0,
        "Net Income Common Stockholders": 42300000.0,
        "Net Income": 42300000.0,
        "Net Income Including Noncontrolling Interests": 42300000.0,
        "Net Income Continuous Operations": 42300000.0,
        "Tax Provision": 11849000.0,
        "Pretax Income": 54149000.0,
        "Other Income Expense": 271000.0,
        "Other Non Operating Income Expenses": 271000.0,
        "Net Non Operating Interest Income Expense": 9197000.0,
        "Interest Income Non Operating": 9197000.0,
        "Operating Income": 44681000.0,
        "Operating Expense": 344878000.0,
        "Other Operating Expenses": -4392000.0,
        "Selling General And Administration": 349270000.0,
        "Gross Profit": 389559000.0,
        "Cost Of Revenue": 380423000.0,
        "Total Revenue": 769982000.0,
        "Operating Revenue": 769982000.0
    },
    "2024-06-30": {
        "Tax Effect Of Unusual Items": 0.0,
        "Tax Rate For Calcs": 0.216326,
        "Normalized EBITDA": -9730000.0,
        "Net Income From Continuing Operation Net Minority Interest": -11741000.0,
        "Reconciled Depreciation": 14072000.0,
        "Reconciled Cost Of Revenue": 296825000.0,
        "EBITDA": -9730000.0,
        "EBIT": -23802000.0,
        "Net Interest Income": 8344000.0,
        "Interest Income": 8344000.0,
        "Normalized Income": -11741000.0,
        "Net Income From Continuing And Discontinued Operation": -11741000.0,
        "Total Expenses": 594046000.0,
        "Total Operating Income As Reported": -23802000.0,
        "Diluted Average Shares": 59093000.0,
        "Basic Average Shares": 59093000.0,
        "Diluted EPS": -0.2,
        "Basic EPS": -0.2,
        "Diluted NI Availto Com Stockholders": -11741000.0,
        "Net Income Common Stockholders": -11741000.0,
        "Net Income": -11741000.0,
        "Net Income Including Noncontrolling Interests": -11741000.0,
        "Net Income Continuous Operations": -11741000.0,
        "Tax Provision": -3241000.0,
        "Pretax Income": -14982000.0,
        "Other Income Expense": 476000.0,
        "Other Non Operating Income Expenses": 476000.0,
        "Net Non Operating Interest Income Expense": 8344000.0,
        "Interest Income Non Operating": 8344000.0,
        "Operating Income": -23802000.0,
        "Operating Expense": 297221000.0,
        "Other Operating Expenses": -5528000.0,
        "Selling General And Administration": 302749000.0,
        "Gross Profit": 273419000.0,
        "Cost Of Revenue": 296825000.0,
        "Total Revenue": 570244000.0,
        "Operating Revenue": 570244000.0
    },
    "2024-09-30": {
        "Tax Effect Of Unusual Items": 0.0,
        "Tax Rate For Calcs": 0.244,
        "Normalized EBITDA": 125586000.0,
        "Total Unusual Items": NaN,
        "Total Unusual Items Excluding Goodwill": NaN,
        "Net Income From Continuing Operation Net Minority Interest": 90157000.0,
        "Reconciled Depreciation": 13045000.0,
        "Reconciled Cost Of Revenue": 464209000.0,
        "EBITDA": 125586000.0,
        "EBIT": 112541000.0,
        "Net Interest Income": 5364000.0,
        "Interest Income": 5364000.0,
        "Normalized Income": 90157000.0,
        "Net Income From Continuing And Discontinued Operation": 90157000.0,
        "Total Expenses": 819227000.0,
        "Total Operating Income As Reported": 112541000.0,
        "Diluted Average Shares": 57936000.0,
        "Basic Average Shares": 57785000.0,
        "Diluted EPS": 1.56,
        "Basic EPS": 1.56,
        "Diluted NI Availto Com Stockholders": 90157000.0,
        "Net Income Common Stockholders": 90157000.0,
        "Net Income": 90157000.0,
        "Net Income Including Noncontrolling Interests": 90157000.0,
        "Net Income Continuous Operations": 90157000.0,
        "Tax Provision": 29031000.0,
        "Pretax Income": 119188000.0,
        "Other Income Expense": 1283000.0,
        "Other Non Operating Income Expenses": 1283000.0,
        "Special Income Charges": NaN,
        "Impairment Of Capital Assets": NaN,
        "Net Non Operating Interest Income Expense": 5364000.0,
        "Interest Income Non Operating": 5364000.0,
        "Operating Income": 112541000.0,
        "Operating Expense": 355018000.0,
        "Other Operating Expenses": -6225000.0,
        "Selling General And Administration": 361243000.0,
        "Gross Profit": 467559000.0,
        "Cost Of Revenue": 464209000.0,
        "Total Revenue": 931768000.0,
        "Operating Revenue": 931768000.0
    },
    "2024-12-31": {
        "Tax Effect Of Unusual Items": 0.0,
        "Tax Rate For Calcs": 0.26657,
        "Normalized EBITDA": 151078000.0,
        "Total Unusual Items": NaN,
        "Total Unusual Items Excluding Goodwill": NaN,
        "Net Income From Continuing Operation Net Minority Interest": 102557000.0,
        "Reconciled Depreciation": 13757000.0,
        "Reconciled Cost Of Revenue": 536040000.0,
        "EBITDA": 151078000.0,
        "EBIT": 137321000.0,
        "Net Interest Income": 4798000.0,
        "Interest Income": 4798000.0,
        "Normalized Income": 102557000.0,
        "Net Income From Continuing And Discontinued Operation": 102557000.0,
        "Total Expenses": 959267000.0,
        "Total Operating Income As Reported": 137321000.0,
        "Diluted Average Shares": 56890000.0,
        "Basic Average Shares": 56656000.0,
        "Diluted EPS": 1.8,
        "Basic EPS": 1.81,
        "Diluted NI Availto Com Stockholders": 102557000.0,
        "Net Income Common Stockholders": 102557000.0,
        "Net Income": 102557000.0,
        "Net Income Including Noncontrolling Interests": 102557000.0,
        "Net Income Continuous Operations": 102557000.0,
        "Tax Provision": 37275000.0,
        "Pretax Income": 139832000.0,
        "Other Income Expense": -2287000.0,
        "Other Non Operating Income Expenses": -2287000.0,
        "Special Income Charges": NaN,
        "Impairment Of Capital Assets": NaN,
        "Net Non Operating Interest Income Expense": 4798000.0,
        "Interest Income Non Operating": 4798000.0,
        "Operating Income": 137321000.0,
        "Operating Expense": 423227000.0,
        "Other Operating Expenses": -7417000.0,
        "Selling General And Administration": 430644000.0,
        "Gross Profit": 560548000.0,
        "Cost Of Revenue": 536040000.0,
        "Total Revenue": 1096588000.0,
        "Operating Revenue": 1096588000.0
    },
    "2025-03-31": {
        "Tax Effect Of Unusual Items": 0.0,
        "Tax Rate For Calcs": 0.23,
        "Normalized EBITDA": 59973000.0,
        "Total Unusual Items": NaN,
        "Total Unusual Items Excluding Goodwill": NaN,
        "Net Income From Continuing Operation Net Minority Interest": 42248000.0,
        "Reconciled Depreciation": 13465000.0,
        "Reconciled Cost Of Revenue": 382395000.0,
        "EBITDA": 59973000.0,
        "EBIT": 46508000.0,
        "Net Interest Income": 6817000.0,
        "Interest Income": 6817000.0,
        "Normalized Income": 42248000.0,
        "Net Income From Continuing And Discontinued Operation": 42248000.0,
        "Total Expenses": 731944000.0,
        "Total Operating Income As Reported": 46508000.0,
        "Diluted Average Shares": 55983000.0,
        "Basic Average Shares": 55734000.0,
        "Diluted EPS": 0.75,
        "Basic EPS": 0.76,
        "Diluted NI Availto Com Stockholders": 42248000.0,
        "Net Income Common Stockholders": 42248000.0,
        "Net Income": 42248000.0,
        "Net Income Including Noncontrolling Interests": 42248000.0,
        "Net Income Continuous Operations": 42248000.0,
        "Tax Provision": 12628000.0,
        "Pretax Income": 54876000.0,
        "Other Income Expense": 1551000.0,
        "Other Non Operating Income Expenses": 1551000.0,
        "Special Income Charges": NaN,
        "Impairment Of Capital Assets": NaN,
        "Net Non Operating Interest Income Expense": 6817000.0,
        "Interest Income Non Operating": 6817000.0,
        "Operating Income": 46508000.0,
        "Operating Expense": 349549000.0,
        "Other Operating Expenses": -4922000.0,
        "Selling General And Administration": 354471000.0,
        "Gross Profit": 396057000.0,
        "Cost Of Revenue": 382395000.0,
        "Total Revenue": 778452000.0,
        "Operating Revenue": 778452000.0
    },
    "2025-06-30": {
        "Tax Effect Of Unusual Items": 0.0,
        "Tax Rate For Calcs": 0.385376,
        "Normalized EBITDA": -9125000.0,
        "Total Unusual Items": NaN,
        "Total Unusual Items Excluding Goodwill": NaN,
        "Net Income From Continuing Operation Net Minority Interest": -10196000.0,
        "Reconciled Depreciation": 14466000.0,
        "Reconciled Cost Of Revenue": 308138000.0,
        "EBITDA": -9125000.0,
        "EBIT": -23591000.0,
        "Net Interest Income": 4838000.0,
        "Interest Income": 4838000.0,
        "Normalized Income": -10196000.0,
        "Net Income From Continuing And Discontinued Operation": -10196000.0,
        "Total Expenses": 628837000.0,
        "Total Operating Income As Reported": -23591000.0,
        "Diluted Average Shares": 54777000.0,
        "Basic Average Shares": 54777000.0,
        "Diluted EPS": -0.19,
        "Basic EPS": -0.19,
        "Diluted NI Availto Com Stockholders": -10196000.0,
        "Net Income Common Stockholders": -10196000.0,
        "Net Income": -10196000.0,
        "Net Income Including Noncontrolling Interests": -10196000.0,
        "Net Income Continuous Operations": -10196000.0,
        "Tax Provision": -6393000.0,
        "Pretax Income": -16589000.0,
        "Other Income Expense": 2164000.0,
        "Other Non Operating Income Expenses": 2164000.0,
        "Special Income Charges": NaN,
        "Impairment Of Capital Assets": NaN,
        "Net Non Operating Interest Income Expense": 4838000.0,
        "Interest Income Non Operating": 4838000.0,
        "Operating Income": -23591000.0,
        "Operating Expense": 320699000.0,
        "Other Operating Expenses": -4929000.0,
        "Selling General And Administration": 325628000.0,
        "Gross Profit": 297108000.0,
        "Cost Of Revenue": 308138000.0,
        "Total Revenue": 605246000.0,
        "Operating Revenue": 605246000.0
    },
    "2025-09-30": {
        "Tax Effect Of Unusual Items": -7754930.410774,
        "Tax Rate For Calcs": 0.267411,
        "Normalized EBITDA": 139602000.0,
        "Total Unusual Items": -29000000.0,
        "Total Unusual Items Excluding Goodwill": -29000000.0,
        "Net Income From Continuing Operation Net Minority Interest": 52005000.0,
        "Reconciled Depreciation": 14216000.0,
        "Reconciled Cost Of Revenue": 471607000.0,
        "EBITDA": 110602000.0,
        "EBIT": 96386000.0,
        "Net Interest Income": 2870000.0,
        "Interest Income": 2870000.0,
        "Normalized Income": 73250069.589226,
        "Net Income From Continuing And Discontinued Operation": 52005000.0,
        "Total Expenses": 847039000.0,
        "Total Operating Income As Reported": 67386000.0,
        "Diluted Average Shares": 54558000.0,
        "Basic Average Shares": 54540000.0,
        "Diluted EPS": 0.95,
        "Basic EPS": 0.95,
        "Diluted NI Availto Com Stockholders": 52005000.0,
        "Net Income Common Stockholders": 52005000.0,
        "Net Income": 52005000.0,
        "Net Income Including Noncontrolling Interests": 52005000.0,
        "Net Income Continuous Operations": 52005000.0,
        "Tax Provision": 18983000.0,
        "Pretax Income": 70988000.0,
        "Other Income Expense": -28268000.0,
        "Other Non Operating Income Expenses": 732000.0,
        "Special Income Charges": -29000000.0,
        "Impairment Of Capital Assets": 29000000.0,
        "Net Non Operating Interest Income Expense": 2870000.0,
        "Interest Income Non Operating": 2870000.0,
        "Operating Income": 96386000.0,
        "Operating Expense": 375432000.0,
        "Other Operating Expenses": -5460000.0,
        "Selling General And Administration": 380892000.0,
        "Gross Profit": 471818000.0,
        "Cost Of Revenue": 471607000.0,
        "Total Revenue": 943425000.0,
        "Operating Revenue": 943425000.0
    }
}