{
    "2023-04-30": {
        "Tax Effect Of Unusual Items": 37122.0,
        "Tax Rate For Calcs": 0.046,
        "Normalized EBITDA": -9410000.0,
        "Total Unusual Items": 807000.0,
        "Total Unusual Items Excluding Goodwill": 807000.0,
        "Net Income From Continuing Operation Net Minority Interest": -35380000.0,
        "Reconciled Depreciation": 12100000.0,
        "Reconciled Cost Of Revenue": 147933000.0,
        "EBITDA": -8603000.0,
        "EBIT": -20703000.0,
        "Net Interest Income": -16379000.0,
        "Interest Expense": 16379000.0,
        "Normalized Income": -36149878.0,
        "Net Income From Continuing And Discontinued Operation": -35380000.0,
        "Total Expenses": 306080000.0,
        "Total Operating Income As Reported": -20703000.0,
        "Diluted Average Shares": 24134381.0,
        "Basic Average Shares": 24134381.0,
        "Diluted EPS": -1.47,
        "Basic EPS": -1.47,
        "Diluted NI Availto Com Stockholders": -35380000.0,
        "Net Income Common Stockholders": -35380000.0,
        "Net Income": -35380000.0,
        "Net Income Including Noncontrolling Interests": -35380000.0,
        "Net Income Continuous Operations": -35380000.0,
        "Tax Provision": -1702000.0,
        "Pretax Income": -37082000.0,
        "Other Income Expense": 807000.0,
        "Special Income Charges": 807000.0,
        "Gain On Sale Of Ppe": 3147000.0,
        "Gain On Sale Of Business": NaN,
        "Other Special Charges": NaN,
        "Restructuring And Mergern Acquisition": 2340000.0,
        "Net Non Operating Interest Income Expense": -16379000.0,
        "Interest Expense Non Operating": 16379000.0,
        "Operating Income": -21510000.0,
        "Operating Expense": 158147000.0,
        "Provision For Doubtful Accounts": 28909000.0,
        "Selling General And Administration": 129238000.0,
        "General And Administrative Expense": NaN,
        "Other Gand A": NaN,
        "Gross Profit": 136637000.0,
        "Cost Of Revenue": 147933000.0,
        "Total Revenue": 284570000.0,
        "Operating Revenue": 284176000.0
    },
    "2023-01-31": {
        "Tax Effect Of Unusual Items": -625644.810388,
        "Tax Rate For Calcs": 0.079822,
        "Normalized EBITDA": -13670000.0,
        "Total Unusual Items": -7838000.0,
        "Total Unusual Items Excluding Goodwill": -7838000.0,
        "Net Income From Continuing Operation Net Minority Interest": -42803000.0,
        "Reconciled Depreciation": 11924000.0,
        "Reconciled Cost Of Revenue": 179292000.0,
        "EBITDA": -21508000.0,
        "EBIT": -33432000.0,
        "Net Interest Income": -13084000.0,
        "Interest Expense": 13084000.0,
        "Normalized Income": -35590644.810388,
        "Net Income From Continuing And Discontinued Operation": -42803000.0,
        "Total Expenses": 360469000.0,
        "Total Operating Income As Reported": -33432000.0,
        "Diluted Average Shares": 23953620.0,
        "Basic Average Shares": 23953620.0,
        "Diluted EPS": -1.79,
        "Basic EPS": -1.79,
        "Diluted NI Availto Com Stockholders": -42803000.0,
        "Net Income Common Stockholders": -42803000.0,
        "Net Income": -42803000.0,
        "Net Income Including Noncontrolling Interests": -42803000.0,
        "Net Income Continuous Operations": -42803000.0,
        "Tax Provision": -3713000.0,
        "Pretax Income": -46516000.0,
        "Other Income Expense": -7838000.0,
        "Special Income Charges": -7838000.0,
        "Gain On Sale Of Ppe": NaN,
        "Gain On Sale Of Business": NaN,
        "Other Special Charges": 588000.0,
        "Restructuring And Mergern Acquisition": 0.0,
        "Net Non Operating Interest Income Expense": -13084000.0,
        "Interest Expense Non Operating": 13084000.0,
        "Operating Income": -25594000.0,
        "Operating Expense": 181177000.0,
        "Provision For Doubtful Accounts": 44134000.0,
        "Selling General And Administration": 137043000.0,
        "General And Administrative Expense": NaN,
        "Other Gand A": NaN,
        "Gross Profit": 155583000.0,
        "Cost Of Revenue": 179292000.0,
        "Total Revenue": 334875000.0,
        "Operating Revenue": 334571000.0
    },
    "2022-10-31": {
        "Tax Effect Of Unusual Items": NaN,
        "Tax Rate For Calcs": NaN,
        "Normalized EBITDA": NaN,
        "Total Unusual Items": NaN,
        "Total Unusual Items Excluding Goodwill": NaN,
        "Net Income From Continuing Operation Net Minority Interest": NaN,
        "Reconciled Depreciation": NaN,
        "Reconciled Cost Of Revenue": NaN,
        "EBITDA": NaN,
        "EBIT": NaN,
        "Net Interest Income": NaN,
        "Interest Expense": NaN,
        "Normalized Income": NaN,
        "Net Income From Continuing And Discontinued Operation": NaN,
        "Total Expenses": NaN,
        "Total Operating Income As Reported": NaN,
        "Diluted Average Shares": NaN,
        "Basic Average Shares": NaN,
        "Diluted EPS": NaN,
        "Basic EPS": NaN,
        "Diluted NI Availto Com Stockholders": NaN,
        "Net Income Common Stockholders": NaN,
        "Net Income": NaN,
        "Net Income Including Noncontrolling Interests": NaN,
        "Net Income Continuous Operations": NaN,
        "Tax Provision": NaN,
        "Pretax Income": NaN,
        "Other Income Expense": -8006000.0,
        "Special Income Charges": NaN,
        "Gain On Sale Of Ppe": 0.0,
        "Gain On Sale Of Business": 0.0,
        "Other Special Charges": NaN,
        "Restructuring And Mergern Acquisition": 8006000.0,
        "Net Non Operating Interest Income Expense": NaN,
        "Interest Expense Non Operating": NaN,
        "Operating Income": NaN,
        "Operating Expense": NaN,
        "Provision For Doubtful Accounts": NaN,
        "Selling General And Administration": NaN,
        "General And Administrative Expense": 126243000.0,
        "Other Gand A": 126243000.0,
        "Gross Profit": NaN,
        "Cost Of Revenue": NaN,
        "Total Revenue": NaN,
        "Operating Revenue": NaN
    },
    "2022-07-31": {
        "Tax Effect Of Unusual Items": 0.0,
        "Tax Rate For Calcs": 0.4,
        "Normalized EBITDA": 8030000.0,
        "Total Unusual Items": 0.0,
        "Total Unusual Items Excluding Goodwill": 0.0,
        "Net Income From Continuing Operation Net Minority Interest": 2129000.0,
        "Reconciled Depreciation": 11352000.0,
        "Reconciled Cost Of Revenue": 182718000.0,
        "EBITDA": 8030000.0,
        "EBIT": 8030000.0,
        "Net Interest Income": -6808000.0,
        "Interest Expense": 6808000.0,
        "Normalized Income": 2129000.0,
        "Net Income From Continuing And Discontinued Operation": 2129000.0,
        "Total Expenses": 340086000.0,
        "Total Operating Income As Reported": 8030000.0,
        "Diluted Average Shares": 23916269.0,
        "Basic Average Shares": 23833100.0,
        "Diluted EPS": 0.09,
        "Basic EPS": 0.09,
        "Diluted NI Availto Com Stockholders": 2129000.0,
        "Net Income Common Stockholders": 2129000.0,
        "Net Income": 2129000.0,
        "Net Income Including Noncontrolling Interests": 2129000.0,
        "Net Income Continuous Operations": 2129000.0,
        "Tax Provision": -907000.0,
        "Pretax Income": 1222000.0,
        "Other Income Expense": 1484000.0,
        "Other Non Operating Income Expenses": 1484000.0,
        "Special Income Charges": 0.0,
        "Gain On Sale Of Ppe": NaN,
        "Gain On Sale Of Business": NaN,
        "Other Special Charges": -1484000.0,
        "Restructuring And Mergern Acquisition": NaN,
        "Net Non Operating Interest Income Expense": -6808000.0,
        "Interest Expense Non Operating": 6808000.0,
        "Operating Income": 6546000.0,
        "Operating Expense": 157368000.0,
        "Provision For Doubtful Accounts": 27226000.0,
        "Selling General And Administration": 130142000.0,
        "General And Administrative Expense": NaN,
        "Other Gand A": NaN,
        "Gross Profit": 163914000.0,
        "Cost Of Revenue": 182718000.0,
        "Total Revenue": 346632000.0,
        "Operating Revenue": 279512000.0
    },
    "2022-04-30": {
        "Diluted EPS": 0.25,
        "Total Revenue": 340,
        "Gross Profit": 161,
        "Operating Income": 14,
        "EBIT": 36,
        "Net Income": 6
    },
    "2022-01-31": {
        "Diluted EPS": 0.27,
        "Total Revenue": 402,
        "Gross Profit": 189,
        "Operating Income": 15,
        "EBIT": 37,
        "Net Income": 8
    },
    "2021-10-31": {
        "Diluted EPS": 0.6,
        "Total Revenue": 405,
        "Gross Profit": 194,
        "Operating Income": 30,
        "EBIT": 51,
        "Net Income": 18
    },
    "2021-07-31": {
        "Diluted EPS": 1.22,
        "Total Revenue": 418,
        "Gross Profit": 202,
        "Operating Income": 54,
        "EBIT": 76,
        "Net Income": 37
    },
    "2021-04-30": {
        "Diluted EPS": 1.52,
        "Total Revenue": 364,
        "Gross Profit": 179,
        "Operating Income": 70,
        "EBIT": 92,
        "Net Income": 45
    },
    "2021-01-31": {
        "Diluted EPS": 0.89,
        "Total Revenue": 368,
        "Gross Profit": 183,
        "Operating Income": 27,
        "EBIT": 48,
        "Net Income": 25
    },
    "2020-10-31": {
        "Diluted EPS": 0.25,
        "Total Revenue": 334,
        "Gross Profit": 174,
        "Operating Income": 24,
        "EBIT": 43,
        "Net Income": 7
    },
    "2020-07-31": {
        "Diluted EPS": 0.7,
        "Total Revenue": 367,
        "Gross Profit": 190,
        "Operating Income": 41,
        "EBIT": 62,
        "Net Income": 21
    },
    "2020-04-30": {
        "Diluted EPS": -1.95,
        "Total Revenue": 317,
        "Gross Profit": 170,
        "Operating Income": -62,
        "EBIT": -43,
        "Net Income": -56
    },
    "2020-01-31": {
        "Diluted EPS": 0.21,
        "Total Revenue": 413,
        "Gross Profit": 225,
        "Operating Income": 23,
        "EBIT": 43,
        "Net Income": 5
    },
    "2019-10-31": {
        "Diluted EPS": 0.39,
        "Total Revenue": 376,
        "Gross Profit": 206,
        "Operating Income": 30,
        "EBIT": 49,
        "Net Income": 11
    },
    "2019-07-31": {
        "Diluted EPS": 0.62,
        "Total Revenue": 401,
        "Gross Profit": 219,
        "Operating Income": 42,
        "EBIT": 60,
        "Net Income": 20
    },
    "2019-04-30": {
        "Diluted EPS": 0.6,
        "Total Revenue": 354,
        "Gross Profit": 196,
        "Operating Income": 39,
        "EBIT": 56,
        "Net Income": 20
    },
    "2019-01-31": {
        "Diluted EPS": 0.91,
        "Total Revenue": 433,
        "Gross Profit": 238,
        "Operating Income": 54,
        "EBIT": 64,
        "Net Income": 29
    },
    "2018-10-31": {
        "Diluted EPS": 0.45,
        "Total Revenue": 374,
        "Gross Profit": 207,
        "Operating Income": 35,
        "EBIT": 46,
        "Net Income": 15
    },
    "2018-07-31": {
        "Diluted EPS": 0.53,
        "Total Revenue": 385,
        "Gross Profit": 211,
        "Operating Income": 39,
        "EBIT": 50,
        "Net Income": 17
    },
    "2018-04-30": {
        "Diluted EPS": 0.39,
        "Total Revenue": 358,
        "Gross Profit": 192,
        "Operating Income": 33,
        "EBIT": 44,
        "Net Income": 13
    },
    "2018-01-31": {
        "Diluted EPS": 0.09,
        "Total Revenue": 420,
        "Gross Profit": 220,
        "Operating Income": 45,
        "EBIT": 56,
        "Net Income": 3
    },
    "2017-10-31": {
        "Diluted EPS": 0.05,
        "Total Revenue": 373,
        "Gross Profit": 198,
        "Operating Income": 21,
        "EBIT": 31,
        "Net Income": 2
    },
    "2017-07-31": {
        "Diluted EPS": 0.14,
        "Total Revenue": 367,
        "Gross Profit": 194,
        "Operating Income": 29,
        "EBIT": 42,
        "Net Income": 4
    },
    "2017-04-30": {
        "Diluted EPS": -0.08,
        "Total Revenue": 356,
        "Gross Profit": 184,
        "Operating Income": 20,
        "EBIT": 33,
        "Net Income": -3
    },
    "2017-01-31": {
        "Diluted EPS": 0.0,
        "Total Revenue": 433,
        "Gross Profit": 215,
        "Operating Income": 29,
        "EBIT": 41,
        "Net Income": 0
    },
    "2016-10-31": {
        "Diluted EPS": -0.12,
        "Total Revenue": 377,
        "Gross Profit": 184,
        "Operating Income": 16,
        "EBIT": 29,
        "Net Income": -4
    },
    "2016-07-31": {
        "Diluted EPS": -0.39,
        "Total Revenue": 398,
        "Gross Profit": 189,
        "Operating Income": 6,
        "EBIT": 20,
        "Net Income": -12
    },
    "2016-04-30": {
        "Diluted EPS": -0.32,
        "Total Revenue": 389,
        "Gross Profit": 185,
        "Operating Income": 13,
        "EBIT": 27,
        "Net Income": -10
    },
    "2016-01-31": {
        "Diluted EPS": 0.06,
        "Total Revenue": 457,
        "Gross Profit": 216,
        "Operating Income": 26,
        "EBIT": 38,
        "Net Income": 1
    },
    "2015-10-31": {
        "Diluted EPS": -0.07,
        "Total Revenue": 395,
        "Gross Profit": 192,
        "Operating Income": 18,
        "EBIT": 29,
        "Net Income": -2
    },
    "2015-07-31": {
        "Diluted EPS": 0.45,
        "Total Revenue": 396,
        "Gross Profit": 194,
        "Operating Income": 36,
        "EBIT": 43,
        "Net Income": 17
    },
    "2015-04-30": {
        "Diluted EPS": 0.43,
        "Total Revenue": 365,
        "Gross Profit": 178,
        "Operating Income": 34,
        "EBIT": 40,
        "Net Income": 16
    },
    "2015-01-31": {
        "Diluted EPS": 0.42,
        "Total Revenue": 427,
        "Gross Profit": 163,
        "Operating Income": 32,
        "EBIT": 38,
        "Net Income": 15
    },
    "2014-10-31": {
        "Diluted EPS": -0.08,
        "Total Revenue": 370,
        "Gross Profit": 190,
        "Operating Income": 5,
        "EBIT": 10,
        "Net Income": -3
    },
    "2014-07-31": {
        "Diluted EPS": 0.48,
        "Total Revenue": 353,
        "Gross Profit": 182,
        "Operating Income": 34,
        "EBIT": 40,
        "Net Income": 18
    },
    "2014-04-30": {
        "Diluted EPS": 0.77,
        "Total Revenue": 335,
        "Gross Profit": 173,
        "Operating Income": 49,
        "EBIT": 54,
        "Net Income": 28
    },
    "2014-01-31": {
        "Diluted EPS": 0.75,
        "Total Revenue": 361,
        "Gross Profit": 146,
        "Operating Income": 48,
        "EBIT": 53,
        "Net Income": 28
    },
    "2013-10-31": {
        "Diluted EPS": 0.66,
        "Total Revenue": 311,
        "Gross Profit": 158,
        "Operating Income": 42,
        "EBIT": 46,
        "Net Income": 24
    },
    "2013-07-31": {
        "Diluted EPS": 0.52,
        "Total Revenue": 271,
        "Gross Profit": 133,
        "Operating Income": 33,
        "EBIT": 37,
        "Net Income": 19
    },
    "2013-04-30": {
        "Diluted EPS": 0.61,
        "Total Revenue": 251,
        "Gross Profit": 126,
        "Operating Income": 39,
        "EBIT": 43,
        "Net Income": 22
    },
    "2013-01-31": {
        "Diluted EPS": 0.51,
        "Total Revenue": 250,
        "Gross Profit": 119,
        "Operating Income": 32,
        "EBIT": 35,
        "Net Income": 18
    },
    "2012-10-31": {
        "Diluted EPS": 0.35,
        "Total Revenue": 206,
        "Gross Profit": 99,
        "Operating Income": 24,
        "EBIT": 27,
        "Net Income": 12
    },
    "2012-07-31": {
        "Diluted EPS": 0.35,
        "Total Revenue": 207,
        "Gross Profit": 95,
        "Operating Income": 23,
        "EBIT": 27,
        "Net Income": 12
    },
    "2012-04-30": {
        "Diluted EPS": 0.35,
        "Total Revenue": 201,
        "Gross Profit": 91,
        "Operating Income": 22,
        "EBIT": 25,
        "Net Income": 12
    },
    "2012-01-31": {
        "Diluted EPS": 0.24,
        "Total Revenue": 227,
        "Gross Profit": 94,
        "Operating Income": 16,
        "EBIT": 20,
        "Net Income": 8
    },
    "2011-10-31": {
        "Diluted EPS": -0.4,
        "Total Revenue": 187,
        "Gross Profit": 72,
        "Operating Income": -14,
        "EBIT": -13,
        "Net Income": -13
    },
    "2011-07-31": {
        "Diluted EPS": -0.1,
        "Total Revenue": 187,
        "Gross Profit": 80,
        "Operating Income": 13,
        "EBIT": 18,
        "Net Income": -3
    },
    "2011-04-30": {
        "Diluted EPS": 0.14,
        "Total Revenue": 192,
        "Gross Profit": 84,
        "Operating Income": 15,
        "EBIT": 19,
        "Net Income": 4
    },
    "2011-01-31": {
        "Diluted EPS": -0.17,
        "Total Revenue": 227,
        "Gross Profit": 95,
        "Operating Income": 8,
        "EBIT": 13,
        "Net Income": -4
    },
    "2010-10-31": {
        "Diluted EPS": -0.19,
        "Total Revenue": 171,
        "Gross Profit": 69,
        "Operating Income": 0,
        "EBIT": 3,
        "Net Income": -5
    },
    "2010-07-31": {
        "Diluted EPS": 0.06,
        "Total Revenue": 213,
        "Gross Profit": 81,
        "Operating Income": 9,
        "EBIT": 14,
        "Net Income": 2
    },
    "2010-04-30": {
        "Diluted EPS": 0.26,
        "Total Revenue": 198,
        "Gross Profit": 81,
        "Operating Income": 15,
        "EBIT": 20,
        "Net Income": 6
    },
    "2010-01-31": {
        "Diluted EPS": 0.08,
        "Total Revenue": 219,
        "Gross Profit": 95,
        "Operating Income": 7,
        "EBIT": 21,
        "Net Income": 2
    },
    "2009-10-31": {
        "Diluted EPS": -0.64,
        "Total Revenue": 197,
        "Gross Profit": 74,
        "Operating Income": -14,
        "EBIT": -10,
        "Net Income": -14
    },
    "2009-07-31": {
        "Diluted EPS": 0.23,
        "Total Revenue": 230,
        "Gross Profit": 87,
        "Operating Income": 14,
        "EBIT": 18,
        "Net Income": 5
    },
    "2009-04-30": {
        "Diluted EPS": 0.5,
        "Total Revenue": 240,
        "Gross Profit": 91,
        "Operating Income": 23,
        "EBIT": 26,
        "Net Income": 11
    },
    "2009-01-31": {
        "Diluted EPS": 1.17,
        "Total Revenue": 338,
        "Gross Profit": 158,
        "Operating Income": 65,
        "EBIT": 69,
        "Net Income": 26
    },
    "2023-07-31": {
        "Tax Effect Of Unusual Items": 0.0,
        "Tax Rate For Calcs": 0.21,
        "Normalized EBITDA": -3545000.0,
        "Total Unusual Items": 0.0,
        "Total Unusual Items Excluding Goodwill": 0.0,
        "Net Income From Continuing Operation Net Minority Interest": -33517000.0,
        "Reconciled Depreciation": 11810000.0,
        "Reconciled Cost Of Revenue": 153985000.0,
        "EBITDA": -3545000.0,
        "EBIT": -15355000.0,
        "Net Interest Income": -16787000.0,
        "Interest Expense": 16787000.0,
        "Normalized Income": -33517000.0,
        "Net Income From Continuing And Discontinued Operation": -33517000.0,
        "Total Expenses": 322261000.0,
        "Total Operating Income As Reported": -15355000.0,
        "Diluted Average Shares": 24190035.0,
        "Basic Average Shares": 24190035.0,
        "Diluted EPS": -1.39,
        "Basic EPS": -1.39,
        "Diluted NI Availto Com Stockholders": -33517000.0,
        "Net Income Common Stockholders": -33517000.0,
        "Net Income": -33517000.0,
        "Net Income Including Noncontrolling Interests": -33517000.0,
        "Net Income Continuous Operations": -33517000.0,
        "Tax Provision": 1375000.0,
        "Pretax Income": -32142000.0,
        "Other Income Expense": NaN,
        "Special Income Charges": 0.0,
        "Gain On Sale Of Ppe": 0.0,
        "Gain On Sale Of Business": 0.0,
        "Other Special Charges": NaN,
        "Restructuring And Mergern Acquisition": NaN,
        "Net Non Operating Interest Income Expense": -16787000.0,
        "Interest Expense Non Operating": 16787000.0,
        "Operating Income": -15355000.0,
        "Operating Expense": 168276000.0,
        "Provision For Doubtful Accounts": 33302000.0,
        "Selling General And Administration": 134974000.0,
        "General And Administrative Expense": 134974000.0,
        "Other Gand A": 134974000.0,
        "Gross Profit": 152921000.0,
        "Cost Of Revenue": 153985000.0,
        "Total Revenue": 306906000.0,
        "Operating Revenue": 306068000.0
    },
    "2023-10-31": {
        "Tax Effect Of Unusual Items": 0.0,
        "Tax Rate For Calcs": 0.158,
        "Normalized EBITDA": -25938000.0,
        "Total Unusual Items": 0.0,
        "Total Unusual Items Excluding Goodwill": 0.0,
        "Net Income From Continuing Operation Net Minority Interest": -51297000.0,
        "Reconciled Depreciation": 12520000.0,
        "Reconciled Cost Of Revenue": 146362000.0,
        "EBITDA": -25938000.0,
        "EBIT": -38458000.0,
        "Net Interest Income": -22448000.0,
        "Interest Expense": 22448000.0,
        "Normalized Income": -51297000.0,
        "Net Income From Continuing And Discontinued Operation": -51297000.0,
        "Total Expenses": 318588000.0,
        "Total Operating Income As Reported": -38458000.0,
        "Diluted Average Shares": 24262000.0,
        "Basic Average Shares": 24262000.0,
        "Diluted EPS": -2.11,
        "Basic EPS": -2.11,
        "Diluted NI Availto Com Stockholders": -51297000.0,
        "Net Income Common Stockholders": -51297000.0,
        "Net Income": -51297000.0,
        "Net Income Including Noncontrolling Interests": -51297000.0,
        "Net Income Continuous Operations": -51297000.0,
        "Tax Provision": -9609000.0,
        "Pretax Income": -60906000.0,
        "Other Income Expense": NaN,
        "Special Income Charges": 0.0,
        "Gain On Sale Of Ppe": 0.0,
        "Gain On Sale Of Business": 0.0,
        "Other Special Charges": NaN,
        "Restructuring And Mergern Acquisition": 0.0,
        "Net Non Operating Interest Income Expense": -22448000.0,
        "Interest Expense Non Operating": 22448000.0,
        "Operating Income": -38458000.0,
        "Operating Expense": 172226000.0,
        "Provision For Doubtful Accounts": 39123000.0,
        "Selling General And Administration": 133103000.0,
        "General And Administrative Expense": 133103000.0,
        "Other Gand A": 133103000.0,
        "Gross Profit": 133768000.0,
        "Cost Of Revenue": 146362000.0,
        "Total Revenue": 280130000.0,
        "Operating Revenue": 278664000.0
    },
    "2024-01-31": {
        "Tax Effect Of Unusual Items": 36254400.0,
        "Tax Rate For Calcs": 0.4,
        "Normalized EBITDA": 2741000.0,
        "Total Unusual Items": 90636000.0,
        "Total Unusual Items Excluding Goodwill": 90636000.0,
        "Net Income From Continuing Operation Net Minority Interest": 43301000.0,
        "Reconciled Depreciation": 53503000.0,
        "Reconciled Cost Of Revenue": 181408000.0,
        "EBITDA": 93377000.0,
        "EBIT": 39874000.0,
        "Net Interest Income": -26093000.0,
        "Interest Expense": 26093000.0,
        "Normalized Income": -11080600.0,
        "Net Income From Continuing And Discontinued Operation": 43301000.0,
        "Total Expenses": 416839000.0,
        "Total Operating Income As Reported": -50762000.0,
        "Diluted Average Shares": 24760561.0,
        "Basic Average Shares": 24411367.0,
        "Diluted EPS": 1.75,
        "Basic EPS": 1.77,
        "Diluted NI Availto Com Stockholders": 43301000.0,
        "Net Income Common Stockholders": 43301000.0,
        "Net Income": 43301000.0,
        "Net Income Including Noncontrolling Interests": 43301000.0,
        "Net Income Continuous Operations": 43301000.0,
        "Tax Provision": -29520000.0,
        "Pretax Income": 13781000.0,
        "Other Income Expense": 90636000.0,
        "Special Income Charges": 90636000.0,
        "Gain On Sale Of Ppe": 0.0,
        "Gain On Sale Of Business": NaN,
        "Other Special Charges": NaN,
        "Restructuring And Mergern Acquisition": -104857000.0,
        "Net Non Operating Interest Income Expense": -26093000.0,
        "Interest Expense Non Operating": 26093000.0,
        "Operating Income": -50762000.0,
        "Operating Expense": 235431000.0,
        "Provision For Doubtful Accounts": 52746000.0,
        "Selling General And Administration": 182685000.0,
        "General And Administrative Expense": 182685000.0,
        "Other Gand A": 182685000.0,
        "Gross Profit": 184669000.0,
        "Cost Of Revenue": 181408000.0,
        "Total Revenue": 366077000.0,
        "Operating Revenue": 362207000.0
    }
}