{
    "2023-04-30": {
        "Tax Effect Of Unusual Items": NaN,
        "Tax Rate For Calcs": NaN,
        "Normalized EBITDA": NaN,
        "Total Unusual Items": NaN,
        "Total Unusual Items Excluding Goodwill": NaN,
        "Net Income From Continuing Operation Net Minority Interest": NaN,
        "Reconciled Depreciation": NaN,
        "Reconciled Cost Of Revenue": NaN,
        "EBITDA": NaN,
        "EBIT": NaN,
        "Net Interest Income": NaN,
        "Interest Expense": NaN,
        "Normalized Income": NaN,
        "Net Income From Continuing And Discontinued Operation": NaN,
        "Total Expenses": NaN,
        "Total Operating Income As Reported": NaN,
        "Diluted Average Shares": NaN,
        "Basic Average Shares": NaN,
        "Diluted EPS": NaN,
        "Basic EPS": NaN,
        "Diluted NI Availto Com Stockholders": NaN,
        "Net Income Common Stockholders": NaN,
        "Net Income": NaN,
        "Net Income Including Noncontrolling Interests": NaN,
        "Net Income Continuous Operations": NaN,
        "Tax Provision": NaN,
        "Pretax Income": NaN,
        "Other Income Expense": NaN,
        "Other Non Operating Income Expenses": NaN,
        "Gain On Sale Of Security": NaN,
        "Net Non Operating Interest Income Expense": NaN,
        "Interest Expense Non Operating": NaN,
        "Operating Income": NaN,
        "Operating Expense": NaN,
        "Depreciation Amortization Depletion Income Statement": NaN,
        "Depreciation And Amortization In Income Statement": NaN,
        "Amortization": NaN,
        "Amortization Of Intangibles Income Statement": NaN,
        "Research And Development": NaN,
        "Selling General And Administration": NaN,
        "General And Administrative Expense": 407500000.0,
        "Other Gand A": 394100000.0,
        "Salaries And Wages": 13400000.0,
        "Gross Profit": NaN,
        "Cost Of Revenue": NaN,
        "Total Revenue": NaN,
        "Operating Revenue": NaN
    },
    "2023-01-31": {
        "Tax Effect Of Unusual Items": 307000.0,
        "Tax Rate For Calcs": 0.307,
        "Normalized EBITDA": 236900000.0,
        "Total Unusual Items": 1000000.0,
        "Total Unusual Items Excluding Goodwill": 1000000.0,
        "Net Income From Continuing Operation Net Minority Interest": 84600000.0,
        "Reconciled Depreciation": 89700000.0,
        "Reconciled Cost Of Revenue": 256800000.0,
        "EBITDA": 237900000.0,
        "EBIT": 148200000.0,
        "Net Interest Income": -26100000.0,
        "Interest Expense": 26100000.0,
        "Normalized Income": 83907000.0,
        "Net Income From Continuing And Discontinued Operation": 84600000.0,
        "Total Expenses": 709000000.0,
        "Total Operating Income As Reported": 149500000.0,
        "Diluted Average Shares": 198700000.0,
        "Basic Average Shares": 197500000.0,
        "Diluted EPS": 0.43,
        "Basic EPS": 0.43,
        "Diluted NI Availto Com Stockholders": 84600000.0,
        "Net Income Common Stockholders": 84600000.0,
        "Net Income": 84600000.0,
        "Net Income Including Noncontrolling Interests": 84600000.0,
        "Net Income Continuous Operations": 84600000.0,
        "Tax Provision": 37500000.0,
        "Pretax Income": 122100000.0,
        "Other Income Expense": -1300000.0,
        "Other Non Operating Income Expenses": -2300000.0,
        "Gain On Sale Of Security": 1000000.0,
        "Net Non Operating Interest Income Expense": -26100000.0,
        "Interest Expense Non Operating": 26100000.0,
        "Operating Income": 149500000.0,
        "Operating Expense": 409000000.0,
        "Depreciation Amortization Depletion Income Statement": 46500000.0,
        "Depreciation And Amortization In Income Statement": 46500000.0,
        "Amortization": 46500000.0,
        "Amortization Of Intangibles Income Statement": 46500000.0,
        "Research And Development": 31600000.0,
        "Selling General And Administration": 330900000.0,
        "General And Administrative Expense": NaN,
        "Other Gand A": NaN,
        "Salaries And Wages": NaN,
        "Gross Profit": 558500000.0,
        "Cost Of Revenue": 300000000.0,
        "Total Revenue": 858500000.0,
        "Operating Revenue": 858500000.0
    },
    "2022-10-31": {
        "Tax Effect Of Unusual Items": -704419.889503,
        "Tax Rate For Calcs": 0.093923,
        "Normalized EBITDA": 191700000.0,
        "Total Unusual Items": -7500000.0,
        "Total Unusual Items Excluding Goodwill": -7500000.0,
        "Net Income From Continuing Operation Net Minority Interest": 65600000.0,
        "Reconciled Depreciation": 89000000.0,
        "Reconciled Cost Of Revenue": 268500000.0,
        "EBITDA": 184200000.0,
        "EBIT": 95200000.0,
        "Net Interest Income": -22800000.0,
        "Interest Expense": 22800000.0,
        "Normalized Income": 72395580.110497,
        "Net Income From Continuing And Discontinued Operation": 65600000.0,
        "Total Expenses": 744600000.0,
        "Total Operating Income As Reported": 103500000.0,
        "Diluted Average Shares": 49600000.0,
        "Basic Average Shares": 49300000.0,
        "Diluted EPS": 1.32,
        "Basic EPS": 1.330629,
        "Diluted NI Availto Com Stockholders": 65600000.0,
        "Net Income Common Stockholders": 65600000.0,
        "Net Income": 65600000.0,
        "Net Income Including Noncontrolling Interests": 65600000.0,
        "Net Income Continuous Operations": 65600000.0,
        "Tax Provision": 6800000.0,
        "Pretax Income": 72400000.0,
        "Other Income Expense": -8300000.0,
        "Other Non Operating Income Expenses": -800000.0,
        "Gain On Sale Of Security": -7500000.0,
        "Net Non Operating Interest Income Expense": -22800000.0,
        "Interest Expense Non Operating": 22800000.0,
        "Operating Income": 103500000.0,
        "Operating Expense": 433100000.0,
        "Depreciation Amortization Depletion Income Statement": 46000000.0,
        "Depreciation And Amortization In Income Statement": 46000000.0,
        "Amortization": 46000000.0,
        "Amortization Of Intangibles Income Statement": 46000000.0,
        "Research And Development": 29100000.0,
        "Selling General And Administration": 358000000.0,
        "General And Administrative Expense": NaN,
        "Other Gand A": NaN,
        "Salaries And Wages": NaN,
        "Gross Profit": 536600000.0,
        "Cost Of Revenue": 311500000.0,
        "Total Revenue": 848100000.0,
        "Operating Revenue": 848100000.0
    },
    "2022-07-31": {
        "Tax Effect Of Unusual Items": 0.0,
        "Tax Rate For Calcs": 0.161125,
        "Normalized EBITDA": 174500000.0,
        "Total Unusual Items": -4900000.0,
        "Total Unusual Items Excluding Goodwill": -4900000.0,
        "Net Income From Continuing Operation Net Minority Interest": 98400000.0,
        "Reconciled Depreciation": 40100000.0,
        "Reconciled Cost Of Revenue": 291300000.0,
        "EBITDA": 174500000.0,
        "EBIT": 134400000.0,
        "Net Interest Income": -17100000.0,
        "Interest Expense": 17100000.0,
        "Normalized Income": 98400000.0,
        "Net Income From Continuing And Discontinued Operation": 98400000.0,
        "Total Expenses": 702800000.0,
        "Total Operating Income As Reported": 140600000.0,
        "Diluted Average Shares": 49600000.0,
        "Basic Average Shares": 49300000.0,
        "Diluted EPS": 1.98,
        "Basic EPS": 1.995943,
        "Diluted NI Availto Com Stockholders": 98400000.0,
        "Net Income Common Stockholders": 98400000.0,
        "Net Income": 98400000.0,
        "Net Income Including Noncontrolling Interests": 98400000.0,
        "Net Income Continuous Operations": 98400000.0,
        "Tax Provision": 18900000.0,
        "Pretax Income": 117300000.0,
        "Other Income Expense": -6200000.0,
        "Other Non Operating Income Expenses": -6200000.0,
        "Gain On Sale Of Security": -4900000.0,
        "Net Non Operating Interest Income Expense": -17100000.0,
        "Interest Expense Non Operating": 17100000.0,
        "Operating Income": 140600000.0,
        "Operating Expense": 411500000.0,
        "Depreciation Amortization Depletion Income Statement": 40100000.0,
        "Depreciation And Amortization In Income Statement": 40100000.0,
        "Amortization": 40100000.0,
        "Amortization Of Intangibles Income Statement": 40100000.0,
        "Research And Development": 28700000.0,
        "Selling General And Administration": 342700000.0,
        "General And Administrative Expense": NaN,
        "Other Gand A": NaN,
        "Salaries And Wages": NaN,
        "Gross Profit": 552100000.0,
        "Cost Of Revenue": 291300000.0,
        "Total Revenue": 843400000.0,
        "Operating Revenue": 843400000.0
    },
    "2022-04-30": {
        "Diluted EPS": 2.55,
        "Total Revenue": 830,
        "Gross Profit": 533,
        "Operating Income": 133,
        "EBIT": 226,
        "Net Income": 127
    },
    "2022-01-31": {
        "Diluted EPS": 1.91,
        "Total Revenue": 787,
        "Gross Profit": 518,
        "Operating Income": 131,
        "EBIT": 213,
        "Net Income": 95
    },
    "2021-10-31": {
        "Diluted EPS": 2.12,
        "Total Revenue": 759,
        "Gross Profit": 502,
        "Operating Income": 129,
        "EBIT": 206,
        "Net Income": 110
    },
    "2021-07-31": {
        "Diluted EPS": 12.37,
        "Total Revenue": 763,
        "Gross Profit": 516,
        "Operating Income": 101,
        "EBIT": 180,
        "Net Income": 616
    },
    "2021-04-30": {
        "Diluted EPS": 2.36,
        "Total Revenue": 720,
        "Gross Profit": 487,
        "Operating Income": 143,
        "EBIT": 221,
        "Net Income": 118
    },
    "2021-01-31": {
        "Diluted EPS": 42.31,
        "Total Revenue": 681,
        "Gross Profit": 451,
        "Operating Income": 133,
        "EBIT": 209,
        "Net Income": NaN
    },
    "2020-10-31": {
        "Diluted EPS": 1.64,
        "Total Revenue": 682,
        "Gross Profit": 424,
        "Operating Income": 100,
        "EBIT": 177,
        "Net Income": 81
    },
    "2020-07-31": {
        "Diluted EPS": 1.12,
        "Total Revenue": 578,
        "Gross Profit": 361,
        "Operating Income": 72,
        "EBIT": 143,
        "Net Income": 55
    },
    "2020-04-30": {
        "Diluted EPS": 0.23,
        "Total Revenue": 525,
        "Gross Profit": 324,
        "Operating Income": 29,
        "EBIT": 97,
        "Net Income": 12
    },
    "2020-01-31": {
        "Diluted EPS": 1.82,
        "Total Revenue": 646,
        "Gross Profit": 427,
        "Operating Income": 111,
        "EBIT": 182,
        "Net Income": 91
    },
    "2019-10-31": {
        "Diluted EPS": 2.41,
        "Total Revenue": 692,
        "Gross Profit": 455,
        "Operating Income": 147,
        "EBIT": 217,
        "Net Income": 121
    },
    "2019-07-31": {
        "Diluted EPS": 2.4,
        "Total Revenue": 679,
        "Gross Profit": 451,
        "Operating Income": 142,
        "EBIT": 213,
        "Net Income": 120
    },
    "2019-04-30": {
        "Diluted EPS": 2.45,
        "Total Revenue": 654,
        "Gross Profit": 433,
        "Operating Income": 147,
        "EBIT": 218,
        "Net Income": 122
    },
    "2019-01-31": {
        "Diluted EPS": 2.07,
        "Total Revenue": 628,
        "Gross Profit": 419,
        "Operating Income": 111,
        "EBIT": 180,
        "Net Income": 103
    },
    "2018-10-31": {
        "Diluted EPS": 2.05,
        "Total Revenue": 652,
        "Gross Profit": 430,
        "Operating Income": 123,
        "EBIT": 193,
        "Net Income": 101
    },
    "2018-07-31": {
        "Diluted EPS": 2.03,
        "Total Revenue": 660,
        "Gross Profit": 427,
        "Operating Income": 116,
        "EBIT": 185,
        "Net Income": 101
    },
    "2018-04-30": {
        "Diluted EPS": 1.23,
        "Total Revenue": 631,
        "Gross Profit": 405,
        "Operating Income": 75,
        "EBIT": 144,
        "Net Income": 61
    },
    "2018-01-31": {
        "Diluted EPS": -2.5,
        "Total Revenue": 590,
        "Gross Profit": 371,
        "Operating Income": 90,
        "EBIT": 157,
        "Net Income": -123
    },
    "2017-10-31": {
        "Diluted EPS": 1.78,
        "Total Revenue": 562,
        "Gross Profit": 353,
        "Operating Income": 109,
        "EBIT": 156,
        "Net Income": 89
    },
    "2017-07-31": {
        "Diluted EPS": 2.09,
        "Total Revenue": 556,
        "Gross Profit": 356,
        "Operating Income": 113,
        "EBIT": 160,
        "Net Income": 104
    },
    "2017-04-30": {
        "Diluted EPS": 2.12,
        "Total Revenue": 522,
        "Gross Profit": 344,
        "Operating Income": 117,
        "EBIT": 163,
        "Net Income": 105
    },
    "2017-01-31": {
        "Diluted EPS": 1.53,
        "Total Revenue": 499,
        "Gross Profit": 312,
        "Operating Income": 91,
        "EBIT": 139,
        "Net Income": 76
    },
    "2016-10-31": {
        "Diluted EPS": 1.23,
        "Total Revenue": 519,
        "Gross Profit": 296,
        "Operating Income": 74,
        "EBIT": 122,
        "Net Income": 61
    },
    "2016-07-31": {
        "Diluted EPS": 1.79,
        "Total Revenue": 515,
        "Gross Profit": 317,
        "Operating Income": 103,
        "EBIT": 152,
        "Net Income": 88
    },
    "2016-04-30": {
        "Diluted EPS": 1.52,
        "Total Revenue": 484,
        "Gross Profit": 299,
        "Operating Income": 90,
        "EBIT": 138,
        "Net Income": 74
    },
    "2016-01-31": {
        "Diluted EPS": 1.05,
        "Total Revenue": 450,
        "Gross Profit": 262,
        "Operating Income": 57,
        "EBIT": 111,
        "Net Income": 51
    },
    "2015-10-31": {
        "Diluted EPS": 0.75,
        "Total Revenue": 456,
        "Gross Profit": 253,
        "Operating Income": 42,
        "EBIT": 92,
        "Net Income": 37
    },
    "2015-07-31": {
        "Diluted EPS": 0.91,
        "Total Revenue": 462,
        "Gross Profit": 273,
        "Operating Income": 50,
        "EBIT": 104,
        "Net Income": 45
    },
    "2015-04-30": {
        "Diluted EPS": 1.23,
        "Total Revenue": 435,
        "Gross Profit": 268,
        "Operating Income": 71,
        "EBIT": 116,
        "Net Income": 61
    },
    "2015-01-31": {
        "Diluted EPS": 1.25,
        "Total Revenue": 445,
        "Gross Profit": 276,
        "Operating Income": 73,
        "EBIT": 116,
        "Net Income": 61
    },
    "2014-10-31": {
        "Diluted EPS": 0.62,
        "Total Revenue": 468,
        "Gross Profit": 280,
        "Operating Income": 39,
        "EBIT": 82,
        "Net Income": 31
    },
    "2014-07-31": {
        "Diluted EPS": 1.8,
        "Total Revenue": 432,
        "Gross Profit": 281,
        "Operating Income": 97,
        "EBIT": 129,
        "Net Income": 88
    },
    "2014-04-30": {
        "Diluted EPS": 1.62,
        "Total Revenue": 412,
        "Gross Profit": 268,
        "Operating Income": 89,
        "EBIT": 121,
        "Net Income": 79
    },
    "2014-01-31": {
        "Diluted EPS": 1.47,
        "Total Revenue": 405,
        "Gross Profit": 263,
        "Operating Income": 82,
        "EBIT": 113,
        "Net Income": 72
    },
    "2013-10-31": {
        "Diluted EPS": 1.15,
        "Total Revenue": 412,
        "Gross Profit": 264,
        "Operating Income": 62,
        "EBIT": 94,
        "Net Income": 57
    },
    "2013-07-31": {
        "Diluted EPS": 1.79,
        "Total Revenue": 412,
        "Gross Profit": 268,
        "Operating Income": 94,
        "EBIT": 125,
        "Net Income": 89
    },
    "2013-04-30": {
        "Diluted EPS": 1.52,
        "Total Revenue": 384,
        "Gross Profit": 254,
        "Operating Income": 81,
        "EBIT": 112,
        "Net Income": 75
    },
    "2013-01-31": {
        "Diluted EPS": 1.5,
        "Total Revenue": 380,
        "Gross Profit": 240,
        "Operating Income": 69,
        "EBIT": 100,
        "Net Income": 75
    },
    "2012-10-31": {
        "Diluted EPS": 1.45,
        "Total Revenue": 396,
        "Gross Profit": 253,
        "Operating Income": 79,
        "EBIT": 110,
        "Net Income": 72
    },
    "2012-07-31": {
        "Diluted EPS": 1.36,
        "Total Revenue": 378,
        "Gross Profit": 240,
        "Operating Income": 77,
        "EBIT": 105,
        "Net Income": 67
    },
    "2012-04-30": {
        "Diluted EPS": 1.12,
        "Total Revenue": 345,
        "Gross Profit": 221,
        "Operating Income": 65,
        "EBIT": 92,
        "Net Income": 55
    },
    "2012-01-31": {
        "Diluted EPS": 1.12,
        "Total Revenue": 326,
        "Gross Profit": 210,
        "Operating Income": 62,
        "EBIT": 88,
        "Net Income": 55
    },
    "2011-10-31": {
        "Diluted EPS": 1.17,
        "Total Revenue": 361,
        "Gross Profit": 224,
        "Operating Income": 67,
        "EBIT": 93,
        "Net Income": 57
    },
    "2011-07-31": {
        "Diluted EPS": 0.9,
        "Total Revenue": 351,
        "Gross Profit": 203,
        "Operating Income": 52,
        "EBIT": 77,
        "Net Income": 44
    },
    "2011-04-30": {
        "Diluted EPS": 0.73,
        "Total Revenue": 325,
        "Gross Profit": 202,
        "Operating Income": 60,
        "EBIT": 84,
        "Net Income": 35
    },
    "2011-01-31": {
        "Diluted EPS": 0.83,
        "Total Revenue": 293,
        "Gross Profit": 177,
        "Operating Income": 49,
        "EBIT": 72,
        "Net Income": 39
    },
    "2010-10-31": {
        "Diluted EPS": 1.03,
        "Total Revenue": 313,
        "Gross Profit": 187,
        "Operating Income": 63,
        "EBIT": 86,
        "Net Income": 48
    },
    "2010-07-31": {
        "Diluted EPS": 0.86,
        "Total Revenue": 296,
        "Gross Profit": 176,
        "Operating Income": 51,
        "EBIT": 75,
        "Net Income": 40
    },
    "2010-04-30": {
        "Diluted EPS": 0.1,
        "Total Revenue": 289,
        "Gross Profit": 163,
        "Operating Income": 39,
        "EBIT": 63,
        "Net Income": 4
    },
    "2010-01-31": {
        "Diluted EPS": 0.44,
        "Total Revenue": 260,
        "Gross Profit": 150,
        "Operating Income": 37,
        "EBIT": 60,
        "Net Income": 20
    },
    "2009-10-31": {
        "Diluted EPS": 0.66,
        "Total Revenue": 283,
        "Gross Profit": 159,
        "Operating Income": 42,
        "EBIT": 67,
        "Net Income": 30
    },
    "2009-07-31": {
        "Diluted EPS": 0.48,
        "Total Revenue": 285,
        "Gross Profit": 146,
        "Operating Income": 34,
        "EBIT": 56,
        "Net Income": 22
    },
    "2009-04-30": {
        "Diluted EPS": 0.54,
        "Total Revenue": 261,
        "Gross Profit": 149,
        "Operating Income": 41,
        "EBIT": 62,
        "Net Income": 25
    },
    "2009-01-31": {
        "Diluted EPS": 0.53,
        "Total Revenue": 251,
        "Gross Profit": 142,
        "Operating Income": 33,
        "EBIT": 58,
        "Net Income": 24
    },
    "2023-07-31": {
        "Tax Effect Of Unusual Items": NaN,
        "Tax Rate For Calcs": NaN,
        "Normalized EBITDA": NaN,
        "Total Unusual Items": NaN,
        "Total Unusual Items Excluding Goodwill": NaN,
        "Net Income From Continuing Operation Net Minority Interest": NaN,
        "Reconciled Depreciation": NaN,
        "Reconciled Cost Of Revenue": NaN,
        "EBITDA": NaN,
        "EBIT": NaN,
        "Net Interest Income": NaN,
        "Interest Expense": NaN,
        "Normalized Income": NaN,
        "Net Income From Continuing And Discontinued Operation": NaN,
        "Total Expenses": NaN,
        "Total Operating Income As Reported": NaN,
        "Diluted Average Shares": NaN,
        "Basic Average Shares": NaN,
        "Diluted EPS": NaN,
        "Basic EPS": NaN,
        "Diluted NI Availto Com Stockholders": NaN,
        "Net Income Common Stockholders": NaN,
        "Net Income": NaN,
        "Net Income Including Noncontrolling Interests": NaN,
        "Net Income Continuous Operations": NaN,
        "Tax Provision": NaN,
        "Pretax Income": NaN,
        "Other Income Expense": NaN,
        "Other Non Operating Income Expenses": NaN,
        "Gain On Sale Of Security": NaN,
        "Net Non Operating Interest Income Expense": NaN,
        "Interest Expense Non Operating": NaN,
        "Operating Income": NaN,
        "Operating Expense": NaN,
        "Depreciation Amortization Depletion Income Statement": NaN,
        "Depreciation And Amortization In Income Statement": NaN,
        "Amortization": NaN,
        "Amortization Of Intangibles Income Statement": NaN,
        "Research And Development": NaN,
        "Selling General And Administration": NaN,
        "General And Administrative Expense": 375200000.0,
        "Other Gand A": 361500000.0,
        "Salaries And Wages": 13700000.0,
        "Gross Profit": NaN,
        "Cost Of Revenue": NaN,
        "Total Revenue": NaN,
        "Operating Revenue": NaN
    },
    "2023-10-31": {
        "Tax Effect Of Unusual Items": -185244.360902,
        "Tax Rate For Calcs": 0.205827,
        "Normalized EBITDA": 226300000.0,
        "Total Unusual Items": -900000.0,
        "Total Unusual Items Excluding Goodwill": -900000.0,
        "Net Income From Continuing Operation Net Minority Interest": 84500000.0,
        "Reconciled Depreciation": 92700000.0,
        "Reconciled Cost Of Revenue": 274400000.0,
        "EBITDA": 225400000.0,
        "EBIT": 132700000.0,
        "Net Interest Income": -26300000.0,
        "Interest Expense": 26300000.0,
        "Normalized Income": 85214755.639098,
        "Net Income From Continuing And Discontinued Operation": 84500000.0,
        "Total Expenses": 791400000.0,
        "Total Operating Income As Reported": 135700000.0,
        "Diluted Average Shares": 199600000.0,
        "Basic Average Shares": 198096596.0,
        "Diluted EPS": 0.425,
        "Basic EPS": 0.42656,
        "Diluted NI Availto Com Stockholders": 84500000.0,
        "Net Income Common Stockholders": 84500000.0,
        "Net Income": 84500000.0,
        "Net Income Including Noncontrolling Interests": 84500000.0,
        "Net Income Continuous Operations": 84500000.0,
        "Tax Provision": 21900000.0,
        "Pretax Income": 106400000.0,
        "Other Income Expense": -3000000.0,
        "Other Non Operating Income Expenses": -2100000.0,
        "Gain On Sale Of Security": -900000.0,
        "Net Non Operating Interest Income Expense": -26300000.0,
        "Interest Expense Non Operating": 26300000.0,
        "Operating Income": 135700000.0,
        "Operating Expense": 470800000.0,
        "Depreciation Amortization Depletion Income Statement": 46500000.0,
        "Depreciation And Amortization In Income Statement": 46500000.0,
        "Amortization": 46500000.0,
        "Amortization Of Intangibles Income Statement": 46500000.0,
        "Research And Development": 36700000.0,
        "Selling General And Administration": 387600000.0,
        "General And Administrative Expense": NaN,
        "Other Gand A": NaN,
        "Salaries And Wages": NaN,
        "Gross Profit": 606500000.0,
        "Cost Of Revenue": 320600000.0,
        "Total Revenue": 927100000.0,
        "Operating Revenue": 927100000.0
    },
    "2024-01-31": {
        "Tax Effect Of Unusual Items": -388800.0,
        "Tax Rate For Calcs": 0.324,
        "Normalized EBITDA": 247900000.0,
        "Total Unusual Items": -1200000.0,
        "Total Unusual Items Excluding Goodwill": -1200000.0,
        "Net Income From Continuing Operation Net Minority Interest": 81200000.0,
        "Reconciled Depreciation": 96800000.0,
        "Reconciled Cost Of Revenue": 261300000.0,
        "EBITDA": 246700000.0,
        "EBIT": 149900000.0,
        "Net Interest Income": -29900000.0,
        "Interest Expense": 29900000.0,
        "Normalized Income": 82011200.0,
        "Net Income From Continuing And Discontinued Operation": 81200000.0,
        "Total Expenses": 778500000.0,
        "Total Operating Income As Reported": 153100000.0,
        "Diluted Average Shares": 199900000.0,
        "Basic Average Shares": 198400000.0,
        "Diluted EPS": 0.41,
        "Basic EPS": 0.41,
        "Diluted NI Availto Com Stockholders": 81200000.0,
        "Net Income Common Stockholders": 81200000.0,
        "Net Income": 81200000.0,
        "Net Income Including Noncontrolling Interests": 81200000.0,
        "Net Income Continuous Operations": 81200000.0,
        "Tax Provision": 38800000.0,
        "Pretax Income": 120000000.0,
        "Other Income Expense": -3200000.0,
        "Other Non Operating Income Expenses": -2000000.0,
        "Gain On Sale Of Security": -1200000.0,
        "Net Non Operating Interest Income Expense": -29900000.0,
        "Interest Expense Non Operating": 29900000.0,
        "Operating Income": 153100000.0,
        "Operating Expense": 470700000.0,
        "Depreciation Amortization Depletion Income Statement": 50300000.0,
        "Depreciation And Amortization In Income Statement": 50300000.0,
        "Amortization": 50300000.0,
        "Amortization Of Intangibles Income Statement": 50300000.0,
        "Research And Development": 39500000.0,
        "Selling General And Administration": 380900000.0,
        "General And Administrative Expense": NaN,
        "Other Gand A": NaN,
        "Salaries And Wages": NaN,
        "Gross Profit": 623800000.0,
        "Cost Of Revenue": 307800000.0,
        "Total Revenue": 931600000.0,
        "Operating Revenue": 931600000.0
    },
    "2024-04-30": {
        "Tax Effect Of Unusual Items": -790000.0,
        "Tax Rate For Calcs": 0.316,
        "Normalized EBITDA": 259700000.0,
        "Total Unusual Items": -2500000.0,
        "Total Unusual Items Excluding Goodwill": -2500000.0,
        "Net Income From Continuing Operation Net Minority Interest": 88900000.0,
        "Reconciled Depreciation": 98300000.0,
        "Reconciled Cost Of Revenue": 263400000.0,
        "EBITDA": 257200000.0,
        "EBIT": 158900000.0,
        "Net Interest Income": -28900000.0,
        "Interest Expense": 28900000.0,
        "Normalized Income": 90610000.0,
        "Net Income From Continuing And Discontinued Operation": 88900000.0,
        "Total Expenses": 780900000.0,
        "Total Operating Income As Reported": 161700000.0,
        "Diluted Average Shares": 200500000.0,
        "Basic Average Shares": 198900000.0,
        "Diluted EPS": 0.44,
        "Basic EPS": 0.45,
        "Diluted NI Availto Com Stockholders": 88900000.0,
        "Net Income Common Stockholders": 88900000.0,
        "Net Income": 88900000.0,
        "Net Income Including Noncontrolling Interests": 88900000.0,
        "Net Income Continuous Operations": 88900000.0,
        "Tax Provision": 41100000.0,
        "Pretax Income": 130000000.0,
        "Other Income Expense": -2800000.0,
        "Other Non Operating Income Expenses": -300000.0,
        "Gain On Sale Of Security": -2500000.0,
        "Net Non Operating Interest Income Expense": -28900000.0,
        "Interest Expense Non Operating": 28900000.0,
        "Operating Income": 161700000.0,
        "Operating Expense": 469500000.0,
        "Depreciation Amortization Depletion Income Statement": 50300000.0,
        "Depreciation And Amortization In Income Statement": 50300000.0,
        "Amortization": 50300000.0,
        "Amortization Of Intangibles Income Statement": 50300000.0,
        "Research And Development": 38900000.0,
        "Selling General And Administration": 380300000.0,
        "General And Administrative Expense": NaN,
        "Other Gand A": NaN,
        "Salaries And Wages": NaN,
        "Gross Profit": 631200000.0,
        "Cost Of Revenue": 311400000.0,
        "Total Revenue": 942600000.0,
        "Operating Revenue": 942600000.0
    },
    "2024-07-31": {
        "Tax Effect Of Unusual Items": 180500.0,
        "Tax Rate For Calcs": 0.361,
        "Normalized EBITDA": 280700000.0,
        "Total Unusual Items": 500000.0,
        "Total Unusual Items Excluding Goodwill": 500000.0,
        "Net Income From Continuing Operation Net Minority Interest": 104700000.0,
        "Reconciled Depreciation": 89000000.0,
        "Reconciled Cost Of Revenue": 301200000.0,
        "EBITDA": 281200000.0,
        "EBIT": 192200000.0,
        "Net Interest Income": -28500000.0,
        "Interest Expense": 28500000.0,
        "Normalized Income": 104380500.0,
        "Net Income From Continuing And Discontinued Operation": 104700000.0,
        "Total Expenses": 810300000.0,
        "Total Operating Income As Reported": 192500000.0,
        "Diluted Average Shares": 200600000.0,
        "Basic Average Shares": 199100000.0,
        "Diluted EPS": 0.52,
        "Basic EPS": 0.53,
        "Diluted NI Availto Com Stockholders": 104700000.0,
        "Net Income Common Stockholders": 104700000.0,
        "Net Income": 104700000.0,
        "Net Income Including Noncontrolling Interests": 104700000.0,
        "Net Income Continuous Operations": 104700000.0,
        "Tax Provision": 59000000.0,
        "Pretax Income": 163700000.0,
        "Other Income Expense": -300000.0,
        "Other Non Operating Income Expenses": -800000.0,
        "Gain On Sale Of Security": 500000.0,
        "Net Non Operating Interest Income Expense": -28500000.0,
        "Interest Expense Non Operating": 28500000.0,
        "Operating Income": 192500000.0,
        "Operating Expense": 470500000.0,
        "Depreciation Amortization Depletion Income Statement": 50400000.0,
        "Depreciation And Amortization In Income Statement": 50400000.0,
        "Amortization": 50400000.0,
        "Amortization Of Intangibles Income Statement": 50400000.0,
        "Research And Development": 39000000.0,
        "Selling General And Administration": 381100000.0,
        "General And Administrative Expense": NaN,
        "Other Gand A": NaN,
        "Salaries And Wages": NaN,
        "Gross Profit": 663000000.0,
        "Cost Of Revenue": 339800000.0,
        "Total Revenue": 1002800000.0,
        "Operating Revenue": 1002800000.0
    },
    "2024-10-31": {
        "Tax Effect Of Unusual Items": -606168.446026,
        "Tax Rate For Calcs": 0.303084,
        "Normalized EBITDA": 288600000.0,
        "Total Unusual Items": -2000000.0,
        "Total Unusual Items Excluding Goodwill": -2000000.0,
        "Net Income From Continuing Operation Net Minority Interest": 117500000.0,
        "Reconciled Depreciation": 91000000.0,
        "Reconciled Cost Of Revenue": 299900000.0,
        "EBITDA": 286600000.0,
        "EBIT": 195600000.0,
        "Net Interest Income": -27000000.0,
        "Interest Expense": 27000000.0,
        "Normalized Income": 118893831.553974,
        "Net Income From Continuing And Discontinued Operation": 117500000.0,
        "Total Expenses": 820000000.0,
        "Total Operating Income As Reported": 198400000.0,
        "Diluted Average Shares": 201100000.0,
        "Basic Average Shares": 199600000.0,
        "Diluted EPS": 0.58,
        "Basic EPS": 0.588677,
        "Diluted NI Availto Com Stockholders": 117500000.0,
        "Net Income Common Stockholders": 117500000.0,
        "Net Income": 117500000.0,
        "Net Income Including Noncontrolling Interests": 117500000.0,
        "Net Income Continuous Operations": 117500000.0,
        "Tax Provision": 51100000.0,
        "Pretax Income": 168600000.0,
        "Other Income Expense": -2800000.0,
        "Other Non Operating Income Expenses": -800000.0,
        "Gain On Sale Of Security": -2000000.0,
        "Net Non Operating Interest Income Expense": -27000000.0,
        "Interest Expense Non Operating": 27000000.0,
        "Operating Income": 198400000.0,
        "Operating Expense": 479300000.0,
        "Depreciation Amortization Depletion Income Statement": 50200000.0,
        "Depreciation And Amortization In Income Statement": 50200000.0,
        "Amortization": 50200000.0,
        "Amortization Of Intangibles Income Statement": 50200000.0,
        "Research And Development": 37700000.0,
        "Selling General And Administration": 391400000.0,
        "General And Administrative Expense": NaN,
        "Other Gand A": NaN,
        "Salaries And Wages": NaN,
        "Gross Profit": 677700000.0,
        "Cost Of Revenue": 340700000.0,
        "Total Revenue": 1018400000.0,
        "Operating Revenue": 1018400000.0
    },
    "2025-01-31": {
        "Tax Effect Of Unusual Items": -960000.0,
        "Tax Rate For Calcs": 0.32,
        "Normalized EBITDA": 273300000.0,
        "Total Unusual Items": -3000000.0,
        "Total Unusual Items Excluding Goodwill": -3000000.0,
        "Net Income From Continuing Operation Net Minority Interest": 104300000.0,
        "Reconciled Depreciation": 91000000.0,
        "Reconciled Cost Of Revenue": 263100000.0,
        "EBITDA": 270300000.0,
        "EBIT": 179300000.0,
        "Net Interest Income": -26000000.0,
        "Interest Expense": 26000000.0,
        "Normalized Income": 106340000.0,
        "Net Income From Continuing And Discontinued Operation": 104300000.0,
        "Total Expenses": 782700000.0,
        "Total Operating Income As Reported": 182000000.0,
        "Diluted Average Shares": 201200000.0,
        "Basic Average Shares": 199700000.0,
        "Diluted EPS": 0.52,
        "Basic EPS": 0.52,
        "Diluted NI Availto Com Stockholders": 104300000.0,
        "Net Income Common Stockholders": 104300000.0,
        "Net Income": 104300000.0,
        "Net Income Including Noncontrolling Interests": 104300000.0,
        "Net Income Continuous Operations": 104300000.0,
        "Tax Provision": 49000000.0,
        "Pretax Income": 153300000.0,
        "Other Income Expense": -2700000.0,
        "Other Non Operating Income Expenses": 300000.0,
        "Gain On Sale Of Security": -3000000.0,
        "Net Non Operating Interest Income Expense": -26000000.0,
        "Interest Expense Non Operating": 26000000.0,
        "Operating Income": 182000000.0,
        "Operating Expense": 478200000.0,
        "Depreciation Amortization Depletion Income Statement": 49600000.0,
        "Depreciation And Amortization In Income Statement": 49600000.0,
        "Amortization": 49600000.0,
        "Amortization Of Intangibles Income Statement": 49600000.0,
        "Research And Development": 40700000.0,
        "Selling General And Administration": 387900000.0,
        "General And Administrative Expense": NaN,
        "Other Gand A": NaN,
        "Salaries And Wages": NaN,
        "Gross Profit": 660200000.0,
        "Cost Of Revenue": 304500000.0,
        "Total Revenue": 964700000.0,
        "Operating Revenue": 964700000.0
    }
}