{
    "2023-03-31": {
        "Tax Effect Of Unusual Items": -219030.0,
        "Tax Rate For Calcs": 0.21,
        "Normalized EBITDA": 12560000.0,
        "Total Unusual Items": -1043000.0,
        "Total Unusual Items Excluding Goodwill": -1043000.0,
        "Net Income From Continuing Operation Net Minority Interest": -10930000.0,
        "Reconciled Depreciation": 14202000.0,
        "Reconciled Cost Of Revenue": 92425000.0,
        "EBITDA": 11517000.0,
        "EBIT": -2685000.0,
        "Net Interest Income": -8081000.0,
        "Interest Expense": 8081000.0,
        "Normalized Income": -10106030.0,
        "Net Income From Continuing And Discontinued Operation": -10930000.0,
        "Total Expenses": 155381000.0,
        "Total Operating Income As Reported": -3263000.0,
        "Diluted Average Shares": 122699114.0,
        "Basic Average Shares": 122699114.0,
        "Diluted EPS": -0.09,
        "Basic EPS": -0.09,
        "Diluted NI Availto Com Stockholders": -10930000.0,
        "Net Income Common Stockholders": -10930000.0,
        "Net Income": -10930000.0,
        "Net Income Including Noncontrolling Interests": -10930000.0,
        "Net Income Continuous Operations": -10930000.0,
        "Tax Provision": 164000.0,
        "Pretax Income": -10766000.0,
        "Other Income Expense": -465000.0,
        "Other Non Operating Income Expenses": 578000.0,
        "Special Income Charges": -1043000.0,
        "Impairment Of Capital Assets": NaN,
        "Restructuring And Mergern Acquisition": 1043000.0,
        "Net Non Operating Interest Income Expense": -8081000.0,
        "Interest Expense Non Operating": 8081000.0,
        "Operating Income": -2220000.0,
        "Operating Expense": 57643000.0,
        "Depreciation Amortization Depletion Income Statement": 8889000.0,
        "Depreciation And Amortization In Income Statement": 8889000.0,
        "Amortization": 8889000.0,
        "Amortization Of Intangibles Income Statement": 8889000.0,
        "Selling General And Administration": 48754000.0,
        "Selling And Marketing Expense": 22075000.0,
        "General And Administrative Expense": 26679000.0,
        "Other Gand A": 26679000.0,
        "Gross Profit": 55423000.0,
        "Cost Of Revenue": 97738000.0,
        "Total Revenue": 153161000.0,
        "Operating Revenue": 153161000.0
    },
    "2022-12-31": {
        "Tax Effect Of Unusual Items": NaN,
        "Tax Rate For Calcs": NaN,
        "Normalized EBITDA": NaN,
        "Total Unusual Items": NaN,
        "Total Unusual Items Excluding Goodwill": NaN,
        "Net Income From Continuing Operation Net Minority Interest": NaN,
        "Reconciled Depreciation": NaN,
        "Reconciled Cost Of Revenue": NaN,
        "EBITDA": NaN,
        "EBIT": NaN,
        "Net Interest Income": NaN,
        "Interest Expense": NaN,
        "Normalized Income": NaN,
        "Net Income From Continuing And Discontinued Operation": NaN,
        "Total Expenses": NaN,
        "Total Operating Income As Reported": NaN,
        "Diluted Average Shares": NaN,
        "Basic Average Shares": NaN,
        "Diluted EPS": NaN,
        "Basic EPS": NaN,
        "Diluted NI Availto Com Stockholders": NaN,
        "Net Income Common Stockholders": NaN,
        "Net Income": NaN,
        "Net Income Including Noncontrolling Interests": NaN,
        "Net Income Continuous Operations": NaN,
        "Tax Provision": NaN,
        "Pretax Income": NaN,
        "Other Income Expense": NaN,
        "Other Non Operating Income Expenses": NaN,
        "Special Income Charges": NaN,
        "Impairment Of Capital Assets": 0.0,
        "Restructuring And Mergern Acquisition": NaN,
        "Net Non Operating Interest Income Expense": NaN,
        "Interest Expense Non Operating": NaN,
        "Operating Income": NaN,
        "Operating Expense": NaN,
        "Depreciation Amortization Depletion Income Statement": NaN,
        "Depreciation And Amortization In Income Statement": NaN,
        "Amortization": NaN,
        "Amortization Of Intangibles Income Statement": NaN,
        "Selling General And Administration": NaN,
        "Selling And Marketing Expense": NaN,
        "General And Administrative Expense": NaN,
        "Other Gand A": NaN,
        "Gross Profit": NaN,
        "Cost Of Revenue": NaN,
        "Total Revenue": NaN,
        "Operating Revenue": NaN
    },
    "2022-09-30": {
        "Tax Effect Of Unusual Items": NaN,
        "Tax Rate For Calcs": NaN,
        "Normalized EBITDA": NaN,
        "Total Unusual Items": NaN,
        "Total Unusual Items Excluding Goodwill": NaN,
        "Net Income From Continuing Operation Net Minority Interest": NaN,
        "Reconciled Depreciation": NaN,
        "Reconciled Cost Of Revenue": NaN,
        "EBITDA": NaN,
        "EBIT": NaN,
        "Net Interest Income": NaN,
        "Interest Expense": NaN,
        "Normalized Income": NaN,
        "Net Income From Continuing And Discontinued Operation": NaN,
        "Total Expenses": NaN,
        "Total Operating Income As Reported": NaN,
        "Diluted Average Shares": NaN,
        "Basic Average Shares": NaN,
        "Diluted EPS": NaN,
        "Basic EPS": NaN,
        "Diluted NI Availto Com Stockholders": NaN,
        "Net Income Common Stockholders": NaN,
        "Net Income": NaN,
        "Net Income Including Noncontrolling Interests": NaN,
        "Net Income Continuous Operations": NaN,
        "Tax Provision": NaN,
        "Pretax Income": NaN,
        "Other Income Expense": NaN,
        "Other Non Operating Income Expenses": NaN,
        "Special Income Charges": NaN,
        "Impairment Of Capital Assets": 110837000.0,
        "Restructuring And Mergern Acquisition": NaN,
        "Net Non Operating Interest Income Expense": NaN,
        "Interest Expense Non Operating": NaN,
        "Operating Income": NaN,
        "Operating Expense": NaN,
        "Depreciation Amortization Depletion Income Statement": NaN,
        "Depreciation And Amortization In Income Statement": NaN,
        "Amortization": NaN,
        "Amortization Of Intangibles Income Statement": NaN,
        "Selling General And Administration": NaN,
        "Selling And Marketing Expense": NaN,
        "General And Administrative Expense": NaN,
        "Other Gand A": NaN,
        "Gross Profit": NaN,
        "Cost Of Revenue": NaN,
        "Total Revenue": NaN,
        "Operating Revenue": NaN
    },
    "2022-06-30": {
        "Tax Effect Of Unusual Items": -44696000.0,
        "Tax Rate For Calcs": 0.4,
        "Normalized EBITDA": -4541000.0,
        "Total Unusual Items": -111740000.0,
        "Total Unusual Items Excluding Goodwill": -111740000.0,
        "Net Income From Continuing Operation Net Minority Interest": -132279000.0,
        "Reconciled Depreciation": 8888000.0,
        "Reconciled Cost Of Revenue": 126764000.0,
        "EBITDA": -116281000.0,
        "EBIT": -125169000.0,
        "Net Interest Income": -7064000.0,
        "Interest Expense": 7064000.0,
        "Normalized Income": -65235000.0,
        "Net Income From Continuing And Discontinued Operation": -132279000.0,
        "Total Expenses": 208349000.0,
        "Total Operating Income As Reported": -119819000.0,
        "Diluted Average Shares": 118211168.0,
        "Basic Average Shares": 118211168.0,
        "Diluted EPS": -1.13,
        "Basic EPS": -1.13,
        "Diluted NI Availto Com Stockholders": -132279000.0,
        "Net Income Common Stockholders": -132279000.0,
        "Net Income": -132279000.0,
        "Net Income Including Noncontrolling Interests": -132279000.0,
        "Net Income Continuous Operations": -132279000.0,
        "Tax Provision": 46000.0,
        "Pretax Income": -132233000.0,
        "Other Income Expense": -117090000.0,
        "Other Non Operating Income Expenses": -5350000.0,
        "Special Income Charges": -111740000.0,
        "Impairment Of Capital Assets": 111485000.0,
        "Restructuring And Mergern Acquisition": 255000.0,
        "Net Non Operating Interest Income Expense": -7064000.0,
        "Interest Expense Non Operating": 7064000.0,
        "Operating Income": -8079000.0,
        "Operating Expense": 81585000.0,
        "Depreciation Amortization Depletion Income Statement": 8888000.0,
        "Depreciation And Amortization In Income Statement": 8888000.0,
        "Amortization": 8888000.0,
        "Amortization Of Intangibles Income Statement": 8888000.0,
        "Selling General And Administration": 72697000.0,
        "Selling And Marketing Expense": 43811000.0,
        "General And Administrative Expense": 28886000.0,
        "Other Gand A": 28886000.0,
        "Gross Profit": 73506000.0,
        "Cost Of Revenue": 126764000.0,
        "Total Revenue": 200270000.0,
        "Operating Revenue": 200270000.0
    },
    "2022-03-31": {
        "Diluted EPS": -0.08,
        "Total Revenue": 224,
        "Gross Profit": 83,
        "Operating Income": -4,
        "EBIT": 10,
        "Net Income": -9
    },
    "2021-12-31": {
        "Diluted EPS": -0.35,
        "Total Revenue": 175,
        "Gross Profit": 63,
        "Operating Income": -30,
        "EBIT": -16,
        "Net Income": -37
    },
    "2021-09-30": {
        "Diluted EPS": -0.78,
        "Total Revenue": 162,
        "Gross Profit": 54,
        "Operating Income": -82,
        "EBIT": -68,
        "Net Income": -89
    },
    "2021-06-30": {
        "Diluted EPS": -0.05,
        "Total Revenue": 213,
        "Gross Profit": 83,
        "Operating Income": 3,
        "EBIT": 14,
        "Net Income": -5
    },
    "2021-03-31": {
        "Diluted EPS": 0.36,
        "Total Revenue": 236,
        "Gross Profit": 101,
        "Operating Income": 48,
        "EBIT": 59,
        "Net Income": 39
    },
    "2020-12-31": {
        "Diluted EPS": -0.02,
        "Total Revenue": 134,
        "Gross Profit": 51,
        "Operating Income": -2,
        "EBIT": 10,
        "Net Income": -4
    },
    "2020-09-30": {
        "Diluted EPS": 0.07,
        "Total Revenue": 145,
        "Gross Profit": 66,
        "Operating Income": 14,
        "EBIT": 25,
        "Net Income": 8
    },
    "2020-06-30": {
        "Diluted EPS": 0.17,
        "Total Revenue": 153,
        "Gross Profit": 67,
        "Operating Income": 28,
        "EBIT": 39,
        "Net Income": 19
    },
    "2020-03-31": {
        "Diluted EPS": 0.07,
        "Total Revenue": 114,
        "Gross Profit": 52,
        "Operating Income": 18,
        "EBIT": 28,
        "Net Income": 8
    },
    "2019-12-31": {
        "Diluted EPS": 0.0,
        "Total Revenue": NaN,
        "Gross Profit": NaN,
        "Operating Income": NaN,
        "EBIT": NaN,
        "Net Income": NaN
    },
    "2023-06-30": {
        "Tax Effect Of Unusual Items": NaN,
        "Tax Rate For Calcs": NaN,
        "Normalized EBITDA": NaN,
        "Total Unusual Items": NaN,
        "Total Unusual Items Excluding Goodwill": NaN,
        "Net Income From Continuing Operation Net Minority Interest": NaN,
        "Reconciled Depreciation": NaN,
        "Reconciled Cost Of Revenue": NaN,
        "EBITDA": NaN,
        "EBIT": NaN,
        "Net Interest Income": NaN,
        "Interest Expense": NaN,
        "Normalized Income": NaN,
        "Net Income From Continuing And Discontinued Operation": NaN,
        "Total Expenses": NaN,
        "Total Operating Income As Reported": NaN,
        "Diluted Average Shares": NaN,
        "Basic Average Shares": NaN,
        "Diluted EPS": NaN,
        "Basic EPS": NaN,
        "Diluted NI Availto Com Stockholders": NaN,
        "Net Income Common Stockholders": NaN,
        "Net Income": NaN,
        "Net Income Including Noncontrolling Interests": NaN,
        "Net Income Continuous Operations": NaN,
        "Tax Provision": NaN,
        "Pretax Income": NaN,
        "Other Income Expense": NaN,
        "Other Non Operating Income Expenses": NaN,
        "Special Income Charges": NaN,
        "Impairment Of Capital Assets": 0.0,
        "Restructuring And Mergern Acquisition": NaN,
        "Net Non Operating Interest Income Expense": NaN,
        "Interest Expense Non Operating": NaN,
        "Operating Income": NaN,
        "Operating Expense": NaN,
        "Depreciation Amortization Depletion Income Statement": NaN,
        "Depreciation And Amortization In Income Statement": NaN,
        "Amortization": NaN,
        "Amortization Of Intangibles Income Statement": NaN,
        "Selling General And Administration": NaN,
        "Selling And Marketing Expense": NaN,
        "General And Administrative Expense": NaN,
        "Other Gand A": NaN,
        "Gross Profit": NaN,
        "Cost Of Revenue": NaN,
        "Total Revenue": NaN,
        "Operating Revenue": NaN
    },
    "2023-09-30": {
        "Tax Effect Of Unusual Items": NaN,
        "Tax Rate For Calcs": NaN,
        "Normalized EBITDA": NaN,
        "Total Unusual Items": NaN,
        "Total Unusual Items Excluding Goodwill": NaN,
        "Net Income From Continuing Operation Net Minority Interest": NaN,
        "Reconciled Depreciation": NaN,
        "Reconciled Cost Of Revenue": NaN,
        "EBITDA": NaN,
        "EBIT": NaN,
        "Net Interest Income": NaN,
        "Interest Expense": NaN,
        "Normalized Income": NaN,
        "Net Income From Continuing And Discontinued Operation": NaN,
        "Total Expenses": NaN,
        "Total Operating Income As Reported": NaN,
        "Diluted Average Shares": NaN,
        "Basic Average Shares": NaN,
        "Diluted EPS": NaN,
        "Basic EPS": NaN,
        "Diluted NI Availto Com Stockholders": NaN,
        "Net Income Common Stockholders": NaN,
        "Net Income": NaN,
        "Net Income Including Noncontrolling Interests": NaN,
        "Net Income Continuous Operations": NaN,
        "Tax Provision": NaN,
        "Pretax Income": NaN,
        "Other Income Expense": NaN,
        "Other Non Operating Income Expenses": NaN,
        "Special Income Charges": NaN,
        "Impairment Of Capital Assets": 0.0,
        "Restructuring And Mergern Acquisition": NaN,
        "Net Non Operating Interest Income Expense": NaN,
        "Interest Expense Non Operating": NaN,
        "Operating Income": NaN,
        "Operating Expense": NaN,
        "Depreciation Amortization Depletion Income Statement": NaN,
        "Depreciation And Amortization In Income Statement": NaN,
        "Amortization": NaN,
        "Amortization Of Intangibles Income Statement": NaN,
        "Selling General And Administration": NaN,
        "Selling And Marketing Expense": NaN,
        "General And Administrative Expense": NaN,
        "Other Gand A": NaN,
        "Gross Profit": NaN,
        "Cost Of Revenue": NaN,
        "Total Revenue": NaN,
        "Operating Revenue": NaN
    },
    "2023-12-31": {
        "Tax Effect Of Unusual Items": NaN,
        "Tax Rate For Calcs": NaN,
        "Normalized EBITDA": NaN,
        "Total Unusual Items": NaN,
        "Total Unusual Items Excluding Goodwill": NaN,
        "Net Income From Continuing Operation Net Minority Interest": NaN,
        "Reconciled Depreciation": NaN,
        "Reconciled Cost Of Revenue": NaN,
        "EBITDA": NaN,
        "EBIT": NaN,
        "Net Interest Income": NaN,
        "Interest Expense": NaN,
        "Normalized Income": NaN,
        "Net Income From Continuing And Discontinued Operation": NaN,
        "Total Expenses": NaN,
        "Total Operating Income As Reported": NaN,
        "Diluted Average Shares": NaN,
        "Basic Average Shares": NaN,
        "Diluted EPS": NaN,
        "Basic EPS": NaN,
        "Diluted NI Availto Com Stockholders": NaN,
        "Net Income Common Stockholders": NaN,
        "Net Income": NaN,
        "Net Income Including Noncontrolling Interests": NaN,
        "Net Income Continuous Operations": NaN,
        "Tax Provision": NaN,
        "Pretax Income": NaN,
        "Other Income Expense": NaN,
        "Other Non Operating Income Expenses": NaN,
        "Special Income Charges": NaN,
        "Impairment Of Capital Assets": 0.0,
        "Restructuring And Mergern Acquisition": NaN,
        "Net Non Operating Interest Income Expense": NaN,
        "Interest Expense Non Operating": NaN,
        "Operating Income": NaN,
        "Operating Expense": NaN,
        "Depreciation Amortization Depletion Income Statement": NaN,
        "Depreciation And Amortization In Income Statement": NaN,
        "Amortization": NaN,
        "Amortization Of Intangibles Income Statement": NaN,
        "Selling General And Administration": NaN,
        "Selling And Marketing Expense": NaN,
        "General And Administrative Expense": NaN,
        "Other Gand A": NaN,
        "Gross Profit": NaN,
        "Cost Of Revenue": NaN,
        "Total Revenue": NaN,
        "Operating Revenue": NaN
    },
    "2024-03-31": {
        "Tax Effect Of Unusual Items": NaN,
        "Tax Rate For Calcs": NaN,
        "Normalized EBITDA": NaN,
        "Total Unusual Items": 0.0,
        "Total Unusual Items Excluding Goodwill": 0.0,
        "Net Income From Continuing Operation Net Minority Interest": NaN,
        "Reconciled Depreciation": NaN,
        "Reconciled Cost Of Revenue": NaN,
        "EBITDA": NaN,
        "EBIT": NaN,
        "Net Interest Income": NaN,
        "Interest Expense": NaN,
        "Normalized Income": NaN,
        "Net Income From Continuing And Discontinued Operation": NaN,
        "Total Expenses": NaN,
        "Total Operating Income As Reported": NaN,
        "Diluted Average Shares": NaN,
        "Basic Average Shares": NaN,
        "Diluted EPS": NaN,
        "Basic EPS": NaN,
        "Diluted NI Availto Com Stockholders": NaN,
        "Net Income Common Stockholders": NaN,
        "Net Income": NaN,
        "Net Income Including Noncontrolling Interests": NaN,
        "Net Income Continuous Operations": NaN,
        "Tax Provision": NaN,
        "Pretax Income": NaN,
        "Other Income Expense": NaN,
        "Other Non Operating Income Expenses": NaN,
        "Special Income Charges": 0.0,
        "Restructuring And Mergern Acquisition": 0.0,
        "Net Non Operating Interest Income Expense": NaN,
        "Interest Expense Non Operating": NaN,
        "Operating Income": NaN,
        "Operating Expense": NaN,
        "Depreciation Amortization Depletion Income Statement": NaN,
        "Depreciation And Amortization In Income Statement": NaN,
        "Amortization": NaN,
        "Amortization Of Intangibles Income Statement": NaN,
        "Selling General And Administration": NaN,
        "Selling And Marketing Expense": NaN,
        "General And Administrative Expense": NaN,
        "Other Gand A": NaN,
        "Gross Profit": NaN,
        "Cost Of Revenue": NaN,
        "Total Revenue": NaN,
        "Operating Revenue": NaN
    },
    "2024-06-30": {
        "Tax Effect Of Unusual Items": NaN,
        "Tax Rate For Calcs": NaN,
        "Normalized EBITDA": NaN,
        "Total Unusual Items": 0.0,
        "Total Unusual Items Excluding Goodwill": 0.0,
        "Net Income From Continuing Operation Net Minority Interest": NaN,
        "Reconciled Depreciation": NaN,
        "Reconciled Cost Of Revenue": NaN,
        "EBITDA": NaN,
        "EBIT": NaN,
        "Net Interest Income": NaN,
        "Interest Expense": NaN,
        "Normalized Income": NaN,
        "Net Income From Continuing And Discontinued Operation": NaN,
        "Total Expenses": NaN,
        "Total Operating Income As Reported": NaN,
        "Diluted Average Shares": NaN,
        "Basic Average Shares": NaN,
        "Diluted EPS": NaN,
        "Basic EPS": NaN,
        "Diluted NI Availto Com Stockholders": NaN,
        "Net Income Common Stockholders": NaN,
        "Net Income": NaN,
        "Net Income Including Noncontrolling Interests": NaN,
        "Net Income Continuous Operations": NaN,
        "Tax Provision": NaN,
        "Pretax Income": NaN,
        "Other Income Expense": NaN,
        "Other Non Operating Income Expenses": NaN,
        "Special Income Charges": 0.0,
        "Impairment Of Capital Assets": NaN,
        "Restructuring And Mergern Acquisition": 0.0,
        "Net Non Operating Interest Income Expense": NaN,
        "Interest Expense Non Operating": NaN,
        "Operating Income": NaN,
        "Operating Expense": NaN,
        "Depreciation Amortization Depletion Income Statement": NaN,
        "Depreciation And Amortization In Income Statement": NaN,
        "Amortization": NaN,
        "Amortization Of Intangibles Income Statement": NaN,
        "Selling General And Administration": NaN,
        "Selling And Marketing Expense": NaN,
        "General And Administrative Expense": NaN,
        "Other Gand A": NaN,
        "Gross Profit": NaN,
        "Cost Of Revenue": NaN,
        "Total Revenue": NaN,
        "Operating Revenue": NaN
    },
    "2024-09-30": {
        "Tax Effect Of Unusual Items": 0.0,
        "Tax Rate For Calcs": 0.006875,
        "Normalized EBITDA": 2491000.0,
        "Total Unusual Items": 0.0,
        "Total Unusual Items Excluding Goodwill": 0.0,
        "Net Income From Continuing Operation Net Minority Interest": -19789000.0,
        "Reconciled Depreciation": 13883000.0,
        "Reconciled Cost Of Revenue": 65298000.0,
        "EBITDA": 2491000.0,
        "EBIT": -11392000.0,
        "Net Interest Income": -8534000.0,
        "Interest Expense": 8534000.0,
        "Normalized Income": -19789000.0,
        "Net Income From Continuing And Discontinued Operation": -19789000.0,
        "Total Expenses": 129478000.0,
        "Total Operating Income As Reported": -7428000.0,
        "Diluted Average Shares": 128291933.0,
        "Basic Average Shares": 128291933.0,
        "Diluted EPS": -0.15,
        "Basic EPS": -0.15,
        "Diluted NI Availto Com Stockholders": -19789000.0,
        "Net Income Common Stockholders": -19789000.0,
        "Net Income": -19789000.0,
        "Net Income Including Noncontrolling Interests": -19789000.0,
        "Net Income Continuous Operations": -19789000.0,
        "Tax Provision": -137000.0,
        "Pretax Income": -19926000.0,
        "Other Income Expense": -3964000.0,
        "Other Non Operating Income Expenses": -3964000.0,
        "Special Income Charges": 0.0,
        "Impairment Of Capital Assets": 0.0,
        "Restructuring And Mergern Acquisition": 0.0,
        "Net Non Operating Interest Income Expense": -8534000.0,
        "Interest Expense Non Operating": 8534000.0,
        "Operating Income": -7428000.0,
        "Operating Expense": 59116000.0,
        "Depreciation Amortization Depletion Income Statement": 8819000.0,
        "Depreciation And Amortization In Income Statement": 8819000.0,
        "Amortization": 8819000.0,
        "Amortization Of Intangibles Income Statement": 8819000.0,
        "Selling General And Administration": 50297000.0,
        "Selling And Marketing Expense": 26162000.0,
        "General And Administrative Expense": 24135000.0,
        "Other Gand A": 24135000.0,
        "Gross Profit": 51688000.0,
        "Cost Of Revenue": 70362000.0,
        "Total Revenue": 122050000.0,
        "Operating Revenue": 122050000.0
    },
    "2024-12-31": {
        "Tax Effect Of Unusual Items": 0.0,
        "Tax Rate For Calcs": 0.221961,
        "Normalized EBITDA": 13502000.0,
        "Total Unusual Items": 0.0,
        "Total Unusual Items Excluding Goodwill": 0.0,
        "Net Income From Continuing Operation Net Minority Interest": -6958000.0,
        "Reconciled Depreciation": 14253000.0,
        "Reconciled Cost Of Revenue": 94312000.0,
        "EBITDA": 13502000.0,
        "EBIT": -751000.0,
        "Net Interest Income": -8192000.0,
        "Interest Expense": 8192000.0,
        "Normalized Income": -6958000.0,
        "Net Income From Continuing And Discontinued Operation": -6958000.0,
        "Total Expenses": 168875000.0,
        "Total Operating Income As Reported": -238000.0,
        "Diluted Average Shares": 129174440.0,
        "Basic Average Shares": 129174440.0,
        "Diluted EPS": -0.05,
        "Basic EPS": -0.05,
        "Diluted NI Availto Com Stockholders": -6958000.0,
        "Net Income Common Stockholders": -6958000.0,
        "Net Income": -6958000.0,
        "Net Income Including Noncontrolling Interests": -6958000.0,
        "Net Income Continuous Operations": -6958000.0,
        "Tax Provision": -1985000.0,
        "Pretax Income": -8943000.0,
        "Other Income Expense": -513000.0,
        "Other Non Operating Income Expenses": -513000.0,
        "Special Income Charges": 0.0,
        "Impairment Of Capital Assets": NaN,
        "Restructuring And Mergern Acquisition": 0.0,
        "Net Non Operating Interest Income Expense": -8192000.0,
        "Interest Expense Non Operating": 8192000.0,
        "Operating Income": -238000.0,
        "Operating Expense": 69128000.0,
        "Depreciation Amortization Depletion Income Statement": 8818000.0,
        "Depreciation And Amortization In Income Statement": 8818000.0,
        "Amortization": 8818000.0,
        "Amortization Of Intangibles Income Statement": 8818000.0,
        "Selling General And Administration": 60310000.0,
        "Selling And Marketing Expense": 33591000.0,
        "General And Administrative Expense": 26719000.0,
        "Other Gand A": 26719000.0,
        "Gross Profit": 68890000.0,
        "Cost Of Revenue": 99747000.0,
        "Total Revenue": 168637000.0,
        "Operating Revenue": 168637000.0
    },
    "2025-03-31": {
        "Tax Effect Of Unusual Items": 0.0,
        "Tax Rate For Calcs": 0.21,
        "Normalized EBITDA": 19756000.0,
        "Total Unusual Items": NaN,
        "Total Unusual Items Excluding Goodwill": NaN,
        "Net Income From Continuing Operation Net Minority Interest": -778000.0,
        "Reconciled Depreciation": 14241000.0,
        "Reconciled Cost Of Revenue": 78401000.0,
        "EBITDA": 19756000.0,
        "EBIT": 5515000.0,
        "Net Interest Income": -7893000.0,
        "Interest Expense": 7893000.0,
        "Normalized Income": -778000.0,
        "Net Income From Continuing And Discontinued Operation": -778000.0,
        "Total Expenses": 139871000.0,
        "Total Operating Income As Reported": 3412000.0,
        "Diluted Average Shares": 129295421.0,
        "Basic Average Shares": 129295421.0,
        "Diluted EPS": -0.01,
        "Basic EPS": -0.01,
        "Diluted NI Availto Com Stockholders": -778000.0,
        "Net Income Common Stockholders": -778000.0,
        "Net Income": -778000.0,
        "Net Income Including Noncontrolling Interests": -778000.0,
        "Net Income Continuous Operations": -778000.0,
        "Tax Provision": -1600000.0,
        "Pretax Income": -2378000.0,
        "Other Income Expense": 2103000.0,
        "Other Non Operating Income Expenses": 2103000.0,
        "Special Income Charges": NaN,
        "Impairment Of Capital Assets": NaN,
        "Restructuring And Mergern Acquisition": NaN,
        "Net Non Operating Interest Income Expense": -7893000.0,
        "Interest Expense Non Operating": 7893000.0,
        "Operating Income": 3412000.0,
        "Operating Expense": 56047000.0,
        "Depreciation Amortization Depletion Income Statement": 8818000.0,
        "Depreciation And Amortization In Income Statement": 8818000.0,
        "Amortization": 8818000.0,
        "Amortization Of Intangibles Income Statement": 8818000.0,
        "Selling General And Administration": 47229000.0,
        "Selling And Marketing Expense": 22210000.0,
        "General And Administrative Expense": 25019000.0,
        "Other Gand A": 25019000.0,
        "Gross Profit": 59459000.0,
        "Cost Of Revenue": 83824000.0,
        "Total Revenue": 143283000.0,
        "Operating Revenue": 143283000.0
    },
    "2025-06-30": {
        "Tax Effect Of Unusual Items": -174403.601286,
        "Tax Rate For Calcs": 0.050289,
        "Normalized EBITDA": 17095000.0,
        "Total Unusual Items": -3468000.0,
        "Total Unusual Items Excluding Goodwill": -3468000.0,
        "Net Income From Continuing Operation Net Minority Interest": -7384000.0,
        "Reconciled Depreciation": 13311000.0,
        "Reconciled Cost Of Revenue": 83988000.0,
        "EBITDA": 13627000.0,
        "EBIT": 316000.0,
        "Net Interest Income": -8091000.0,
        "Interest Expense": 8091000.0,
        "Normalized Income": -4090403.601286,
        "Net Income From Continuing And Discontinued Operation": -7384000.0,
        "Total Expenses": 148110000.0,
        "Total Operating Income As Reported": -6095000.0,
        "Diluted Average Shares": 133289523.0,
        "Basic Average Shares": 133289523.0,
        "Diluted EPS": -0.06,
        "Basic EPS": -0.06,
        "Diluted NI Availto Com Stockholders": -7384000.0,
        "Net Income Common Stockholders": -7384000.0,
        "Net Income": -7384000.0,
        "Net Income Including Noncontrolling Interests": -7384000.0,
        "Net Income Continuous Operations": -7384000.0,
        "Tax Provision": -391000.0,
        "Pretax Income": -7775000.0,
        "Other Income Expense": 2943000.0,
        "Other Non Operating Income Expenses": 6411000.0,
        "Special Income Charges": -3468000.0,
        "Impairment Of Capital Assets": NaN,
        "Restructuring And Mergern Acquisition": 3468000.0,
        "Net Non Operating Interest Income Expense": -8091000.0,
        "Interest Expense Non Operating": 8091000.0,
        "Operating Income": -2627000.0,
        "Operating Expense": 59627000.0,
        "Depreciation Amortization Depletion Income Statement": 8816000.0,
        "Depreciation And Amortization In Income Statement": 8816000.0,
        "Amortization": 8816000.0,
        "Amortization Of Intangibles Income Statement": 8816000.0,
        "Selling General And Administration": 50811000.0,
        "Selling And Marketing Expense": 24779000.0,
        "General And Administrative Expense": 26032000.0,
        "Other Gand A": 26032000.0,
        "Gross Profit": 57000000.0,
        "Cost Of Revenue": 88483000.0,
        "Total Revenue": 145483000.0,
        "Operating Revenue": 145483000.0
    },
    "2025-09-30": {
        "Tax Effect Of Unusual Items": -275671.870492,
        "Tax Rate For Calcs": 0.003406,
        "Normalized EBITDA": 11918000.0,
        "Total Unusual Items": -80929000.0,
        "Total Unusual Items Excluding Goodwill": -80929000.0,
        "Net Income From Continuing Operation Net Minority Interest": -89819000.0,
        "Reconciled Depreciation": 13300000.0,
        "Reconciled Cost Of Revenue": 72363000.0,
        "EBITDA": -69011000.0,
        "EBIT": -82311000.0,
        "Net Interest Income": -7815000.0,
        "Interest Expense": 7815000.0,
        "Normalized Income": -9165671.870492,
        "Net Income From Continuing And Discontinued Operation": -89819000.0,
        "Total Expenses": 127827000.0,
        "Total Operating Income As Reported": -83360000.0,
        "Diluted Average Shares": 134214292.0,
        "Basic Average Shares": 134214292.0,
        "Diluted EPS": -0.67,
        "Basic EPS": -0.67,
        "Diluted NI Availto Com Stockholders": -89819000.0,
        "Net Income Common Stockholders": -89819000.0,
        "Net Income": -89819000.0,
        "Net Income Including Noncontrolling Interests": -89819000.0,
        "Net Income Continuous Operations": -89819000.0,
        "Tax Provision": -307000.0,
        "Pretax Income": -90126000.0,
        "Other Income Expense": -79880000.0,
        "Other Non Operating Income Expenses": 1049000.0,
        "Special Income Charges": -80929000.0,
        "Impairment Of Capital Assets": 74725000.0,
        "Restructuring And Mergern Acquisition": 6204000.0,
        "Net Non Operating Interest Income Expense": -7815000.0,
        "Interest Expense Non Operating": 7815000.0,
        "Operating Income": -2431000.0,
        "Operating Expense": 50977000.0,
        "Depreciation Amortization Depletion Income Statement": 8813000.0,
        "Depreciation And Amortization In Income Statement": 8813000.0,
        "Amortization": 8813000.0,
        "Amortization Of Intangibles Income Statement": 8813000.0,
        "Selling General And Administration": 42164000.0,
        "Selling And Marketing Expense": 20000000.0,
        "General And Administrative Expense": 22164000.0,
        "Other Gand A": 22164000.0,
        "Gross Profit": 48546000.0,
        "Cost Of Revenue": 76850000.0,
        "Total Revenue": 125396000.0,
        "Operating Revenue": 125396000.0
    }
}