{
    "2023-06-30": {
        "Tax Effect Of Unusual Items": 0.0,
        "Tax Rate For Calcs": 0.282828,
        "Normalized EBITDA": 212000000.0,
        "Total Unusual Items": NaN,
        "Total Unusual Items Excluding Goodwill": NaN,
        "Net Income From Continuing Operation Net Minority Interest": 142000000.0,
        "Reconciled Depreciation": 9000000.0,
        "Reconciled Cost Of Revenue": 278000000.0,
        "EBITDA": 212000000.0,
        "EBIT": 203000000.0,
        "Normalized Income": 142000000.0,
        "Net Income From Continuing And Discontinued Operation": 142000000.0,
        "Total Expenses": 400000000.0,
        "Diluted Average Shares": 68606000.0,
        "Basic Average Shares": 67649000.0,
        "Diluted EPS": 2.07,
        "Basic EPS": 2.1,
        "Diluted NI Availto Com Stockholders": 142000000.0,
        "Net Income Common Stockholders": 142000000.0,
        "Otherunder Preferred Stock Dividend": NaN,
        "Net Income": 142000000.0,
        "Net Income Including Noncontrolling Interests": 142000000.0,
        "Net Income Discontinuous Operations": NaN,
        "Net Income Continuous Operations": 142000000.0,
        "Tax Provision": 56000000.0,
        "Pretax Income": 198000000.0,
        "Other Income Expense": -5000000.0,
        "Other Non Operating Income Expenses": -5000000.0,
        "Special Income Charges": NaN,
        "Restructuring And Mergern Acquisition": NaN,
        "Operating Income": 203000000.0,
        "Operating Expense": 122000000.0,
        "Selling General And Administration": 122000000.0,
        "General And Administrative Expense": 122000000.0,
        "Other Gand A": 122000000.0,
        "Gross Profit": 325000000.0,
        "Cost Of Revenue": 278000000.0,
        "Total Revenue": 603000000.0,
        "Operating Revenue": 603000000.0
    },
    "2023-03-31": {
        "Tax Effect Of Unusual Items": NaN,
        "Tax Rate For Calcs": NaN,
        "Normalized EBITDA": NaN,
        "Total Unusual Items": NaN,
        "Total Unusual Items Excluding Goodwill": NaN,
        "Net Income From Continuing Operation Net Minority Interest": NaN,
        "Reconciled Depreciation": NaN,
        "Reconciled Cost Of Revenue": NaN,
        "EBITDA": NaN,
        "EBIT": NaN,
        "Normalized Income": NaN,
        "Net Income From Continuing And Discontinued Operation": NaN,
        "Total Expenses": NaN,
        "Diluted Average Shares": NaN,
        "Basic Average Shares": NaN,
        "Diluted EPS": NaN,
        "Basic EPS": NaN,
        "Diluted NI Availto Com Stockholders": NaN,
        "Net Income Common Stockholders": NaN,
        "Otherunder Preferred Stock Dividend": 0.0,
        "Net Income": NaN,
        "Net Income Including Noncontrolling Interests": NaN,
        "Net Income Discontinuous Operations": 0.0,
        "Net Income Continuous Operations": NaN,
        "Tax Provision": NaN,
        "Pretax Income": NaN,
        "Other Income Expense": NaN,
        "Other Non Operating Income Expenses": NaN,
        "Special Income Charges": NaN,
        "Restructuring And Mergern Acquisition": NaN,
        "Operating Income": NaN,
        "Operating Expense": NaN,
        "Selling General And Administration": NaN,
        "General And Administrative Expense": NaN,
        "Other Gand A": NaN,
        "Gross Profit": NaN,
        "Cost Of Revenue": NaN,
        "Total Revenue": NaN,
        "Operating Revenue": NaN
    },
    "2022-12-31": {
        "Tax Effect Of Unusual Items": NaN,
        "Tax Rate For Calcs": NaN,
        "Normalized EBITDA": NaN,
        "Total Unusual Items": 0.0,
        "Total Unusual Items Excluding Goodwill": 0.0,
        "Net Income From Continuing Operation Net Minority Interest": NaN,
        "Reconciled Depreciation": NaN,
        "Reconciled Cost Of Revenue": NaN,
        "EBITDA": NaN,
        "EBIT": NaN,
        "Normalized Income": NaN,
        "Net Income From Continuing And Discontinued Operation": NaN,
        "Total Expenses": NaN,
        "Diluted Average Shares": NaN,
        "Basic Average Shares": NaN,
        "Diluted EPS": NaN,
        "Basic EPS": NaN,
        "Diluted NI Availto Com Stockholders": NaN,
        "Net Income Common Stockholders": NaN,
        "Otherunder Preferred Stock Dividend": 0.0,
        "Net Income": NaN,
        "Net Income Including Noncontrolling Interests": NaN,
        "Net Income Discontinuous Operations": 0.0,
        "Net Income Continuous Operations": NaN,
        "Tax Provision": NaN,
        "Pretax Income": NaN,
        "Other Income Expense": NaN,
        "Other Non Operating Income Expenses": NaN,
        "Special Income Charges": 0.0,
        "Gain On Sale Of Ppe": 0.0,
        "Restructuring And Mergern Acquisition": NaN,
        "Operating Income": NaN,
        "Operating Expense": NaN,
        "Selling General And Administration": NaN,
        "General And Administrative Expense": NaN,
        "Other Gand A": NaN,
        "Gross Profit": NaN,
        "Cost Of Revenue": NaN,
        "Total Revenue": NaN,
        "Operating Revenue": NaN
    },
    "2022-09-30": {
        "Tax Effect Of Unusual Items": NaN,
        "Tax Rate For Calcs": NaN,
        "Normalized EBITDA": NaN,
        "Total Unusual Items": NaN,
        "Total Unusual Items Excluding Goodwill": NaN,
        "Net Income From Continuing Operation Net Minority Interest": NaN,
        "Reconciled Depreciation": NaN,
        "Reconciled Cost Of Revenue": NaN,
        "EBITDA": NaN,
        "EBIT": NaN,
        "Normalized Income": NaN,
        "Net Income From Continuing And Discontinued Operation": NaN,
        "Total Expenses": NaN,
        "Diluted Average Shares": NaN,
        "Basic Average Shares": NaN,
        "Diluted EPS": NaN,
        "Basic EPS": NaN,
        "Diluted NI Availto Com Stockholders": NaN,
        "Net Income Common Stockholders": NaN,
        "Otherunder Preferred Stock Dividend": 0.0,
        "Net Income": NaN,
        "Net Income Including Noncontrolling Interests": NaN,
        "Net Income Discontinuous Operations": 0.0,
        "Net Income Continuous Operations": NaN,
        "Tax Provision": NaN,
        "Pretax Income": NaN,
        "Other Income Expense": NaN,
        "Other Non Operating Income Expenses": NaN,
        "Special Income Charges": NaN,
        "Gain On Sale Of Ppe": NaN,
        "Restructuring And Mergern Acquisition": NaN,
        "Operating Income": NaN,
        "Operating Expense": NaN,
        "Selling General And Administration": NaN,
        "General And Administrative Expense": NaN,
        "Other Gand A": NaN,
        "Gross Profit": NaN,
        "Cost Of Revenue": NaN,
        "Total Revenue": NaN,
        "Operating Revenue": NaN
    },
    "2022-06-30": {
        "Tax Effect Of Unusual Items": 0.0,
        "Tax Rate For Calcs": 0.26,
        "Normalized EBITDA": 219000000.0,
        "Net Income From Continuing Operation Net Minority Interest": 151000000.0,
        "Reconciled Depreciation": 9000000.0,
        "Reconciled Cost Of Revenue": 314000000.0,
        "EBITDA": 219000000.0,
        "EBIT": 210000000.0,
        "Normalized Income": 151000000.0,
        "Net Income From Continuing And Discontinued Operation": 151000000.0,
        "Total Expenses": 439000000.0,
        "Diluted Average Shares": 74327000.0,
        "Basic Average Shares": 72709000.0,
        "Diluted EPS": 2.03,
        "Basic EPS": 2.08,
        "Diluted NI Availto Com Stockholders": 151000000.0,
        "Net Income Common Stockholders": 151000000.0,
        "Otherunder Preferred Stock Dividend": 0.0,
        "Net Income": 151000000.0,
        "Minority Interests": NaN,
        "Net Income Including Noncontrolling Interests": 151000000.0,
        "Net Income Discontinuous Operations": 0.0,
        "Net Income Continuous Operations": 151000000.0,
        "Tax Provision": 54000000.0,
        "Pretax Income": 205000000.0,
        "Other Income Expense": -5000000.0,
        "Other Non Operating Income Expenses": -5000000.0,
        "Operating Income": 210000000.0,
        "Operating Expense": 125000000.0,
        "Other Operating Expenses": NaN,
        "Selling General And Administration": 125000000.0,
        "General And Administrative Expense": 125000000.0,
        "Other Gand A": 125000000.0,
        "Gross Profit": 335000000.0,
        "Cost Of Revenue": 314000000.0,
        "Total Revenue": 649000000.0,
        "Operating Revenue": 649000000.0
    },
    "2022-03-31": {
        "Diluted EPS": 8.59,
        "Total Revenue": NaN,
        "Gross Profit": NaN,
        "Operating Income": 714,
        "EBIT": 725,
        "Net Income": 658
    },
    "2021-12-31": {
        "Diluted EPS": 2.47,
        "Total Revenue": 625,
        "Gross Profit": 625,
        "Operating Income": 244,
        "EBIT": 256,
        "Net Income": 157
    },
    "2021-09-30": {
        "Diluted EPS": 3.29,
        "Total Revenue": 860,
        "Gross Profit": 860,
        "Operating Income": 458,
        "EBIT": 472,
        "Net Income": 270
    },
    "2021-06-30": {
        "Diluted EPS": 4.85,
        "Total Revenue": 574,
        "Gross Profit": 574,
        "Operating Income": 149,
        "EBIT": 165,
        "Net Income": 435
    },
    "2021-03-31": {
        "Diluted EPS": 5.92,
        "Total Revenue": NaN,
        "Gross Profit": NaN,
        "Operating Income": 805,
        "EBIT": 820,
        "Net Income": 556
    },
    "2020-12-31": {
        "Diluted EPS": 2.09,
        "Total Revenue": 930,
        "Gross Profit": 930,
        "Operating Income": 445,
        "EBIT": 463,
        "Net Income": 191
    },
    "2020-09-30": {
        "Diluted EPS": 2.18,
        "Total Revenue": 863,
        "Gross Profit": 863,
        "Operating Income": 408,
        "EBIT": 427,
        "Net Income": 207
    },
    "2020-06-30": {
        "Diluted EPS": 0.77,
        "Total Revenue": 618,
        "Gross Profit": 618,
        "Operating Income": 220,
        "EBIT": 237,
        "Net Income": 72
    },
    "2020-03-31": {
        "Diluted EPS": -1.84,
        "Total Revenue": 278,
        "Gross Profit": 278,
        "Operating Income": -166,
        "EBIT": -147,
        "Net Income": -168
    },
    "2019-12-31": {
        "Diluted EPS": 5.06,
        "Total Revenue": 660,
        "Gross Profit": 660,
        "Operating Income": 359,
        "EBIT": 420,
        "Net Income": 462
    },
    "2019-09-30": {
        "Diluted EPS": 0.9,
        "Total Revenue": 618,
        "Gross Profit": 618,
        "Operating Income": 140,
        "EBIT": 149,
        "Net Income": 83
    },
    "2019-06-30": {
        "Diluted EPS": -0.96,
        "Total Revenue": 399,
        "Gross Profit": 399,
        "Operating Income": -93,
        "EBIT": -96,
        "Net Income": -87
    },
    "2019-03-31": {
        "Diluted EPS": -2.05,
        "Total Revenue": 250,
        "Gross Profit": 250,
        "Operating Income": -193,
        "EBIT": -170,
        "Net Income": -186
    },
    "2018-12-31": {
        "Diluted EPS": -1.27,
        "Total Revenue": 252,
        "Gross Profit": 252,
        "Operating Income": -180,
        "EBIT": -150,
        "Net Income": -135
    },
    "2018-09-30": {
        "Diluted EPS": 10.29,
        "Total Revenue": 506,
        "Gross Profit": 506,
        "Operating Income": -11,
        "EBIT": 13,
        "Net Income": 947
    },
    "2018-06-30": {
        "Diluted EPS": 0.59,
        "Total Revenue": 444,
        "Gross Profit": 444,
        "Operating Income": 105,
        "EBIT": 122,
        "Net Income": 58
    },
    "2018-03-31": {
        "Diluted EPS": 1.61,
        "Total Revenue": 588,
        "Gross Profit": 588,
        "Operating Income": 224,
        "EBIT": 242,
        "Net Income": 160
    },
    "2017-12-31": {
        "Diluted EPS": 1.55,
        "Total Revenue": NaN,
        "Gross Profit": NaN,
        "Operating Income": 137,
        "EBIT": 171,
        "Net Income": 36
    },
    "2017-09-30": {
        "Diluted EPS": 0.07,
        "Total Revenue": 406,
        "Gross Profit": 406,
        "Operating Income": 38,
        "EBIT": 145,
        "Net Income": 7
    },
    "2017-06-30": {
        "Diluted EPS": -1.56,
        "Total Revenue": 2,
        "Gross Profit": 2,
        "Operating Income": 0,
        "EBIT": 0,
        "Net Income": -26
    },
    "2017-03-31": {
        "Diluted EPS": 0.24,
        "Total Revenue": 2,
        "Gross Profit": 1,
        "Operating Income": -1,
        "EBIT": -1,
        "Net Income": 13
    },
    "2016-12-31": {
        "Diluted EPS": -0.17,
        "Total Revenue": NaN,
        "Gross Profit": NaN,
        "Operating Income": 273,
        "EBIT": 399,
        "Net Income": -29
    },
    "2016-09-30": {
        "Diluted EPS": -1.2,
        "Total Revenue": 1,
        "Gross Profit": 1,
        "Operating Income": 0,
        "EBIT": 0,
        "Net Income": -21
    },
    "2016-06-30": {
        "Diluted EPS": 0.36,
        "Total Revenue": 1,
        "Gross Profit": 1,
        "Operating Income": 0,
        "EBIT": 0,
        "Net Income": 18
    },
    "2016-03-31": {
        "Diluted EPS": 1.2,
        "Total Revenue": 2,
        "Gross Profit": 1,
        "Operating Income": -1,
        "EBIT": -1,
        "Net Income": 51
    },
    "2015-12-31": {
        "Diluted EPS": 0.48,
        "Total Revenue": 1,
        "Gross Profit": 2,
        "Operating Income": -1,
        "EBIT": 0,
        "Net Income": 6
    },
    "2015-09-30": {
        "Diluted EPS": -0.48,
        "Total Revenue": 1,
        "Gross Profit": 1,
        "Operating Income": -12,
        "EBIT": -12,
        "Net Income": -8
    },
    "2015-06-30": {
        "Diluted EPS": -4.68,
        "Total Revenue": 1,
        "Gross Profit": 1,
        "Operating Income": -1,
        "EBIT": -1,
        "Net Income": -78
    },
    "2015-03-31": {
        "Diluted EPS": 0.0,
        "Total Revenue": 2,
        "Gross Profit": 2,
        "Operating Income": -1,
        "EBIT": -1,
        "Net Income": 1
    },
    "2014-12-31": {
        "Diluted EPS": -0.36,
        "Total Revenue": 2,
        "Gross Profit": 3,
        "Operating Income": 1,
        "EBIT": 1,
        "Net Income": -10
    },
    "2014-09-30": {
        "Diluted EPS": -0.12,
        "Total Revenue": 2,
        "Gross Profit": 1,
        "Operating Income": 0,
        "EBIT": 0,
        "Net Income": -1
    },
    "2014-06-30": {
        "Diluted EPS": 0.84,
        "Total Revenue": 2,
        "Gross Profit": -1,
        "Operating Income": -3,
        "EBIT": -2,
        "Net Income": 17
    },
    "2014-03-31": {
        "Diluted EPS": -0.72,
        "Total Revenue": 3,
        "Gross Profit": 2,
        "Operating Income": 0,
        "EBIT": 1,
        "Net Income": -13
    },
    "2013-12-31": {
        "Diluted EPS": 0.0,
        "Total Revenue": NaN,
        "Gross Profit": NaN,
        "Operating Income": NaN,
        "EBIT": NaN,
        "Net Income": NaN
    },
    "2012-12-31": {
        "Diluted EPS": 0.0,
        "Total Revenue": NaN,
        "Gross Profit": NaN,
        "Operating Income": NaN,
        "EBIT": NaN,
        "Net Income": NaN
    },
    "2023-09-30": {
        "Tax Effect Of Unusual Items": NaN,
        "Tax Rate For Calcs": NaN,
        "Normalized EBITDA": NaN,
        "Total Unusual Items": 96000000.0,
        "Total Unusual Items Excluding Goodwill": 96000000.0,
        "Net Income From Continuing Operation Net Minority Interest": NaN,
        "Reconciled Depreciation": NaN,
        "Reconciled Cost Of Revenue": NaN,
        "EBITDA": NaN,
        "EBIT": NaN,
        "Normalized Income": NaN,
        "Net Income From Continuing And Discontinued Operation": NaN,
        "Total Expenses": NaN,
        "Diluted Average Shares": NaN,
        "Basic Average Shares": NaN,
        "Diluted EPS": NaN,
        "Basic EPS": NaN,
        "Diluted NI Availto Com Stockholders": NaN,
        "Net Income Common Stockholders": NaN,
        "Net Income": NaN,
        "Net Income Including Noncontrolling Interests": NaN,
        "Net Income Continuous Operations": NaN,
        "Tax Provision": NaN,
        "Pretax Income": NaN,
        "Other Income Expense": NaN,
        "Other Non Operating Income Expenses": NaN,
        "Special Income Charges": 96000000.0,
        "Restructuring And Mergern Acquisition": -96000000.0,
        "Operating Income": NaN,
        "Operating Expense": NaN,
        "Selling General And Administration": NaN,
        "General And Administrative Expense": NaN,
        "Other Gand A": NaN,
        "Gross Profit": NaN,
        "Cost Of Revenue": NaN,
        "Total Revenue": NaN,
        "Operating Revenue": NaN
    },
    "2023-12-31": {
        "Tax Effect Of Unusual Items": NaN,
        "Tax Rate For Calcs": NaN,
        "Normalized EBITDA": NaN,
        "Total Unusual Items": 0.0,
        "Total Unusual Items Excluding Goodwill": 0.0,
        "Net Income From Continuing Operation Net Minority Interest": NaN,
        "Reconciled Depreciation": NaN,
        "Reconciled Cost Of Revenue": NaN,
        "EBITDA": NaN,
        "EBIT": NaN,
        "Normalized Income": NaN,
        "Net Income From Continuing And Discontinued Operation": NaN,
        "Total Expenses": NaN,
        "Diluted Average Shares": NaN,
        "Basic Average Shares": NaN,
        "Diluted EPS": NaN,
        "Basic EPS": NaN,
        "Diluted NI Availto Com Stockholders": NaN,
        "Net Income Common Stockholders": NaN,
        "Net Income": NaN,
        "Net Income Including Noncontrolling Interests": NaN,
        "Net Income Continuous Operations": NaN,
        "Tax Provision": NaN,
        "Pretax Income": NaN,
        "Other Income Expense": NaN,
        "Other Non Operating Income Expenses": NaN,
        "Special Income Charges": 0.0,
        "Restructuring And Mergern Acquisition": 0.0,
        "Operating Income": NaN,
        "Operating Expense": NaN,
        "Selling General And Administration": NaN,
        "General And Administrative Expense": NaN,
        "Other Gand A": NaN,
        "Gross Profit": NaN,
        "Cost Of Revenue": NaN,
        "Total Revenue": NaN,
        "Operating Revenue": NaN
    },
    "2024-03-31": {
        "Tax Effect Of Unusual Items": 0.0,
        "Tax Rate For Calcs": 0.219,
        "Normalized EBITDA": 243000000.0,
        "Total Unusual Items": NaN,
        "Total Unusual Items Excluding Goodwill": NaN,
        "Net Income From Continuing Operation Net Minority Interest": 181000000.0,
        "Reconciled Depreciation": 8000000.0,
        "Reconciled Cost Of Revenue": 329000000.0,
        "EBITDA": 243000000.0,
        "EBIT": 235000000.0,
        "Normalized Income": 181000000.0,
        "Net Income From Continuing And Discontinued Operation": 181000000.0,
        "Total Expenses": 487000000.0,
        "Diluted Average Shares": 66267000.0,
        "Basic Average Shares": 64629000.0,
        "Diluted EPS": 2.73,
        "Basic EPS": 2.8,
        "Diluted NI Availto Com Stockholders": 181000000.0,
        "Net Income Common Stockholders": 181000000.0,
        "Net Income": 181000000.0,
        "Net Income Including Noncontrolling Interests": 181000000.0,
        "Net Income Continuous Operations": 181000000.0,
        "Tax Provision": 51000000.0,
        "Pretax Income": 232000000.0,
        "Other Income Expense": -3000000.0,
        "Other Non Operating Income Expenses": -3000000.0,
        "Special Income Charges": NaN,
        "Restructuring And Mergern Acquisition": NaN,
        "Operating Income": 235000000.0,
        "Operating Expense": 158000000.0,
        "Selling General And Administration": 158000000.0,
        "General And Administrative Expense": 158000000.0,
        "Other Gand A": 158000000.0,
        "Gross Profit": 393000000.0,
        "Cost Of Revenue": 329000000.0,
        "Total Revenue": 722000000.0,
        "Operating Revenue": 722000000.0
    },
    "2024-06-30": {
        "Tax Effect Of Unusual Items": 0.0,
        "Tax Rate For Calcs": 0.263,
        "Normalized EBITDA": 293000000.0,
        "Total Unusual Items": NaN,
        "Total Unusual Items Excluding Goodwill": NaN,
        "Net Income From Continuing Operation Net Minority Interest": 204000000.0,
        "Reconciled Depreciation": 8000000.0,
        "Reconciled Cost Of Revenue": 355000000.0,
        "EBITDA": 293000000.0,
        "EBIT": 285000000.0,
        "Normalized Income": 204000000.0,
        "Net Income From Continuing And Discontinued Operation": 204000000.0,
        "Total Expenses": 487000000.0,
        "Diluted Average Shares": 65800000.0,
        "Basic Average Shares": 64600000.0,
        "Diluted EPS": 3.1,
        "Basic EPS": 3.16,
        "Diluted NI Availto Com Stockholders": 204000000.0,
        "Net Income Common Stockholders": 204000000.0,
        "Net Income": 204000000.0,
        "Net Income Including Noncontrolling Interests": 204000000.0,
        "Net Income Continuous Operations": 204000000.0,
        "Tax Provision": 73000000.0,
        "Pretax Income": 277000000.0,
        "Other Income Expense": -8000000.0,
        "Other Non Operating Income Expenses": -8000000.0,
        "Special Income Charges": NaN,
        "Restructuring And Mergern Acquisition": NaN,
        "Operating Income": 285000000.0,
        "Operating Expense": 132000000.0,
        "Selling General And Administration": 132000000.0,
        "General And Administrative Expense": 132000000.0,
        "Other Gand A": 132000000.0,
        "Gross Profit": 417000000.0,
        "Cost Of Revenue": 355000000.0,
        "Total Revenue": 772000000.0,
        "Operating Revenue": 772000000.0
    },
    "2024-09-30": {
        "Tax Effect Of Unusual Items": 0.0,
        "Tax Rate For Calcs": 0.291,
        "Normalized EBITDA": 126000000.0,
        "Total Unusual Items": NaN,
        "Total Unusual Items Excluding Goodwill": NaN,
        "Net Income From Continuing Operation Net Minority Interest": 80000000.0,
        "Reconciled Depreciation": 9000000.0,
        "Reconciled Cost Of Revenue": 381000000.0,
        "EBITDA": 126000000.0,
        "EBIT": 117000000.0,
        "Normalized Income": 80000000.0,
        "Net Income From Continuing And Discontinued Operation": 80000000.0,
        "Total Expenses": 534000000.0,
        "Diluted Average Shares": 65512000.0,
        "Basic Average Shares": 64272000.0,
        "Diluted EPS": 1.22,
        "Basic EPS": 1.24,
        "Diluted NI Availto Com Stockholders": 80000000.0,
        "Net Income Common Stockholders": 80000000.0,
        "Net Income": 80000000.0,
        "Net Income Including Noncontrolling Interests": 80000000.0,
        "Net Income Continuous Operations": 80000000.0,
        "Tax Provision": 32000000.0,
        "Pretax Income": 112000000.0,
        "Other Income Expense": -5000000.0,
        "Other Non Operating Income Expenses": -5000000.0,
        "Special Income Charges": NaN,
        "Restructuring And Mergern Acquisition": NaN,
        "Operating Income": 117000000.0,
        "Operating Expense": 153000000.0,
        "Selling General And Administration": 153000000.0,
        "General And Administrative Expense": 153000000.0,
        "Other Gand A": 153000000.0,
        "Gross Profit": 270000000.0,
        "Cost Of Revenue": 381000000.0,
        "Total Revenue": 651000000.0,
        "Operating Revenue": 651000000.0
    },
    "2024-12-31": {
        "Tax Effect Of Unusual Items": 0.0,
        "Tax Rate For Calcs": 0.271429,
        "Normalized EBITDA": 302000000.0,
        "Total Unusual Items": NaN,
        "Total Unusual Items Excluding Goodwill": NaN,
        "Net Income From Continuing Operation Net Minority Interest": 204000000.0,
        "Reconciled Depreciation": 19000000.0,
        "Reconciled Cost Of Revenue": 406000000.0,
        "EBITDA": 302000000.0,
        "EBIT": 283000000.0,
        "Normalized Income": 204000000.0,
        "Net Income From Continuing And Discontinued Operation": 204000000.0,
        "Total Expenses": 587000000.0,
        "Diluted Average Shares": 65100000.0,
        "Basic Average Shares": 63800000.0,
        "Diluted EPS": 3.13,
        "Basic EPS": 3.2,
        "Diluted NI Availto Com Stockholders": 204000000.0,
        "Net Income Common Stockholders": 204000000.0,
        "Net Income": 204000000.0,
        "Net Income Including Noncontrolling Interests": 204000000.0,
        "Net Income Continuous Operations": 204000000.0,
        "Tax Provision": 76000000.0,
        "Pretax Income": 280000000.0,
        "Other Income Expense": -3000000.0,
        "Other Non Operating Income Expenses": -3000000.0,
        "Special Income Charges": NaN,
        "Restructuring And Mergern Acquisition": NaN,
        "Operating Income": 283000000.0,
        "Operating Expense": 181000000.0,
        "Selling General And Administration": 181000000.0,
        "General And Administrative Expense": 181000000.0,
        "Other Gand A": 181000000.0,
        "Gross Profit": 464000000.0,
        "Cost Of Revenue": 406000000.0,
        "Total Revenue": 870000000.0,
        "Operating Revenue": 870000000.0
    },
    "2025-03-31": {
        "Tax Effect Of Unusual Items": 0.0,
        "Tax Rate For Calcs": 0.07,
        "Normalized EBITDA": 124000000.0,
        "Total Unusual Items": NaN,
        "Total Unusual Items Excluding Goodwill": NaN,
        "Net Income From Continuing Operation Net Minority Interest": 88000000.0,
        "Reconciled Depreciation": 18000000.0,
        "Reconciled Cost Of Revenue": 406000000.0,
        "EBITDA": 124000000.0,
        "EBIT": 106000000.0,
        "Normalized Income": 88000000.0,
        "Net Income From Continuing And Discontinued Operation": 88000000.0,
        "Total Expenses": 643000000.0,
        "Diluted Average Shares": 65036000.0,
        "Basic Average Shares": 63712000.0,
        "Diluted EPS": 1.35,
        "Basic EPS": 1.38,
        "Diluted NI Availto Com Stockholders": 88000000.0,
        "Net Income Common Stockholders": 88000000.0,
        "Net Income": 88000000.0,
        "Net Income Including Noncontrolling Interests": 88000000.0,
        "Net Income Continuous Operations": 88000000.0,
        "Tax Provision": 7000000.0,
        "Pretax Income": 95000000.0,
        "Other Income Expense": -11000000.0,
        "Other Non Operating Income Expenses": -11000000.0,
        "Special Income Charges": NaN,
        "Restructuring And Mergern Acquisition": NaN,
        "Operating Income": 106000000.0,
        "Operating Expense": 237000000.0,
        "Selling General And Administration": 237000000.0,
        "General And Administrative Expense": 237000000.0,
        "Other Gand A": 237000000.0,
        "Gross Profit": 343000000.0,
        "Cost Of Revenue": 406000000.0,
        "Total Revenue": 749000000.0,
        "Operating Revenue": 749000000.0
    }
}