{
    "2023-03-31": {
        "Tax Effect Of Unusual Items": NaN,
        "Tax Rate For Calcs": NaN,
        "Normalized EBITDA": NaN,
        "Net Income From Continuing Operation Net Minority Interest": NaN,
        "Reconciled Depreciation": NaN,
        "Reconciled Cost Of Revenue": NaN,
        "EBITDA": NaN,
        "EBIT": NaN,
        "Net Interest Income": NaN,
        "Interest Income": NaN,
        "Normalized Income": NaN,
        "Net Income From Continuing And Discontinued Operation": NaN,
        "Total Expenses": NaN,
        "Total Operating Income As Reported": NaN,
        "Diluted Average Shares": 115425000.0,
        "Basic Average Shares": 107885000.0,
        "Diluted EPS": 0.14,
        "Basic EPS": 0.15,
        "Diluted NI Availto Com Stockholders": NaN,
        "Net Income Common Stockholders": NaN,
        "Net Income": NaN,
        "Net Income Including Noncontrolling Interests": NaN,
        "Net Income Continuous Operations": NaN,
        "Tax Provision": NaN,
        "Pretax Income": NaN,
        "Net Non Operating Interest Income Expense": NaN,
        "Interest Income Non Operating": NaN,
        "Operating Income": NaN,
        "Operating Expense": NaN,
        "Research And Development": NaN,
        "Selling General And Administration": NaN,
        "Gross Profit": NaN,
        "Cost Of Revenue": NaN,
        "Total Revenue": NaN,
        "Operating Revenue": NaN
    },
    "2022-12-31": {
        "Tax Effect Of Unusual Items": NaN,
        "Tax Rate For Calcs": NaN,
        "Normalized EBITDA": NaN,
        "Net Income From Continuing Operation Net Minority Interest": NaN,
        "Reconciled Depreciation": NaN,
        "Reconciled Cost Of Revenue": NaN,
        "EBITDA": NaN,
        "EBIT": NaN,
        "Net Interest Income": NaN,
        "Interest Income": NaN,
        "Normalized Income": NaN,
        "Net Income From Continuing And Discontinued Operation": NaN,
        "Total Expenses": NaN,
        "Total Operating Income As Reported": NaN,
        "Diluted Average Shares": 116328000.0,
        "Basic Average Shares": 107700000.0,
        "Diluted EPS": 0.14,
        "Basic EPS": 0.15,
        "Diluted NI Availto Com Stockholders": NaN,
        "Net Income Common Stockholders": NaN,
        "Net Income": NaN,
        "Net Income Including Noncontrolling Interests": NaN,
        "Net Income Continuous Operations": NaN,
        "Tax Provision": NaN,
        "Pretax Income": NaN,
        "Net Non Operating Interest Income Expense": NaN,
        "Interest Income Non Operating": NaN,
        "Operating Income": NaN,
        "Operating Expense": NaN,
        "Research And Development": NaN,
        "Selling General And Administration": NaN,
        "Gross Profit": NaN,
        "Cost Of Revenue": NaN,
        "Total Revenue": NaN,
        "Operating Revenue": NaN
    },
    "2022-09-30": {
        "Tax Effect Of Unusual Items": NaN,
        "Tax Rate For Calcs": NaN,
        "Normalized EBITDA": NaN,
        "Net Income From Continuing Operation Net Minority Interest": NaN,
        "Reconciled Depreciation": NaN,
        "Reconciled Cost Of Revenue": NaN,
        "EBITDA": NaN,
        "EBIT": NaN,
        "Net Interest Income": NaN,
        "Interest Income": NaN,
        "Normalized Income": NaN,
        "Net Income From Continuing And Discontinued Operation": NaN,
        "Total Expenses": NaN,
        "Total Operating Income As Reported": NaN,
        "Diluted Average Shares": NaN,
        "Basic Average Shares": NaN,
        "Diluted EPS": NaN,
        "Basic EPS": NaN,
        "Diluted NI Availto Com Stockholders": NaN,
        "Net Income Common Stockholders": NaN,
        "Otherunder Preferred Stock Dividend": 58000.0,
        "Net Income": NaN,
        "Net Income Including Noncontrolling Interests": NaN,
        "Net Income Continuous Operations": NaN,
        "Tax Provision": NaN,
        "Pretax Income": NaN,
        "Net Non Operating Interest Income Expense": NaN,
        "Interest Income Non Operating": NaN,
        "Operating Income": NaN,
        "Operating Expense": NaN,
        "Research And Development": NaN,
        "Selling General And Administration": NaN,
        "Gross Profit": NaN,
        "Cost Of Revenue": NaN,
        "Total Revenue": NaN,
        "Operating Revenue": NaN
    },
    "2022-06-30": {
        "Tax Effect Of Unusual Items": 0.0,
        "Tax Rate For Calcs": 0.145032,
        "Normalized EBITDA": 31432000.0,
        "Total Unusual Items": NaN,
        "Total Unusual Items Excluding Goodwill": NaN,
        "Net Income From Continuing Operation Net Minority Interest": 27412000.0,
        "Reconciled Depreciation": 668000.0,
        "Reconciled Cost Of Revenue": 1316000.0,
        "EBITDA": 31432000.0,
        "EBIT": 31432000.0,
        "Net Interest Income": 630000.0,
        "Interest Income": 630000.0,
        "Normalized Income": 27412000.0,
        "Net Income From Continuing And Discontinued Operation": 27412000.0,
        "Total Expenses": 71954000.0,
        "Total Operating Income As Reported": 31432000.0,
        "Diluted Average Shares": 115399000.0,
        "Basic Average Shares": 106289000.0,
        "Diluted EPS": 0.24,
        "Basic EPS": 0.26,
        "Diluted NI Availto Com Stockholders": 27398000.0,
        "Net Income Common Stockholders": 27398000.0,
        "Otherunder Preferred Stock Dividend": NaN,
        "Net Income": 27412000.0,
        "Net Income Including Noncontrolling Interests": 27412000.0,
        "Net Income Continuous Operations": 27412000.0,
        "Tax Provision": 4650000.0,
        "Pretax Income": 32062000.0,
        "Special Income Charges": NaN,
        "Net Non Operating Interest Income Expense": 630000.0,
        "Interest Income Non Operating": 630000.0,
        "Operating Income": 31432000.0,
        "Operating Expense": 70638000.0,
        "Research And Development": 32825000.0,
        "Selling General And Administration": 37813000.0,
        "Gross Profit": 102070000.0,
        "Cost Of Revenue": 1316000.0,
        "Total Revenue": 103386000.0,
        "Operating Revenue": 103386000.0
    },
    "2023-06-30": {
        "Tax Effect Of Unusual Items": NaN,
        "Tax Rate For Calcs": NaN,
        "Normalized EBITDA": NaN,
        "Net Income From Continuing Operation Net Minority Interest": NaN,
        "Reconciled Depreciation": NaN,
        "Reconciled Cost Of Revenue": NaN,
        "EBITDA": NaN,
        "EBIT": NaN,
        "Net Interest Income": NaN,
        "Interest Income": NaN,
        "Normalized Income": NaN,
        "Net Income From Continuing And Discontinued Operation": NaN,
        "Total Expenses": NaN,
        "Total Operating Income As Reported": NaN,
        "Diluted Average Shares": 109590000.0,
        "Basic Average Shares": 101964000.0,
        "Diluted EPS": 0.25,
        "Basic EPS": 0.27,
        "Diluted NI Availto Com Stockholders": NaN,
        "Net Income Common Stockholders": NaN,
        "Otherunder Preferred Stock Dividend": NaN,
        "Net Income": NaN,
        "Net Income Including Noncontrolling Interests": NaN,
        "Net Income Continuous Operations": NaN,
        "Tax Provision": NaN,
        "Pretax Income": NaN,
        "Net Non Operating Interest Income Expense": NaN,
        "Interest Income Non Operating": NaN,
        "Operating Income": NaN,
        "Operating Expense": NaN,
        "Research And Development": NaN,
        "Selling General And Administration": NaN,
        "Gross Profit": NaN,
        "Cost Of Revenue": NaN,
        "Total Revenue": NaN,
        "Operating Revenue": NaN
    },
    "2022-03-31": {
        "Diluted EPS": 0.2,
        "Total Revenue": 94,
        "Gross Profit": 92,
        "Operating Income": 27,
        "EBIT": 29,
        "Net Income": 23
    },
    "2021-12-31": {
        "Diluted EPS": 0.26,
        "Total Revenue": 99,
        "Gross Profit": 97,
        "Operating Income": 37,
        "EBIT": 37,
        "Net Income": 32
    },
    "2021-09-30": {
        "Diluted EPS": 0.24,
        "Total Revenue": 96,
        "Gross Profit": 95,
        "Operating Income": 36,
        "EBIT": 37,
        "Net Income": 30
    },
    "2021-06-30": {
        "Diluted EPS": 0.21,
        "Total Revenue": 92,
        "Gross Profit": 90,
        "Operating Income": 32,
        "EBIT": 32,
        "Net Income": 27
    },
    "2021-03-31": {
        "Diluted EPS": 0.18,
        "Total Revenue": 79,
        "Gross Profit": 78,
        "Operating Income": 20,
        "EBIT": 22,
        "Net Income": 23
    },
    "2020-12-31": {
        "Diluted EPS": 0.2,
        "Total Revenue": 86,
        "Gross Profit": 84,
        "Operating Income": 31,
        "EBIT": 31,
        "Net Income": 26
    },
    "2020-09-30": {
        "Diluted EPS": 0.17,
        "Total Revenue": 86,
        "Gross Profit": 85,
        "Operating Income": 25,
        "EBIT": 25,
        "Net Income": 22
    },
    "2020-06-30": {
        "Diluted EPS": 0.23,
        "Total Revenue": 89,
        "Gross Profit": 87,
        "Operating Income": 35,
        "EBIT": 36,
        "Net Income": 28
    },
    "2020-03-31": {
        "Diluted EPS": 0.25,
        "Total Revenue": 93,
        "Gross Profit": 91,
        "Operating Income": 38,
        "EBIT": 38,
        "Net Income": 30
    },
    "2019-12-31": {
        "Diluted EPS": 0.23,
        "Total Revenue": 88,
        "Gross Profit": 86,
        "Operating Income": 35,
        "EBIT": 36,
        "Net Income": 29
    },
    "2019-09-30": {
        "Diluted EPS": 0.22,
        "Total Revenue": 82,
        "Gross Profit": 80,
        "Operating Income": 33,
        "EBIT": 34,
        "Net Income": 26
    },
    "2019-06-30": {
        "Diluted EPS": 0.17,
        "Total Revenue": 72,
        "Gross Profit": 71,
        "Operating Income": 25,
        "EBIT": 25,
        "Net Income": 20
    },
    "2019-03-31": {
        "Diluted EPS": 0.15,
        "Total Revenue": 65,
        "Gross Profit": 64,
        "Operating Income": 19,
        "EBIT": 19,
        "Net Income": 18
    },
    "2018-12-31": {
        "Diluted EPS": 0.18,
        "Total Revenue": 67,
        "Gross Profit": 65,
        "Operating Income": 25,
        "EBIT": 23,
        "Net Income": 22
    },
    "2018-09-30": {
        "Diluted EPS": 0.14,
        "Total Revenue": 64,
        "Gross Profit": 63,
        "Operating Income": 23,
        "EBIT": 23,
        "Net Income": 18
    },
    "2018-06-30": {
        "Diluted EPS": 0.14,
        "Total Revenue": 62,
        "Gross Profit": 61,
        "Operating Income": 21,
        "EBIT": 21,
        "Net Income": 18
    },
    "2018-03-31": {
        "Diluted EPS": 0.14,
        "Total Revenue": 58,
        "Gross Profit": 56,
        "Operating Income": 21,
        "EBIT": 21,
        "Net Income": 17
    },
    "2017-12-31": {
        "Diluted EPS": 0.79,
        "Total Revenue": 53,
        "Gross Profit": 52,
        "Operating Income": 22,
        "EBIT": 22,
        "Net Income": 98
    },
    "2017-09-30": {
        "Diluted EPS": 0.11,
        "Total Revenue": 43,
        "Gross Profit": 42,
        "Operating Income": 14,
        "EBIT": 14,
        "Net Income": 14
    },
    "2017-06-30": {
        "Diluted EPS": 0.1,
        "Total Revenue": 36,
        "Gross Profit": 35,
        "Operating Income": 13,
        "EBIT": 13,
        "Net Income": 13
    },
    "2017-03-31": {
        "Diluted EPS": 0.04,
        "Total Revenue": 28,
        "Gross Profit": 27,
        "Operating Income": 5,
        "EBIT": 5,
        "Net Income": 4
    },
    "2016-12-31": {
        "Diluted EPS": 0.04,
        "Total Revenue": 24,
        "Gross Profit": 23,
        "Operating Income": 5,
        "EBIT": 5,
        "Net Income": 5
    },
    "2016-09-30": {
        "Diluted EPS": 0.02,
        "Total Revenue": 22,
        "Gross Profit": 21,
        "Operating Income": 3,
        "EBIT": 3,
        "Net Income": 3
    },
    "2016-06-30": {
        "Diluted EPS": 0.01,
        "Total Revenue": 20,
        "Gross Profit": 19,
        "Operating Income": 2,
        "EBIT": 2,
        "Net Income": 1
    },
    "2016-03-31": {
        "Diluted EPS": 0.0,
        "Total Revenue": 16,
        "Gross Profit": 16,
        "Operating Income": 1,
        "EBIT": 1,
        "Net Income": 0
    },
    "2015-12-31": {
        "Diluted EPS": 0.02,
        "Total Revenue": 15,
        "Gross Profit": 15,
        "Operating Income": 2,
        "EBIT": 2,
        "Net Income": 1
    },
    "2015-09-30": {
        "Diluted EPS": -0.01,
        "Total Revenue": 13,
        "Gross Profit": 13,
        "Operating Income": 0,
        "EBIT": 0,
        "Net Income": -1
    },
    "2015-06-30": {
        "Diluted EPS": -0.02,
        "Total Revenue": 12,
        "Gross Profit": 12,
        "Operating Income": -1,
        "EBIT": -1,
        "Net Income": -2
    },
    "2015-03-31": {
        "Diluted EPS": -0.05,
        "Total Revenue": 10,
        "Gross Profit": 10,
        "Operating Income": -4,
        "EBIT": -4,
        "Net Income": -5
    },
    "2014-12-31": {
        "Diluted EPS": -0.04,
        "Total Revenue": 9,
        "Gross Profit": 9,
        "Operating Income": -3,
        "EBIT": -3,
        "Net Income": -4
    },
    "2014-09-30": {
        "Diluted EPS": -0.06,
        "Total Revenue": 7,
        "Gross Profit": 7,
        "Operating Income": -5,
        "EBIT": -5,
        "Net Income": -6
    },
    "2014-06-30": {
        "Diluted EPS": -0.07,
        "Total Revenue": 6,
        "Gross Profit": 6,
        "Operating Income": -7,
        "EBIT": -7,
        "Net Income": -8
    },
    "2014-03-31": {
        "Diluted EPS": -0.14,
        "Total Revenue": 4,
        "Gross Profit": 4,
        "Operating Income": -13,
        "EBIT": -13,
        "Net Income": -14
    },
    "2013-12-31": {
        "Diluted EPS": -0.11,
        "Total Revenue": 4,
        "Gross Profit": 4,
        "Operating Income": -10,
        "EBIT": -10,
        "Net Income": -11
    },
    "2013-09-30": {
        "Diluted EPS": -0.11,
        "Total Revenue": 3,
        "Gross Profit": 3,
        "Operating Income": -10,
        "EBIT": -10,
        "Net Income": -11
    },
    "2013-06-30": {
        "Diluted EPS": -0.12,
        "Total Revenue": 2,
        "Gross Profit": 2,
        "Operating Income": -11,
        "EBIT": -11,
        "Net Income": -12
    },
    "2013-03-31": {
        "Diluted EPS": -0.12,
        "Total Revenue": 2,
        "Gross Profit": 2,
        "Operating Income": -11,
        "EBIT": -11,
        "Net Income": -12
    },
    "2012-12-31": {
        "Diluted EPS": -0.11,
        "Total Revenue": 1,
        "Gross Profit": 1,
        "Operating Income": -10,
        "EBIT": -10,
        "Net Income": -11
    },
    "2012-09-30": {
        "Diluted EPS": -0.08,
        "Total Revenue": 1,
        "Gross Profit": 1,
        "Operating Income": -8,
        "EBIT": -8,
        "Net Income": -8
    },
    "2012-06-30": {
        "Diluted EPS": -0.09,
        "Total Revenue": 1,
        "Gross Profit": 1,
        "Operating Income": -8,
        "EBIT": -8,
        "Net Income": -8
    },
    "2012-03-31": {
        "Diluted EPS": -0.13,
        "Total Revenue": NaN,
        "Gross Profit": NaN,
        "Operating Income": -11,
        "EBIT": -11,
        "Net Income": -11
    },
    "2011-12-31": {
        "Diluted EPS": -0.11,
        "Total Revenue": NaN,
        "Gross Profit": NaN,
        "Operating Income": -10,
        "EBIT": -10,
        "Net Income": -10
    },
    "2011-09-30": {
        "Diluted EPS": -0.08,
        "Total Revenue": NaN,
        "Gross Profit": NaN,
        "Operating Income": -6,
        "EBIT": -6,
        "Net Income": -6
    },
    "2011-06-30": {
        "Diluted EPS": -0.11,
        "Total Revenue": NaN,
        "Gross Profit": NaN,
        "Operating Income": -9,
        "EBIT": -9,
        "Net Income": -9
    },
    "2011-03-31": {
        "Diluted EPS": -0.09,
        "Total Revenue": NaN,
        "Gross Profit": NaN,
        "Operating Income": -7,
        "EBIT": -7,
        "Net Income": -7
    },
    "2010-12-31": {
        "Diluted EPS": -0.09,
        "Total Revenue": NaN,
        "Gross Profit": NaN,
        "Operating Income": -8,
        "EBIT": -8,
        "Net Income": -7
    },
    "2010-09-30": {
        "Diluted EPS": -0.1,
        "Total Revenue": NaN,
        "Gross Profit": NaN,
        "Operating Income": -7,
        "EBIT": -7,
        "Net Income": -7
    },
    "2010-06-30": {
        "Diluted EPS": -0.09,
        "Total Revenue": NaN,
        "Gross Profit": NaN,
        "Operating Income": -6,
        "EBIT": -6,
        "Net Income": -6
    },
    "2010-03-31": {
        "Diluted EPS": -0.1,
        "Total Revenue": NaN,
        "Gross Profit": NaN,
        "Operating Income": -6,
        "EBIT": -6,
        "Net Income": -6
    },
    "2009-12-31": {
        "Diluted EPS": -0.08,
        "Total Revenue": 0,
        "Gross Profit": 0,
        "Operating Income": -5,
        "EBIT": -5,
        "Net Income": -5
    },
    "2009-09-30": {
        "Diluted EPS": -0.09,
        "Total Revenue": NaN,
        "Gross Profit": NaN,
        "Operating Income": -5,
        "EBIT": -5,
        "Net Income": -5
    },
    "2009-06-30": {
        "Diluted EPS": -0.1,
        "Total Revenue": 0,
        "Gross Profit": 0,
        "Operating Income": -5,
        "EBIT": -5,
        "Net Income": -5
    },
    "2009-03-31": {
        "Diluted EPS": -0.11,
        "Total Revenue": 0,
        "Gross Profit": 0,
        "Operating Income": -6,
        "EBIT": -6,
        "Net Income": -5
    },
    "2023-09-30": {
        "Tax Effect Of Unusual Items": NaN,
        "Tax Rate For Calcs": NaN,
        "Normalized EBITDA": NaN,
        "Net Income From Continuing Operation Net Minority Interest": NaN,
        "Reconciled Depreciation": NaN,
        "Reconciled Cost Of Revenue": NaN,
        "EBITDA": NaN,
        "EBIT": NaN,
        "Net Interest Income": NaN,
        "Interest Income": NaN,
        "Normalized Income": NaN,
        "Net Income From Continuing And Discontinued Operation": NaN,
        "Total Expenses": NaN,
        "Total Operating Income As Reported": NaN,
        "Diluted Average Shares": NaN,
        "Basic Average Shares": NaN,
        "Diluted EPS": NaN,
        "Basic EPS": NaN,
        "Diluted NI Availto Com Stockholders": NaN,
        "Net Income Common Stockholders": NaN,
        "Otherunder Preferred Stock Dividend": 206000.0,
        "Net Income": NaN,
        "Net Income Including Noncontrolling Interests": NaN,
        "Net Income Continuous Operations": NaN,
        "Tax Provision": NaN,
        "Pretax Income": NaN,
        "Net Non Operating Interest Income Expense": NaN,
        "Interest Income Non Operating": NaN,
        "Operating Income": NaN,
        "Operating Expense": NaN,
        "Research And Development": NaN,
        "Selling General And Administration": NaN,
        "Gross Profit": NaN,
        "Cost Of Revenue": NaN,
        "Total Revenue": NaN,
        "Operating Revenue": NaN
    },
    "2023-12-31": {
        "Tax Effect Of Unusual Items": 0.0,
        "Tax Rate For Calcs": 0.14817,
        "Normalized EBITDA": 32299000.0,
        "Net Income From Continuing Operation Net Minority Interest": 31355000.0,
        "Reconciled Depreciation": 630000.0,
        "Reconciled Cost Of Revenue": 1877000.0,
        "EBITDA": 32299000.0,
        "EBIT": 31669000.0,
        "Net Interest Income": 5140000.0,
        "Interest Income": 5140000.0,
        "Normalized Income": 31355000.0,
        "Net Income From Continuing And Discontinued Operation": 31355000.0,
        "Total Expenses": 103736000.0,
        "Total Operating Income As Reported": 31669000.0,
        "Diluted Average Shares": NaN,
        "Basic Average Shares": NaN,
        "Diluted EPS": NaN,
        "Basic EPS": NaN,
        "Diluted NI Availto Com Stockholders": 31143000.0,
        "Net Income Common Stockholders": 31143000.0,
        "Otherunder Preferred Stock Dividend": NaN,
        "Net Income": 31355000.0,
        "Net Income Including Noncontrolling Interests": 31355000.0,
        "Net Income Continuous Operations": 31355000.0,
        "Tax Provision": 5454000.0,
        "Pretax Income": 36809000.0,
        "Net Non Operating Interest Income Expense": 5140000.0,
        "Interest Income Non Operating": 5140000.0,
        "Operating Income": 31669000.0,
        "Operating Expense": 101859000.0,
        "Research And Development": 54707000.0,
        "Selling General And Administration": 47152000.0,
        "Gross Profit": 133528000.0,
        "Cost Of Revenue": 1877000.0,
        "Total Revenue": 135405000.0,
        "Operating Revenue": 135405000.0
    },
    "2024-03-31": {
        "Tax Effect Of Unusual Items": NaN,
        "Tax Rate For Calcs": NaN,
        "Normalized EBITDA": NaN,
        "Net Income From Continuing Operation Net Minority Interest": NaN,
        "Reconciled Depreciation": NaN,
        "Reconciled Cost Of Revenue": NaN,
        "EBITDA": NaN,
        "EBIT": NaN,
        "Net Interest Income": NaN,
        "Interest Income": NaN,
        "Normalized Income": NaN,
        "Net Income From Continuing And Discontinued Operation": NaN,
        "Total Expenses": NaN,
        "Total Operating Income As Reported": NaN,
        "Diluted Average Shares": NaN,
        "Basic Average Shares": NaN,
        "Diluted EPS": NaN,
        "Basic EPS": NaN,
        "Diluted NI Availto Com Stockholders": NaN,
        "Net Income Common Stockholders": NaN,
        "Otherunder Preferred Stock Dividend": 248000.0,
        "Net Income": NaN,
        "Net Income Including Noncontrolling Interests": NaN,
        "Net Income Continuous Operations": NaN,
        "Tax Provision": NaN,
        "Pretax Income": NaN,
        "Net Non Operating Interest Income Expense": NaN,
        "Interest Income Non Operating": NaN,
        "Operating Income": NaN,
        "Operating Expense": NaN,
        "Research And Development": NaN,
        "Selling General And Administration": NaN,
        "Gross Profit": NaN,
        "Cost Of Revenue": NaN,
        "Total Revenue": NaN,
        "Operating Revenue": NaN
    },
    "2024-06-30": {
        "Tax Effect Of Unusual Items": 0.0,
        "Tax Rate For Calcs": 0.146841,
        "Normalized EBITDA": 35790000.0,
        "Net Income From Continuing Operation Net Minority Interest": 35488000.0,
        "Reconciled Depreciation": 198000.0,
        "Reconciled Cost Of Revenue": 2524000.0,
        "EBITDA": 35790000.0,
        "EBIT": 35592000.0,
        "Net Interest Income": 6004000.0,
        "Interest Income": 6004000.0,
        "Normalized Income": 35488000.0,
        "Net Income From Continuing And Discontinued Operation": 35488000.0,
        "Total Expenses": 128204000.0,
        "Total Operating Income As Reported": 35592000.0,
        "Diluted Average Shares": 111244000.0,
        "Basic Average Shares": 103118000.0,
        "Diluted EPS": 0.32,
        "Basic EPS": 0.34,
        "Diluted NI Availto Com Stockholders": 35120000.0,
        "Net Income Common Stockholders": 35120000.0,
        "Otherunder Preferred Stock Dividend": NaN,
        "Net Income": 35488000.0,
        "Net Income Including Noncontrolling Interests": 35488000.0,
        "Net Income Continuous Operations": 35488000.0,
        "Tax Provision": 6108000.0,
        "Pretax Income": 41596000.0,
        "Net Non Operating Interest Income Expense": 6004000.0,
        "Interest Income Non Operating": 6004000.0,
        "Operating Income": 35592000.0,
        "Operating Expense": 125680000.0,
        "Research And Development": 58745000.0,
        "Selling General And Administration": 66935000.0,
        "Gross Profit": 161272000.0,
        "Cost Of Revenue": 2524000.0,
        "Total Revenue": 163796000.0,
        "Operating Revenue": 163796000.0
    },
    "2024-09-30": {
        "Tax Effect Of Unusual Items": 0.0,
        "Tax Rate For Calcs": 0.10823,
        "Normalized EBITDA": 47097000.0,
        "Net Income From Continuing Operation Net Minority Interest": 47213000.0,
        "Reconciled Depreciation": 499000.0,
        "Reconciled Cost Of Revenue": 2867000.0,
        "EBITDA": 47097000.0,
        "EBIT": 46598000.0,
        "Net Interest Income": 6345000.0,
        "Interest Income": 6345000.0,
        "Normalized Income": 47213000.0,
        "Net Income From Continuing And Discontinued Operation": 47213000.0,
        "Total Expenses": 135948000.0,
        "Total Operating Income As Reported": 46598000.0,
        "Diluted Average Shares": 113723000.0,
        "Basic Average Shares": 103371000.0,
        "Diluted EPS": 0.41,
        "Basic EPS": 0.45,
        "Diluted NI Availto Com Stockholders": 46690000.0,
        "Net Income Common Stockholders": 46690000.0,
        "Otherunder Preferred Stock Dividend": 523000.0,
        "Net Income": 47213000.0,
        "Net Income Including Noncontrolling Interests": 47213000.0,
        "Net Income Continuous Operations": 47213000.0,
        "Tax Provision": 5730000.0,
        "Pretax Income": 52943000.0,
        "Net Non Operating Interest Income Expense": 6345000.0,
        "Interest Income Non Operating": 6345000.0,
        "Operating Income": 46598000.0,
        "Operating Expense": 133081000.0,
        "Research And Development": 59336000.0,
        "Selling General And Administration": 73745000.0,
        "Gross Profit": 179679000.0,
        "Cost Of Revenue": 2867000.0,
        "Total Revenue": 182546000.0,
        "Operating Revenue": 182546000.0
    },
    "2024-12-31": {
        "Tax Effect Of Unusual Items": 0.0,
        "Tax Rate For Calcs": 0.037985,
        "Normalized EBITDA": 25722000.0,
        "Net Income From Continuing Operation Net Minority Interest": 30746000.0,
        "Reconciled Depreciation": 460000.0,
        "Reconciled Cost Of Revenue": 2956000.0,
        "EBITDA": 25722000.0,
        "EBIT": 25262000.0,
        "Net Interest Income": 6698000.0,
        "Interest Income": 6698000.0,
        "Normalized Income": 30746000.0,
        "Net Income From Continuing And Discontinued Operation": 30746000.0,
        "Total Expenses": 156628000.0,
        "Total Operating Income As Reported": 25262000.0,
        "Diluted Average Shares": 118459000.0,
        "Basic Average Shares": 103643000.0,
        "Diluted EPS": 0.26,
        "Basic EPS": 0.29,
        "Diluted NI Availto Com Stockholders": 30389000.0,
        "Net Income Common Stockholders": 30389000.0,
        "Otherunder Preferred Stock Dividend": 357000.0,
        "Net Income": 30746000.0,
        "Net Income Including Noncontrolling Interests": 30746000.0,
        "Net Income Continuous Operations": 30746000.0,
        "Tax Provision": 1214000.0,
        "Pretax Income": 31960000.0,
        "Net Non Operating Interest Income Expense": 6698000.0,
        "Interest Income Non Operating": 6698000.0,
        "Operating Income": 25262000.0,
        "Operating Expense": 153672000.0,
        "Research And Development": 70300000.0,
        "Selling General And Administration": 83372000.0,
        "Gross Profit": 178934000.0,
        "Cost Of Revenue": 2956000.0,
        "Total Revenue": 181890000.0,
        "Operating Revenue": 181890000.0
    },
    "2025-03-31": {
        "Tax Effect Of Unusual Items": 0.0,
        "Tax Rate For Calcs": 0.21,
        "Normalized EBITDA": 3878000.0,
        "Net Income From Continuing Operation Net Minority Interest": 20547000.0,
        "Reconciled Depreciation": 462000.0,
        "Reconciled Cost Of Revenue": 2403000.0,
        "EBITDA": 3878000.0,
        "EBIT": 3416000.0,
        "Net Interest Income": 6202000.0,
        "Interest Income": 6202000.0,
        "Normalized Income": 20547000.0,
        "Net Income From Continuing And Discontinued Operation": 20547000.0,
        "Total Expenses": 153798000.0,
        "Total Operating Income As Reported": 3416000.0,
        "Diluted Average Shares": 119819000.0,
        "Basic Average Shares": 104106000.0,
        "Diluted EPS": 0.17,
        "Basic EPS": 0.19,
        "Diluted NI Availto Com Stockholders": 20288000.0,
        "Net Income Common Stockholders": 20288000.0,
        "Otherunder Preferred Stock Dividend": 259000.0,
        "Net Income": 20547000.0,
        "Net Income Including Noncontrolling Interests": 20547000.0,
        "Net Income Continuous Operations": 20547000.0,
        "Tax Provision": -10929000.0,
        "Pretax Income": 9618000.0,
        "Net Non Operating Interest Income Expense": 6202000.0,
        "Interest Income Non Operating": 6202000.0,
        "Operating Income": 3416000.0,
        "Operating Expense": 151395000.0,
        "Research And Development": 60735000.0,
        "Selling General And Administration": 90660000.0,
        "Gross Profit": 154811000.0,
        "Cost Of Revenue": 2403000.0,
        "Total Revenue": 157214000.0,
        "Operating Revenue": 157214000.0
    },
    "2025-06-30": {
        "Tax Effect Of Unusual Items": 0.0,
        "Tax Rate For Calcs": 0.21,
        "Normalized EBITDA": 27144000.0,
        "Net Income From Continuing Operation Net Minority Interest": 35149000.0,
        "Reconciled Depreciation": 469000.0,
        "Reconciled Cost Of Revenue": 3433000.0,
        "EBITDA": 27144000.0,
        "EBIT": 26675000.0,
        "Net Interest Income": 5017000.0,
        "Interest Income": 5017000.0,
        "Normalized Income": 35149000.0,
        "Net Income From Continuing And Discontinued Operation": 35149000.0,
        "Total Expenses": 167755000.0,
        "Total Operating Income As Reported": 26675000.0,
        "Diluted Average Shares": 120485000.0,
        "Basic Average Shares": 104111000.0,
        "Diluted EPS": 0.29,
        "Basic EPS": 0.33,
        "Diluted NI Availto Com Stockholders": 34611000.0,
        "Net Income Common Stockholders": 34611000.0,
        "Otherunder Preferred Stock Dividend": NaN,
        "Net Income": 35149000.0,
        "Net Income Including Noncontrolling Interests": 35149000.0,
        "Net Income Continuous Operations": 35149000.0,
        "Tax Provision": -3457000.0,
        "Pretax Income": 31692000.0,
        "Net Non Operating Interest Income Expense": 5017000.0,
        "Interest Income Non Operating": 5017000.0,
        "Operating Income": 26675000.0,
        "Operating Expense": 164322000.0,
        "Research And Development": 60471000.0,
        "Selling General And Administration": 103851000.0,
        "Gross Profit": 190997000.0,
        "Cost Of Revenue": 3433000.0,
        "Total Revenue": 194430000.0,
        "Operating Revenue": 194430000.0
    },
    "2025-09-30": {
        "Tax Effect Of Unusual Items": 0.0,
        "Tax Rate For Calcs": 0.21,
        "Normalized EBITDA": 10696000.0,
        "Net Income From Continuing Operation Net Minority Interest": 19668000.0,
        "Reconciled Depreciation": 477000.0,
        "Reconciled Cost Of Revenue": 4596000.0,
        "EBITDA": 10696000.0,
        "EBIT": 10219000.0,
        "Net Interest Income": 5024000.0,
        "Interest Income": 5024000.0,
        "Normalized Income": 19668000.0,
        "Net Income From Continuing And Discontinued Operation": 19668000.0,
        "Total Expenses": 197419000.0,
        "Total Operating Income As Reported": 10219000.0,
        "Diluted Average Shares": 119439000.0,
        "Basic Average Shares": 103545000.0,
        "Diluted EPS": 0.16,
        "Basic EPS": 0.19,
        "Diluted NI Availto Com Stockholders": 19359000.0,
        "Net Income Common Stockholders": 19359000.0,
        "Otherunder Preferred Stock Dividend": NaN,
        "Net Income": 19668000.0,
        "Net Income Including Noncontrolling Interests": 19668000.0,
        "Net Income Continuous Operations": 19668000.0,
        "Tax Provision": -4425000.0,
        "Pretax Income": 15243000.0,
        "Net Non Operating Interest Income Expense": 5024000.0,
        "Interest Income Non Operating": 5024000.0,
        "Operating Income": 10219000.0,
        "Operating Expense": 192823000.0,
        "Research And Development": 68846000.0,
        "Selling General And Administration": 123977000.0,
        "Gross Profit": 203042000.0,
        "Cost Of Revenue": 4596000.0,
        "Total Revenue": 207638000.0,
        "Operating Revenue": 207638000.0
    }
}