{
    "2023-06-30": {
        "Tax Effect Of Unusual Items": NaN,
        "Tax Rate For Calcs": NaN,
        "Normalized EBITDA": NaN,
        "Total Unusual Items": NaN,
        "Total Unusual Items Excluding Goodwill": NaN,
        "Net Income From Continuing Operation Net Minority Interest": NaN,
        "Reconciled Depreciation": NaN,
        "Reconciled Cost Of Revenue": NaN,
        "EBITDA": NaN,
        "EBIT": NaN,
        "Net Interest Income": NaN,
        "Interest Income": NaN,
        "Normalized Income": NaN,
        "Net Income From Continuing And Discontinued Operation": NaN,
        "Total Expenses": NaN,
        "Total Operating Income As Reported": NaN,
        "Diluted Average Shares": NaN,
        "Basic Average Shares": NaN,
        "Diluted EPS": NaN,
        "Basic EPS": NaN,
        "Diluted NI Availto Com Stockholders": NaN,
        "Net Income Common Stockholders": NaN,
        "Net Income": NaN,
        "Net Income Including Noncontrolling Interests": NaN,
        "Net Income Continuous Operations": NaN,
        "Tax Provision": NaN,
        "Pretax Income": NaN,
        "Other Income Expense": NaN,
        "Other Non Operating Income Expenses": NaN,
        "Special Income Charges": NaN,
        "Restructuring And Mergern Acquisition": NaN,
        "Net Non Operating Interest Income Expense": NaN,
        "Interest Income Non Operating": NaN,
        "Operating Income": NaN,
        "Operating Expense": NaN,
        "Research And Development": NaN,
        "Selling General And Administration": NaN,
        "Selling And Marketing Expense": NaN,
        "General And Administrative Expense": NaN,
        "Other Gand A": NaN,
        "Salaries And Wages": 15108000.0,
        "Gross Profit": NaN,
        "Cost Of Revenue": NaN,
        "Total Revenue": NaN,
        "Operating Revenue": NaN
    },
    "2023-03-31": {
        "Tax Effect Of Unusual Items": 1188390.0,
        "Tax Rate For Calcs": 0.21,
        "Normalized EBITDA": -44884000.0,
        "Total Unusual Items": 5659000.0,
        "Total Unusual Items Excluding Goodwill": 5659000.0,
        "Net Income From Continuing Operation Net Minority Interest": -32364000.0,
        "Reconciled Depreciation": 5511000.0,
        "Reconciled Cost Of Revenue": 70174000.0,
        "EBITDA": -39225000.0,
        "EBIT": -44736000.0,
        "Net Interest Income": 8037000.0,
        "Interest Income": 8037000.0,
        "Normalized Income": -36834610.0,
        "Net Income From Continuing And Discontinued Operation": -32364000.0,
        "Total Expenses": 192378000.0,
        "Total Operating Income As Reported": -39077000.0,
        "Diluted Average Shares": 148974454.0,
        "Basic Average Shares": 148974454.0,
        "Diluted EPS": -0.22,
        "Basic EPS": -0.22,
        "Diluted NI Availto Com Stockholders": -32364000.0,
        "Net Income Common Stockholders": -32364000.0,
        "Net Income": -32364000.0,
        "Net Income Including Noncontrolling Interests": -32364000.0,
        "Net Income Continuous Operations": -32364000.0,
        "Tax Provision": 1426000.0,
        "Pretax Income": -30938000.0,
        "Other Income Expense": 5761000.0,
        "Other Non Operating Income Expenses": 102000.0,
        "Special Income Charges": 5659000.0,
        "Restructuring And Mergern Acquisition": -5659000.0,
        "Net Non Operating Interest Income Expense": 8037000.0,
        "Interest Income Non Operating": 8037000.0,
        "Operating Income": -44736000.0,
        "Operating Expense": 122204000.0,
        "Research And Development": 43809000.0,
        "Selling General And Administration": 78395000.0,
        "Selling And Marketing Expense": 52872000.0,
        "General And Administrative Expense": 25523000.0,
        "Other Gand A": 25523000.0,
        "Salaries And Wages": NaN,
        "Gross Profit": 77468000.0,
        "Cost Of Revenue": 70174000.0,
        "Total Revenue": 147642000.0,
        "Operating Revenue": 147642000.0
    },
    "2022-12-31": {
        "Tax Effect Of Unusual Items": 0.0,
        "Tax Rate For Calcs": 0.21,
        "Normalized EBITDA": -40881000.0,
        "Total Unusual Items": NaN,
        "Total Unusual Items Excluding Goodwill": NaN,
        "Net Income From Continuing Operation Net Minority Interest": -51717000.0,
        "Reconciled Depreciation": 4996000.0,
        "Reconciled Cost Of Revenue": 54305000.0,
        "EBITDA": -40881000.0,
        "EBIT": -45877000.0,
        "Net Interest Income": 5671000.0,
        "Interest Income": 5671000.0,
        "Normalized Income": -51717000.0,
        "Net Income From Continuing And Discontinued Operation": -51717000.0,
        "Total Expenses": 188057000.0,
        "Total Operating Income As Reported": -56026000.0,
        "Diluted Average Shares": 147177497.0,
        "Basic Average Shares": 147177497.0,
        "Diluted EPS": -0.35,
        "Basic EPS": -0.35,
        "Diluted NI Availto Com Stockholders": -51717000.0,
        "Net Income Common Stockholders": -51717000.0,
        "Net Income": -51717000.0,
        "Net Income Including Noncontrolling Interests": -51717000.0,
        "Net Income Continuous Operations": -51717000.0,
        "Tax Provision": 1535000.0,
        "Pretax Income": -50182000.0,
        "Other Income Expense": -9976000.0,
        "Other Non Operating Income Expenses": 173000.0,
        "Special Income Charges": NaN,
        "Restructuring And Mergern Acquisition": NaN,
        "Net Non Operating Interest Income Expense": 5671000.0,
        "Interest Income Non Operating": 5671000.0,
        "Operating Income": -45877000.0,
        "Operating Expense": 133752000.0,
        "Research And Development": 42835000.0,
        "Selling General And Administration": 90917000.0,
        "Selling And Marketing Expense": 61919000.0,
        "General And Administrative Expense": 28998000.0,
        "Other Gand A": 28998000.0,
        "Salaries And Wages": NaN,
        "Gross Profit": 87875000.0,
        "Cost Of Revenue": 54305000.0,
        "Total Revenue": 142180000.0,
        "Operating Revenue": 142180000.0
    },
    "2022-09-30": {
        "Tax Effect Of Unusual Items": 0.0,
        "Tax Rate For Calcs": 0.21,
        "Normalized EBITDA": -31463000.0,
        "Total Unusual Items": NaN,
        "Total Unusual Items Excluding Goodwill": NaN,
        "Net Income From Continuing Operation Net Minority Interest": -36038000.0,
        "Reconciled Depreciation": 4886000.0,
        "Reconciled Cost Of Revenue": 48821000.0,
        "EBITDA": -31463000.0,
        "EBIT": -36349000.0,
        "Net Interest Income": 2301000.0,
        "Interest Income": 2301000.0,
        "Normalized Income": -36038000.0,
        "Net Income From Continuing And Discontinued Operation": -36038000.0,
        "Total Expenses": 172738000.0,
        "Total Operating Income As Reported": -36349000.0,
        "Diluted Average Shares": 146020571.0,
        "Basic Average Shares": 146020571.0,
        "Diluted EPS": -0.25,
        "Basic EPS": -0.25,
        "Diluted NI Availto Com Stockholders": -36038000.0,
        "Net Income Common Stockholders": -36038000.0,
        "Net Income": -36038000.0,
        "Net Income Including Noncontrolling Interests": -36038000.0,
        "Net Income Continuous Operations": -36038000.0,
        "Tax Provision": 1014000.0,
        "Pretax Income": -35024000.0,
        "Other Income Expense": -976000.0,
        "Other Non Operating Income Expenses": -976000.0,
        "Special Income Charges": NaN,
        "Restructuring And Mergern Acquisition": NaN,
        "Net Non Operating Interest Income Expense": 2301000.0,
        "Interest Income Non Operating": 2301000.0,
        "Operating Income": -36349000.0,
        "Operating Expense": 123917000.0,
        "Research And Development": 39415000.0,
        "Selling General And Administration": 84502000.0,
        "Selling And Marketing Expense": 58504000.0,
        "General And Administrative Expense": 25998000.0,
        "Other Gand A": 25998000.0,
        "Salaries And Wages": NaN,
        "Gross Profit": 87568000.0,
        "Cost Of Revenue": 48821000.0,
        "Total Revenue": 136389000.0,
        "Operating Revenue": 136389000.0
    },
    "2022-06-30": {
        "Tax Effect Of Unusual Items": 0.0,
        "Tax Rate For Calcs": 0.4,
        "Normalized EBITDA": -43396000.0,
        "Total Unusual Items": NaN,
        "Total Unusual Items Excluding Goodwill": NaN,
        "Net Income From Continuing Operation Net Minority Interest": -49334000.0,
        "Reconciled Depreciation": 4439000.0,
        "Reconciled Cost Of Revenue": 46348000.0,
        "EBITDA": -43396000.0,
        "EBIT": -47835000.0,
        "Net Interest Income": 837000.0,
        "Interest Income": 837000.0,
        "Normalized Income": -49334000.0,
        "Net Income From Continuing And Discontinued Operation": -49334000.0,
        "Total Expenses": 172589000.0,
        "Total Operating Income As Reported": -47835000.0,
        "Diluted Average Shares": 144782220.0,
        "Basic Average Shares": 144782220.0,
        "Diluted EPS": -0.34,
        "Basic EPS": -0.34,
        "Diluted NI Availto Com Stockholders": -49334000.0,
        "Net Income Common Stockholders": -49334000.0,
        "Net Income": -49334000.0,
        "Net Income Including Noncontrolling Interests": -49334000.0,
        "Net Income Continuous Operations": -49334000.0,
        "Tax Provision": 1163000.0,
        "Pretax Income": -48171000.0,
        "Other Income Expense": -1173000.0,
        "Other Non Operating Income Expenses": -1173000.0,
        "Special Income Charges": NaN,
        "Restructuring And Mergern Acquisition": NaN,
        "Net Non Operating Interest Income Expense": 837000.0,
        "Interest Income Non Operating": 837000.0,
        "Operating Income": -47835000.0,
        "Operating Expense": 126241000.0,
        "Research And Development": 44929000.0,
        "Selling General And Administration": 81312000.0,
        "Selling And Marketing Expense": 55586000.0,
        "General And Administrative Expense": 25726000.0,
        "Other Gand A": 25726000.0,
        "Salaries And Wages": NaN,
        "Gross Profit": 78406000.0,
        "Cost Of Revenue": 46348000.0,
        "Total Revenue": 124754000.0,
        "Operating Revenue": 124754000.0
    },
    "2022-03-31": {
        "Diluted EPS": -0.27,
        "Total Revenue": 120,
        "Gross Profit": 78,
        "Operating Income": -37,
        "EBIT": -32,
        "Net Income": -38
    },
    "2021-12-31": {
        "Diluted EPS": -0.25,
        "Total Revenue": 115,
        "Gross Profit": 71,
        "Operating Income": -47,
        "EBIT": -43,
        "Net Income": -48
    },
    "2021-09-30": {
        "Diluted EPS": -0.23,
        "Total Revenue": 110,
        "Gross Profit": 68,
        "Operating Income": -31,
        "EBIT": -27,
        "Net Income": -32
    },
    "2021-06-30": {
        "Diluted EPS": -0.35,
        "Total Revenue": 102,
        "Gross Profit": 61,
        "Operating Income": -46,
        "EBIT": -42,
        "Net Income": -46
    },
    "2021-03-31": {
        "Diluted EPS": -0.45,
        "Total Revenue": 88,
        "Gross Profit": 50,
        "Operating Income": -18,
        "EBIT": -15,
        "Net Income": -19
    },
    "2020-12-31": {
        "Diluted EPS": -0.71,
        "Total Revenue": 83,
        "Gross Profit": 43,
        "Operating Income": -26,
        "EBIT": -23,
        "Net Income": -27
    },
    "2020-09-30": {
        "Diluted EPS": -0.31,
        "Total Revenue": 83,
        "Gross Profit": 44,
        "Operating Income": -12,
        "EBIT": -9,
        "Net Income": -12
    },
    "2020-06-30": {
        "Diluted EPS": -0.38,
        "Total Revenue": 74,
        "Gross Profit": 39,
        "Operating Income": -14,
        "EBIT": -12,
        "Net Income": -14
    },
    "2020-03-31": {
        "Diluted EPS": -0.4,
        "Total Revenue": 54,
        "Gross Profit": 29,
        "Operating Income": -15,
        "EBIT": -13,
        "Net Income": -14
    },
    "2019-12-31": {
        "Diluted EPS": 0.0,
        "Total Revenue": NaN,
        "Gross Profit": NaN,
        "Operating Income": NaN,
        "EBIT": NaN,
        "Net Income": NaN
    },
    "2023-09-30": {
        "Tax Effect Of Unusual Items": NaN,
        "Tax Rate For Calcs": NaN,
        "Normalized EBITDA": NaN,
        "Total Unusual Items": NaN,
        "Total Unusual Items Excluding Goodwill": NaN,
        "Net Income From Continuing Operation Net Minority Interest": NaN,
        "Reconciled Depreciation": NaN,
        "Reconciled Cost Of Revenue": NaN,
        "EBITDA": NaN,
        "EBIT": NaN,
        "Net Interest Income": NaN,
        "Interest Income": NaN,
        "Normalized Income": NaN,
        "Net Income From Continuing And Discontinued Operation": NaN,
        "Total Expenses": NaN,
        "Total Operating Income As Reported": NaN,
        "Diluted Average Shares": 150853611.0,
        "Basic Average Shares": 150853611.0,
        "Diluted EPS": -0.21,
        "Basic EPS": -0.21,
        "Diluted NI Availto Com Stockholders": NaN,
        "Net Income Common Stockholders": NaN,
        "Net Income": NaN,
        "Net Income Including Noncontrolling Interests": NaN,
        "Net Income Continuous Operations": NaN,
        "Tax Provision": NaN,
        "Pretax Income": NaN,
        "Other Income Expense": NaN,
        "Other Non Operating Income Expenses": NaN,
        "Special Income Charges": NaN,
        "Restructuring And Mergern Acquisition": NaN,
        "Net Non Operating Interest Income Expense": NaN,
        "Interest Income Non Operating": NaN,
        "Operating Income": NaN,
        "Operating Expense": NaN,
        "Research And Development": NaN,
        "Selling General And Administration": NaN,
        "Selling And Marketing Expense": NaN,
        "General And Administrative Expense": NaN,
        "Other Gand A": NaN,
        "Gross Profit": NaN,
        "Cost Of Revenue": NaN,
        "Total Revenue": NaN,
        "Operating Revenue": NaN
    },
    "2023-12-31": {
        "Tax Effect Of Unusual Items": 0.0,
        "Tax Rate For Calcs": 0.21,
        "Normalized EBITDA": -22791000.0,
        "Total Unusual Items": 0.0,
        "Total Unusual Items Excluding Goodwill": 0.0,
        "Net Income From Continuing Operation Net Minority Interest": -20357000.0,
        "Reconciled Depreciation": 5768000.0,
        "Reconciled Cost Of Revenue": 79551000.0,
        "EBITDA": -22791000.0,
        "EBIT": -28559000.0,
        "Net Interest Income": 9298000.0,
        "Interest Income": 9298000.0,
        "Normalized Income": -20357000.0,
        "Net Income From Continuing And Discontinued Operation": -20357000.0,
        "Total Expenses": 197439000.0,
        "Total Operating Income As Reported": -28559000.0,
        "Diluted Average Shares": 153690451.0,
        "Basic Average Shares": 153690451.0,
        "Diluted EPS": -0.13,
        "Basic EPS": -0.13,
        "Diluted NI Availto Com Stockholders": -20357000.0,
        "Net Income Common Stockholders": -20357000.0,
        "Net Income": -20357000.0,
        "Net Income Including Noncontrolling Interests": -20357000.0,
        "Net Income Continuous Operations": -20357000.0,
        "Tax Provision": 1308000.0,
        "Pretax Income": -19049000.0,
        "Other Income Expense": 212000.0,
        "Other Non Operating Income Expenses": 212000.0,
        "Special Income Charges": 0.0,
        "Restructuring And Mergern Acquisition": 0.0,
        "Net Non Operating Interest Income Expense": 9298000.0,
        "Interest Income Non Operating": 9298000.0,
        "Operating Income": -28559000.0,
        "Operating Expense": 117888000.0,
        "Research And Development": 37366000.0,
        "Selling General And Administration": 80522000.0,
        "Selling And Marketing Expense": 58106000.0,
        "General And Administrative Expense": 22416000.0,
        "Other Gand A": 22416000.0,
        "Gross Profit": 89329000.0,
        "Cost Of Revenue": 79551000.0,
        "Total Revenue": 168880000.0,
        "Operating Revenue": 168880000.0
    },
    "2024-03-31": {
        "Tax Effect Of Unusual Items": -441000.0,
        "Tax Rate For Calcs": 0.21,
        "Normalized EBITDA": -19200000.0,
        "Total Unusual Items": -2100000.0,
        "Total Unusual Items Excluding Goodwill": -2100000.0,
        "Net Income From Continuing Operation Net Minority Interest": -21300000.0,
        "Reconciled Depreciation": 6400000.0,
        "Reconciled Cost Of Revenue": 79600000.0,
        "EBITDA": -21300000.0,
        "EBIT": -27700000.0,
        "Net Interest Income": 9600000.0,
        "Interest Income": 9600000.0,
        "Normalized Income": -19641000.0,
        "Net Income From Continuing And Discontinued Operation": -21300000.0,
        "Total Expenses": 196800000.0,
        "Total Operating Income As Reported": -29800000.0,
        "Diluted Average Shares": 156400000.0,
        "Basic Average Shares": 156400000.0,
        "Diluted EPS": -0.14,
        "Basic EPS": -0.14,
        "Diluted NI Availto Com Stockholders": -21300000.0,
        "Net Income Common Stockholders": -21300000.0,
        "Net Income": -21300000.0,
        "Net Income Including Noncontrolling Interests": -21300000.0,
        "Net Income Continuous Operations": -21300000.0,
        "Tax Provision": 800000.0,
        "Pretax Income": -20500000.0,
        "Other Income Expense": -2400000.0,
        "Other Non Operating Income Expenses": -300000.0,
        "Special Income Charges": -2100000.0,
        "Restructuring And Mergern Acquisition": 2100000.0,
        "Net Non Operating Interest Income Expense": 9600000.0,
        "Interest Income Non Operating": 9600000.0,
        "Operating Income": -27700000.0,
        "Operating Expense": 117200000.0,
        "Research And Development": 34600000.0,
        "Selling General And Administration": 82600000.0,
        "Selling And Marketing Expense": 57600000.0,
        "General And Administrative Expense": 25000000.0,
        "Other Gand A": 25000000.0,
        "Gross Profit": 89500000.0,
        "Cost Of Revenue": 79600000.0,
        "Total Revenue": 169100000.0,
        "Operating Revenue": 169100000.0
    },
    "2024-06-30": {
        "Tax Effect Of Unusual Items": 0.0,
        "Tax Rate For Calcs": 0.21,
        "Normalized EBITDA": -24900000.0,
        "Total Unusual Items": 0.0,
        "Total Unusual Items Excluding Goodwill": 0.0,
        "Net Income From Continuing Operation Net Minority Interest": -22900000.0,
        "Reconciled Depreciation": 6300000.0,
        "Reconciled Cost Of Revenue": 80100000.0,
        "EBITDA": -24900000.0,
        "EBIT": -31200000.0,
        "Net Interest Income": 9300000.0,
        "Interest Income": 9300000.0,
        "Normalized Income": -22900000.0,
        "Net Income From Continuing And Discontinued Operation": -22900000.0,
        "Total Expenses": 201500000.0,
        "Total Operating Income As Reported": -31200000.0,
        "Diluted Average Shares": 156292508.0,
        "Basic Average Shares": 156292508.0,
        "Diluted EPS": -0.15,
        "Basic EPS": -0.15,
        "Diluted NI Availto Com Stockholders": -22900000.0,
        "Net Income Common Stockholders": -22900000.0,
        "Net Income": -22900000.0,
        "Net Income Including Noncontrolling Interests": -22900000.0,
        "Net Income Continuous Operations": -22900000.0,
        "Tax Provision": 1000000.0,
        "Pretax Income": -21900000.0,
        "Other Income Expense": -65000.0,
        "Other Non Operating Income Expenses": -21000.0,
        "Special Income Charges": 0.0,
        "Restructuring And Mergern Acquisition": 0.0,
        "Net Non Operating Interest Income Expense": 9300000.0,
        "Interest Income Non Operating": 9300000.0,
        "Operating Income": -31200000.0,
        "Operating Expense": 121400000.0,
        "Research And Development": 33700000.0,
        "Selling General And Administration": 87700000.0,
        "Selling And Marketing Expense": 58100000.0,
        "General And Administrative Expense": 29600000.0,
        "Other Gand A": 29600000.0,
        "Gross Profit": 90200000.0,
        "Cost Of Revenue": 80100000.0,
        "Total Revenue": 170300000.0,
        "Operating Revenue": 170300000.0
    },
    "2024-09-30": {
        "Tax Effect Of Unusual Items": 0.0,
        "Tax Rate For Calcs": 0.21,
        "Normalized EBITDA": -15700000.0,
        "Total Unusual Items": 0.0,
        "Total Unusual Items Excluding Goodwill": 0.0,
        "Net Income From Continuing Operation Net Minority Interest": -13700000.0,
        "Reconciled Depreciation": 6000000.0,
        "Reconciled Cost Of Revenue": 79900000.0,
        "EBITDA": -15700000.0,
        "EBIT": -21700000.0,
        "Net Interest Income": 9300000.0,
        "Interest Income": 9300000.0,
        "Normalized Income": -13700000.0,
        "Net Income From Continuing And Discontinued Operation": -13700000.0,
        "Total Expenses": 197800000.0,
        "Total Operating Income As Reported": -21700000.0,
        "Diluted Average Shares": 157609988.0,
        "Basic Average Shares": 157609988.0,
        "Diluted EPS": -0.09,
        "Basic EPS": -0.09,
        "Diluted NI Availto Com Stockholders": -13700000.0,
        "Net Income Common Stockholders": -13700000.0,
        "Net Income": -13700000.0,
        "Net Income Including Noncontrolling Interests": -13700000.0,
        "Net Income Continuous Operations": -13700000.0,
        "Tax Provision": 1500000.0,
        "Pretax Income": -12200000.0,
        "Other Income Expense": 200000.0,
        "Other Non Operating Income Expenses": 200000.0,
        "Special Income Charges": 0.0,
        "Restructuring And Mergern Acquisition": 0.0,
        "Net Non Operating Interest Income Expense": 9300000.0,
        "Interest Income Non Operating": 9300000.0,
        "Operating Income": -21700000.0,
        "Operating Expense": 117900000.0,
        "Research And Development": 31600000.0,
        "Selling General And Administration": 86300000.0,
        "Selling And Marketing Expense": 59000000.0,
        "General And Administrative Expense": 27300000.0,
        "Other Gand A": 27300000.0,
        "Gross Profit": 96200000.0,
        "Cost Of Revenue": 79900000.0,
        "Total Revenue": 176100000.0,
        "Operating Revenue": 176100000.0
    },
    "2024-12-31": {
        "Tax Effect Of Unusual Items": -658681.27873,
        "Tax Rate For Calcs": 0.096908,
        "Normalized EBITDA": -10554000.0,
        "Total Unusual Items": -6797000.0,
        "Total Unusual Items Excluding Goodwill": -6797000.0,
        "Net Income From Continuing Operation Net Minority Interest": -21611000.0,
        "Reconciled Depreciation": 6350000.0,
        "Reconciled Cost Of Revenue": 83672000.0,
        "EBITDA": -17351000.0,
        "EBIT": -23701000.0,
        "Net Interest Income": 8489000.0,
        "Interest Income": 8489000.0,
        "Normalized Income": -15472681.27873,
        "Net Income From Continuing And Discontinued Operation": -21611000.0,
        "Total Expenses": 202881000.0,
        "Total Operating Income As Reported": -30498000.0,
        "Diluted Average Shares": 159179499.0,
        "Basic Average Shares": 159179499.0,
        "Diluted EPS": -0.14,
        "Basic EPS": -0.14,
        "Diluted NI Availto Com Stockholders": -21611000.0,
        "Net Income Common Stockholders": -21611000.0,
        "Net Income": -21611000.0,
        "Net Income Including Noncontrolling Interests": -21611000.0,
        "Net Income Continuous Operations": -21611000.0,
        "Tax Provision": -2319000.0,
        "Pretax Income": -23930000.0,
        "Other Income Expense": -8718000.0,
        "Other Non Operating Income Expenses": -1921000.0,
        "Special Income Charges": -6797000.0,
        "Restructuring And Mergern Acquisition": 6797000.0,
        "Net Non Operating Interest Income Expense": 8489000.0,
        "Interest Income Non Operating": 8489000.0,
        "Operating Income": -23701000.0,
        "Operating Expense": 119209000.0,
        "Research And Development": 32122000.0,
        "Selling General And Administration": 87087000.0,
        "Selling And Marketing Expense": 60227000.0,
        "General And Administrative Expense": 26860000.0,
        "Other Gand A": 26860000.0,
        "Gross Profit": 95508000.0,
        "Cost Of Revenue": 83672000.0,
        "Total Revenue": 179180000.0,
        "Operating Revenue": 179180000.0
    },
    "2025-03-31": {
        "Tax Effect Of Unusual Items": 189000.0,
        "Tax Rate For Calcs": 0.21,
        "Normalized EBITDA": -9100000.0,
        "Total Unusual Items": 900000.0,
        "Total Unusual Items Excluding Goodwill": 900000.0,
        "Net Income From Continuing Operation Net Minority Interest": -7800000.0,
        "Reconciled Depreciation": 7100000.0,
        "Reconciled Cost Of Revenue": 81400000.0,
        "EBITDA": -8200000.0,
        "EBIT": -15300000.0,
        "Net Interest Income": 7800000.0,
        "Interest Income": 7800000.0,
        "Normalized Income": -8511000.0,
        "Net Income From Continuing And Discontinued Operation": -7800000.0,
        "Total Expenses": 194600000.0,
        "Total Operating Income As Reported": -14400000.0,
        "Diluted Average Shares": 160700000.0,
        "Basic Average Shares": 160700000.0,
        "Diluted EPS": -0.05,
        "Basic EPS": -0.05,
        "Diluted NI Availto Com Stockholders": -7800000.0,
        "Net Income Common Stockholders": -7800000.0,
        "Net Income": -7800000.0,
        "Net Income Including Noncontrolling Interests": -7800000.0,
        "Net Income Continuous Operations": -7800000.0,
        "Tax Provision": 1500000.0,
        "Pretax Income": -6300000.0,
        "Other Income Expense": 1200000.0,
        "Other Non Operating Income Expenses": 300000.0,
        "Special Income Charges": 900000.0,
        "Restructuring And Mergern Acquisition": -900000.0,
        "Net Non Operating Interest Income Expense": 7800000.0,
        "Interest Income Non Operating": 7800000.0,
        "Operating Income": -15300000.0,
        "Operating Expense": 113200000.0,
        "Research And Development": 29500000.0,
        "Selling General And Administration": 83700000.0,
        "Selling And Marketing Expense": 56800000.0,
        "General And Administrative Expense": 26900000.0,
        "Other Gand A": 26900000.0,
        "Gross Profit": 97900000.0,
        "Cost Of Revenue": 81400000.0,
        "Total Revenue": 179300000.0,
        "Operating Revenue": 179300000.0
    },
    "2025-06-30": {
        "Tax Effect Of Unusual Items": 0.0,
        "Tax Rate For Calcs": 0.21,
        "Normalized EBITDA": -7700000.0,
        "Total Unusual Items": 0.0,
        "Total Unusual Items Excluding Goodwill": 0.0,
        "Net Income From Continuing Operation Net Minority Interest": -7800000.0,
        "Reconciled Depreciation": 7400000.0,
        "Reconciled Cost Of Revenue": 84400000.0,
        "EBITDA": -7700000.0,
        "EBIT": -15100000.0,
        "Net Interest Income": 8000000.0,
        "Interest Income": 8000000.0,
        "Normalized Income": -7800000.0,
        "Net Income From Continuing And Discontinued Operation": -7800000.0,
        "Total Expenses": 202200000.0,
        "Total Operating Income As Reported": -15100000.0,
        "Diluted Average Shares": 162500000.0,
        "Basic Average Shares": 162500000.0,
        "Diluted EPS": -0.05,
        "Basic EPS": -0.05,
        "Diluted NI Availto Com Stockholders": -7800000.0,
        "Net Income Common Stockholders": -7800000.0,
        "Net Income": -7800000.0,
        "Net Income Including Noncontrolling Interests": -7800000.0,
        "Net Income Continuous Operations": -7800000.0,
        "Tax Provision": 800000.0,
        "Pretax Income": -7000000.0,
        "Other Income Expense": 100000.0,
        "Other Non Operating Income Expenses": 100000.0,
        "Special Income Charges": 0.0,
        "Restructuring And Mergern Acquisition": 0.0,
        "Net Non Operating Interest Income Expense": 8000000.0,
        "Interest Income Non Operating": 8000000.0,
        "Operating Income": -15100000.0,
        "Operating Expense": 117800000.0,
        "Research And Development": 29300000.0,
        "Selling General And Administration": 88500000.0,
        "Selling And Marketing Expense": 63600000.0,
        "General And Administrative Expense": 24900000.0,
        "Other Gand A": 24900000.0,
        "Gross Profit": 102700000.0,
        "Cost Of Revenue": 84400000.0,
        "Total Revenue": 187100000.0,
        "Operating Revenue": 187100000.0
    },
    "2025-09-30": {
        "Tax Effect Of Unusual Items": 0.0,
        "Tax Rate For Calcs": 0.21,
        "Normalized EBITDA": -8300000.0,
        "Total Unusual Items": 0.0,
        "Total Unusual Items Excluding Goodwill": 0.0,
        "Net Income From Continuing Operation Net Minority Interest": -8600000.0,
        "Reconciled Depreciation": 7300000.0,
        "Reconciled Cost Of Revenue": 88200000.0,
        "EBITDA": -8300000.0,
        "EBIT": -15600000.0,
        "Net Interest Income": 8300000.0,
        "Interest Income": 8300000.0,
        "Normalized Income": -8600000.0,
        "Net Income From Continuing And Discontinued Operation": -8600000.0,
        "Total Expenses": 209800000.0,
        "Total Operating Income As Reported": -15600000.0,
        "Diluted Average Shares": 164600000.0,
        "Basic Average Shares": 164600000.0,
        "Diluted EPS": -0.05,
        "Basic EPS": -0.05,
        "Diluted NI Availto Com Stockholders": -8600000.0,
        "Net Income Common Stockholders": -8600000.0,
        "Net Income": -8600000.0,
        "Net Income Including Noncontrolling Interests": -8600000.0,
        "Net Income Continuous Operations": -8600000.0,
        "Tax Provision": 800000.0,
        "Pretax Income": -7800000.0,
        "Other Income Expense": -500000.0,
        "Other Non Operating Income Expenses": -500000.0,
        "Special Income Charges": 0.0,
        "Restructuring And Mergern Acquisition": 0.0,
        "Net Non Operating Interest Income Expense": 8300000.0,
        "Interest Income Non Operating": 8300000.0,
        "Operating Income": -15600000.0,
        "Operating Expense": 121600000.0,
        "Research And Development": 30000000.0,
        "Selling General And Administration": 91600000.0,
        "Selling And Marketing Expense": 67400000.0,
        "General And Administrative Expense": 24200000.0,
        "Other Gand A": 24200000.0,
        "Gross Profit": 106000000.0,
        "Cost Of Revenue": 88200000.0,
        "Total Revenue": 194200000.0,
        "Operating Revenue": 194200000.0
    }
}