{
    "2023-06-30": {
        "Tax Effect Of Unusual Items": NaN,
        "Tax Rate For Calcs": NaN,
        "Normalized EBITDA": NaN,
        "Total Unusual Items": NaN,
        "Total Unusual Items Excluding Goodwill": NaN,
        "Net Income From Continuing Operation Net Minority Interest": NaN,
        "Reconciled Depreciation": NaN,
        "Reconciled Cost Of Revenue": NaN,
        "EBITDA": NaN,
        "EBIT": NaN,
        "Net Interest Income": NaN,
        "Interest Expense": NaN,
        "Interest Income": NaN,
        "Normalized Income": NaN,
        "Net Income From Continuing And Discontinued Operation": NaN,
        "Total Expenses": NaN,
        "Total Operating Income As Reported": NaN,
        "Diluted Average Shares": NaN,
        "Basic Average Shares": NaN,
        "Diluted EPS": NaN,
        "Basic EPS": NaN,
        "Diluted NI Availto Com Stockholders": NaN,
        "Net Income Common Stockholders": NaN,
        "Net Income": NaN,
        "Net Income Including Noncontrolling Interests": NaN,
        "Net Income Continuous Operations": NaN,
        "Tax Provision": NaN,
        "Pretax Income": NaN,
        "Other Income Expense": NaN,
        "Special Income Charges": 0.0,
        "Write Off": 0.0,
        "Impairment Of Capital Assets": NaN,
        "Gain On Sale Of Security": NaN,
        "Net Non Operating Interest Income Expense": NaN,
        "Interest Expense Non Operating": NaN,
        "Interest Income Non Operating": NaN,
        "Operating Income": NaN,
        "Operating Expense": NaN,
        "Other Operating Expenses": NaN,
        "Depreciation Amortization Depletion Income Statement": 3000000.0,
        "Depreciation And Amortization In Income Statement": 3000000.0,
        "Selling General And Administration": NaN,
        "Selling And Marketing Expense": NaN,
        "General And Administrative Expense": NaN,
        "Other Gand A": NaN,
        "Salaries And Wages": 40100000.0,
        "Gross Profit": NaN,
        "Cost Of Revenue": NaN,
        "Total Revenue": NaN,
        "Operating Revenue": NaN
    },
    "2023-03-31": {
        "Tax Effect Of Unusual Items": NaN,
        "Tax Rate For Calcs": NaN,
        "Normalized EBITDA": NaN,
        "Total Unusual Items": NaN,
        "Total Unusual Items Excluding Goodwill": NaN,
        "Net Income From Continuing Operation Net Minority Interest": NaN,
        "Reconciled Depreciation": NaN,
        "Reconciled Cost Of Revenue": NaN,
        "EBITDA": NaN,
        "EBIT": NaN,
        "Net Interest Income": NaN,
        "Interest Expense": NaN,
        "Interest Income": NaN,
        "Normalized Income": NaN,
        "Net Income From Continuing And Discontinued Operation": NaN,
        "Total Expenses": NaN,
        "Total Operating Income As Reported": NaN,
        "Diluted Average Shares": NaN,
        "Basic Average Shares": NaN,
        "Diluted EPS": NaN,
        "Basic EPS": NaN,
        "Diluted NI Availto Com Stockholders": NaN,
        "Net Income Common Stockholders": NaN,
        "Net Income": NaN,
        "Net Income Including Noncontrolling Interests": NaN,
        "Net Income Continuous Operations": NaN,
        "Tax Provision": NaN,
        "Pretax Income": NaN,
        "Other Income Expense": NaN,
        "Special Income Charges": NaN,
        "Write Off": NaN,
        "Impairment Of Capital Assets": NaN,
        "Gain On Sale Of Security": NaN,
        "Net Non Operating Interest Income Expense": NaN,
        "Interest Expense Non Operating": NaN,
        "Interest Income Non Operating": NaN,
        "Operating Income": NaN,
        "Operating Expense": NaN,
        "Other Operating Expenses": NaN,
        "Depreciation Amortization Depletion Income Statement": 4300000.0,
        "Depreciation And Amortization In Income Statement": 4300000.0,
        "Selling General And Administration": NaN,
        "Selling And Marketing Expense": NaN,
        "General And Administrative Expense": NaN,
        "Other Gand A": NaN,
        "Salaries And Wages": 41900000.0,
        "Gross Profit": NaN,
        "Cost Of Revenue": NaN,
        "Total Revenue": NaN,
        "Operating Revenue": NaN
    },
    "2022-12-31": {
        "Tax Effect Of Unusual Items": -2934407.653988,
        "Tax Rate For Calcs": 0.390266,
        "Normalized EBITDA": 111419000.0,
        "Total Unusual Items": -7519000.0,
        "Total Unusual Items Excluding Goodwill": -7519000.0,
        "Net Income From Continuing Operation Net Minority Interest": 38923000.0,
        "Reconciled Depreciation": 34918000.0,
        "Reconciled Cost Of Revenue": 370772000.0,
        "EBITDA": 103900000.0,
        "EBIT": 68982000.0,
        "Net Interest Income": -22617000.0,
        "Interest Expense": 5146000.0,
        "Interest Income": 549000.0,
        "Normalized Income": 43507592.346012,
        "Net Income From Continuing And Discontinued Operation": 38923000.0,
        "Total Expenses": 443125000.0,
        "Total Operating Income As Reported": 86069000.0,
        "Diluted Average Shares": 86495556.0,
        "Basic Average Shares": 86495556.0,
        "Diluted EPS": 0.45,
        "Basic EPS": 0.45,
        "Diluted NI Availto Com Stockholders": 38923000.0,
        "Net Income Common Stockholders": 38923000.0,
        "Net Income": 38923000.0,
        "Net Income Including Noncontrolling Interests": 38923000.0,
        "Net Income Continuous Operations": 38923000.0,
        "Tax Provision": 24913000.0,
        "Pretax Income": 63836000.0,
        "Other Income Expense": -4317000.0,
        "Gain On Sale Of Security": 384000.0,
        "Net Non Operating Interest Income Expense": -22617000.0,
        "Interest Expense Non Operating": 5146000.0,
        "Interest Income Non Operating": 549000.0,
        "Operating Income": 90770000.0,
        "Operating Expense": 72353000.0,
        "Other Operating Expenses": 5669000.0,
        "Depreciation Amortization Depletion Income Statement": NaN,
        "Depreciation And Amortization In Income Statement": NaN,
        "Selling General And Administration": 42376000.0,
        "Selling And Marketing Expense": -30272000.0,
        "General And Administrative Expense": 72648000.0,
        "Other Gand A": -92512000.0,
        "Salaries And Wages": NaN,
        "Gross Profit": 163123000.0,
        "Cost Of Revenue": 370772000.0,
        "Total Revenue": 533895000.0,
        "Operating Revenue": 533895000.0
    },
    "2022-06-30": {
        "Tax Effect Of Unusual Items": 2173381.289825,
        "Tax Rate For Calcs": 0.314527,
        "Normalized EBITDA": 121536000.0,
        "Total Unusual Items": 6910000.0,
        "Total Unusual Items Excluding Goodwill": 6910000.0,
        "Net Income From Continuing Operation Net Minority Interest": 47979000.0,
        "Reconciled Depreciation": 34639000.0,
        "Reconciled Cost Of Revenue": 344804000.0,
        "EBITDA": 128446000.0,
        "EBIT": 93807000.0,
        "Net Interest Income": -22801000.0,
        "Interest Expense": 23813000.0,
        "Interest Income": 1012000.0,
        "Normalized Income": 43242381.289825,
        "Net Income From Continuing And Discontinued Operation": 47979000.0,
        "Total Expenses": 417001000.0,
        "Total Operating Income As Reported": 85885000.0,
        "Diluted Average Shares": 85621400.0,
        "Basic Average Shares": 85621400.0,
        "Diluted EPS": 0.55,
        "Basic EPS": 0.55,
        "Diluted NI Availto Com Stockholders": 47979000.0,
        "Net Income Common Stockholders": 47979000.0,
        "Net Income": 47979000.0,
        "Net Income Including Noncontrolling Interests": 47979000.0,
        "Net Income Continuous Operations": 47979000.0,
        "Tax Provision": 22015000.0,
        "Pretax Income": 69994000.0,
        "Other Income Expense": 6910000.0,
        "Gain On Sale Of Security": 6910000.0,
        "Net Non Operating Interest Income Expense": -22801000.0,
        "Interest Expense Non Operating": 23813000.0,
        "Interest Income Non Operating": 1012000.0,
        "Operating Income": 85885000.0,
        "Operating Expense": 72197000.0,
        "Other Operating Expenses": 311000.0,
        "Depreciation Amortization Depletion Income Statement": NaN,
        "Depreciation And Amortization In Income Statement": NaN,
        "Selling General And Administration": 71886000.0,
        "Selling And Marketing Expense": 17025000.0,
        "General And Administrative Expense": 54861000.0,
        "Other Gand A": 54861000.0,
        "Salaries And Wages": NaN,
        "Gross Profit": 158082000.0,
        "Cost Of Revenue": 344804000.0,
        "Total Revenue": 502886000.0,
        "Operating Revenue": 502886000.0
    },
    "2022-09-30": {
        "Tax Effect Of Unusual Items": -545039.612952,
        "Tax Rate For Calcs": 0.307932,
        "Normalized EBITDA": 125596000.0,
        "Total Unusual Items": -1770000.0,
        "Total Unusual Items Excluding Goodwill": -1770000.0,
        "Net Income From Continuing Operation Net Minority Interest": 44201000.0,
        "Reconciled Depreciation": 34959000.0,
        "Reconciled Cost Of Revenue": 387695000.0,
        "EBITDA": 123826000.0,
        "EBIT": 88867000.0,
        "Net Interest Income": -24144000.0,
        "Interest Expense": 24999000.0,
        "Interest Income": 855000.0,
        "Normalized Income": 45425960.387048,
        "Net Income From Continuing And Discontinued Operation": 44201000.0,
        "Total Expenses": 463774000.0,
        "Total Operating Income As Reported": 89782000.0,
        "Diluted Average Shares": 85621400.0,
        "Basic Average Shares": 85621400.0,
        "Diluted EPS": 0.5,
        "Basic EPS": 0.5,
        "Diluted NI Availto Com Stockholders": 44201000.0,
        "Net Income Common Stockholders": 44201000.0,
        "Net Income": 44201000.0,
        "Net Income Including Noncontrolling Interests": 44201000.0,
        "Net Income Continuous Operations": 44201000.0,
        "Tax Provision": 19667000.0,
        "Pretax Income": 63868000.0,
        "Other Income Expense": -1770000.0,
        "Gain On Sale Of Security": -1770000.0,
        "Net Non Operating Interest Income Expense": -24144000.0,
        "Interest Expense Non Operating": 24999000.0,
        "Interest Income Non Operating": 855000.0,
        "Operating Income": 89782000.0,
        "Operating Expense": 76079000.0,
        "Other Operating Expenses": 688000.0,
        "Depreciation Amortization Depletion Income Statement": NaN,
        "Depreciation And Amortization In Income Statement": NaN,
        "Selling General And Administration": 75391000.0,
        "Selling And Marketing Expense": 17242000.0,
        "General And Administrative Expense": 58149000.0,
        "Other Gand A": 58149000.0,
        "Salaries And Wages": NaN,
        "Gross Profit": 165861000.0,
        "Cost Of Revenue": 387695000.0,
        "Total Revenue": 553556000.0,
        "Operating Revenue": 553556000.0
    },
    "2021-12-31": {
        "Diluted EPS": 0.16,
        "Total Revenue": 127,
        "Gross Profit": 39,
        "Operating Income": 27,
        "EBIT": 36,
        "Net Income": 13
    },
    "2021-09-30": {
        "Diluted EPS": 0.13,
        "Total Revenue": 127,
        "Gross Profit": 37,
        "Operating Income": 21,
        "EBIT": 28,
        "Net Income": 11
    },
    "2021-06-30": {
        "Diluted EPS": 0.09,
        "Total Revenue": 117,
        "Gross Profit": 31,
        "Operating Income": 15,
        "EBIT": 24,
        "Net Income": 7
    },
    "2021-03-31": {
        "Diluted EPS": 0.1,
        "Total Revenue": 128,
        "Gross Profit": 37,
        "Operating Income": 20,
        "EBIT": 29,
        "Net Income": 9
    },
    "2020-12-31": {
        "Diluted EPS": 0.16,
        "Total Revenue": 132,
        "Gross Profit": 42,
        "Operating Income": 26,
        "EBIT": 37,
        "Net Income": 14
    },
    "2020-09-30": {
        "Diluted EPS": 0.16,
        "Total Revenue": 116,
        "Gross Profit": 37,
        "Operating Income": 24,
        "EBIT": 34,
        "Net Income": 13
    },
    "2020-06-30": {
        "Diluted EPS": -0.16,
        "Total Revenue": 34,
        "Gross Profit": 1,
        "Operating Income": -12,
        "EBIT": -2,
        "Net Income": -13
    },
    "2020-03-31": {
        "Diluted EPS": 0.05,
        "Total Revenue": 89,
        "Gross Profit": 27,
        "Operating Income": 11,
        "EBIT": 21,
        "Net Income": 3
    },
    "2019-12-31": {
        "Diluted EPS": 0.1,
        "Total Revenue": 111,
        "Gross Profit": 37,
        "Operating Income": 20,
        "EBIT": 30,
        "Net Income": 9
    },
    "2019-09-30": {
        "Diluted EPS": 0.14,
        "Total Revenue": 115,
        "Gross Profit": 41,
        "Operating Income": 24,
        "EBIT": 33,
        "Net Income": 12
    },
    "2019-06-30": {
        "Diluted EPS": 0.12,
        "Total Revenue": 97,
        "Gross Profit": 34,
        "Operating Income": 19,
        "EBIT": 28,
        "Net Income": 10
    },
    "2019-03-31": {
        "Diluted EPS": 0.11,
        "Total Revenue": 94,
        "Gross Profit": 34,
        "Operating Income": 19,
        "EBIT": 28,
        "Net Income": 9
    },
    "2018-12-31": {
        "Diluted EPS": -0.05,
        "Total Revenue": 101,
        "Gross Profit": 37,
        "Operating Income": 17,
        "EBIT": 27,
        "Net Income": -4
    },
    "2018-09-30": {
        "Diluted EPS": 0.12,
        "Total Revenue": 97,
        "Gross Profit": 35,
        "Operating Income": 21,
        "EBIT": 31,
        "Net Income": 10
    },
    "2018-06-30": {
        "Diluted EPS": 0.09,
        "Total Revenue": 89,
        "Gross Profit": 32,
        "Operating Income": 16,
        "EBIT": 26,
        "Net Income": 8
    },
    "2018-03-31": {
        "Diluted EPS": 0.11,
        "Total Revenue": 98,
        "Gross Profit": 37,
        "Operating Income": 19,
        "EBIT": 29,
        "Net Income": 9
    },
    "2017-12-31": {
        "Diluted EPS": 0.04,
        "Total Revenue": 98,
        "Gross Profit": 41,
        "Operating Income": 7,
        "EBIT": 17,
        "Net Income": 3
    },
    "2017-09-30": {
        "Diluted EPS": 0.14,
        "Total Revenue": 105,
        "Gross Profit": 42,
        "Operating Income": 24,
        "EBIT": 34,
        "Net Income": 12
    },
    "2017-06-30": {
        "Diluted EPS": 0.08,
        "Total Revenue": 87,
        "Gross Profit": 34,
        "Operating Income": 15,
        "EBIT": 23,
        "Net Income": 7
    },
    "2017-03-31": {
        "Diluted EPS": 0.06,
        "Total Revenue": 86,
        "Gross Profit": 35,
        "Operating Income": 16,
        "EBIT": 25,
        "Net Income": 7
    },
    "2016-12-31": {
        "Diluted EPS": 0.03,
        "Total Revenue": 91,
        "Gross Profit": 38,
        "Operating Income": 20,
        "EBIT": 29,
        "Net Income": 3
    },
    "2016-09-30": {
        "Diluted EPS": 0.12,
        "Total Revenue": 94,
        "Gross Profit": 40,
        "Operating Income": 22,
        "EBIT": 31,
        "Net Income": 13
    },
    "2016-06-30": {
        "Diluted EPS": 0.09,
        "Total Revenue": 91,
        "Gross Profit": 38,
        "Operating Income": 20,
        "EBIT": 28,
        "Net Income": 10
    },
    "2016-03-31": {
        "Diluted EPS": 0.07,
        "Total Revenue": 91,
        "Gross Profit": 34,
        "Operating Income": 18,
        "EBIT": 25,
        "Net Income": 8
    },
    "2015-12-31": {
        "Diluted EPS": 0.17,
        "Total Revenue": 108,
        "Gross Profit": 46,
        "Operating Income": 28,
        "EBIT": 35,
        "Net Income": 19
    },
    "2015-09-30": {
        "Diluted EPS": 0.16,
        "Total Revenue": 99,
        "Gross Profit": 45,
        "Operating Income": 26,
        "EBIT": 31,
        "Net Income": 18
    },
    "2015-06-30": {
        "Diluted EPS": 0.13,
        "Total Revenue": 89,
        "Gross Profit": 39,
        "Operating Income": 24,
        "EBIT": 29,
        "Net Income": 15
    },
    "2015-03-31": {
        "Diluted EPS": 0.15,
        "Total Revenue": 96,
        "Gross Profit": 42,
        "Operating Income": 24,
        "EBIT": 30,
        "Net Income": 18
    },
    "2014-12-31": {
        "Diluted EPS": 0.19,
        "Total Revenue": 102,
        "Gross Profit": 41,
        "Operating Income": 24,
        "EBIT": 30,
        "Net Income": 22
    },
    "2014-09-30": {
        "Diluted EPS": 0.12,
        "Total Revenue": 107,
        "Gross Profit": 39,
        "Operating Income": 18,
        "EBIT": 24,
        "Net Income": 14
    },
    "2014-06-30": {
        "Diluted EPS": 0.12,
        "Total Revenue": 107,
        "Gross Profit": 42,
        "Operating Income": 22,
        "EBIT": 28,
        "Net Income": 15
    },
    "2014-03-31": {
        "Diluted EPS": 0.12,
        "Total Revenue": 105,
        "Gross Profit": 41,
        "Operating Income": 20,
        "EBIT": 26,
        "Net Income": 14
    },
    "2013-12-31": {
        "Diluted EPS": 0.11,
        "Total Revenue": 119,
        "Gross Profit": 50,
        "Operating Income": 29,
        "EBIT": 35,
        "Net Income": 14
    },
    "2013-09-30": {
        "Diluted EPS": 0.15,
        "Total Revenue": 119,
        "Gross Profit": 48,
        "Operating Income": 24,
        "EBIT": 29,
        "Net Income": 18
    },
    "2013-06-30": {
        "Diluted EPS": 0.07,
        "Total Revenue": 111,
        "Gross Profit": 49,
        "Operating Income": 27,
        "EBIT": 33,
        "Net Income": 9
    },
    "2013-03-31": {
        "Diluted EPS": 0.15,
        "Total Revenue": 109,
        "Gross Profit": 41,
        "Operating Income": 21,
        "EBIT": 26,
        "Net Income": 17
    },
    "2012-12-31": {
        "Diluted EPS": 0.13,
        "Total Revenue": 122,
        "Gross Profit": 48,
        "Operating Income": 22,
        "EBIT": 26,
        "Net Income": 15
    },
    "2012-09-30": {
        "Diluted EPS": 0.15,
        "Total Revenue": 117,
        "Gross Profit": 43,
        "Operating Income": 21,
        "EBIT": 27,
        "Net Income": 18
    },
    "2012-06-30": {
        "Diluted EPS": 0.1,
        "Total Revenue": 101,
        "Gross Profit": 37,
        "Operating Income": 17,
        "EBIT": 22,
        "Net Income": 11
    },
    "2012-03-31": {
        "Diluted EPS": 0.15,
        "Total Revenue": 104,
        "Gross Profit": 41,
        "Operating Income": 22,
        "EBIT": 26,
        "Net Income": 15
    },
    "2011-12-31": {
        "Diluted EPS": 0.0,
        "Total Revenue": NaN,
        "Gross Profit": NaN,
        "Operating Income": NaN,
        "EBIT": NaN,
        "Net Income": NaN
    },
    "2023-09-30": {
        "Tax Effect Of Unusual Items": 117564.097596,
        "Tax Rate For Calcs": 0.31267,
        "Normalized EBITDA": 131001000.0,
        "Total Unusual Items": 376000.0,
        "Total Unusual Items Excluding Goodwill": 376000.0,
        "Net Income From Continuing Operation Net Minority Interest": 46115000.0,
        "Reconciled Depreciation": 37377000.0,
        "Reconciled Cost Of Revenue": 342025000.0,
        "EBITDA": 131377000.0,
        "EBIT": 94000000.0,
        "Net Interest Income": -24844000.0,
        "Interest Expense": 26907000.0,
        "Interest Income": 2063000.0,
        "Normalized Income": 45856564.097596,
        "Net Income From Continuing And Discontinued Operation": 46115000.0,
        "Total Expenses": 425103000.0,
        "Total Operating Income As Reported": 91561000.0,
        "Diluted Average Shares": 85621400.0,
        "Basic Average Shares": 85621400.0,
        "Diluted EPS": 0.55,
        "Basic EPS": 0.55,
        "Diluted NI Availto Com Stockholders": 46115000.0,
        "Net Income Common Stockholders": 46115000.0,
        "Net Income": 46115000.0,
        "Net Income Including Noncontrolling Interests": 46115000.0,
        "Net Income Continuous Operations": 46115000.0,
        "Tax Provision": 20978000.0,
        "Pretax Income": 67093000.0,
        "Other Income Expense": 376000.0,
        "Special Income Charges": NaN,
        "Write Off": NaN,
        "Impairment Of Capital Assets": NaN,
        "Gain On Sale Of Security": 376000.0,
        "Net Non Operating Interest Income Expense": -24844000.0,
        "Interest Expense Non Operating": 26907000.0,
        "Interest Income Non Operating": 2063000.0,
        "Operating Income": 91561000.0,
        "Operating Expense": 83078000.0,
        "Other Operating Expenses": 10290000.0,
        "Depreciation Amortization Depletion Income Statement": NaN,
        "Depreciation And Amortization In Income Statement": NaN,
        "Selling General And Administration": 72788000.0,
        "Selling And Marketing Expense": 17689000.0,
        "General And Administrative Expense": 55099000.0,
        "Other Gand A": 55099000.0,
        "Salaries And Wages": NaN,
        "Gross Profit": 174639000.0,
        "Cost Of Revenue": 342025000.0,
        "Total Revenue": 516664000.0,
        "Operating Revenue": 516664000.0
    },
    "2023-12-31": {
        "Tax Effect Of Unusual Items": -13854483.206134,
        "Tax Rate For Calcs": 0.354543,
        "Normalized EBITDA": 157522000.0,
        "Total Unusual Items": -39077000.0,
        "Total Unusual Items Excluding Goodwill": -39077000.0,
        "Net Income From Continuing Operation Net Minority Interest": 35859000.0,
        "Reconciled Depreciation": 38912000.0,
        "Reconciled Cost Of Revenue": 309737000.0,
        "EBITDA": 118445000.0,
        "EBIT": 79533000.0,
        "Net Interest Income": -22527000.0,
        "Interest Expense": 23977000.0,
        "Interest Income": 2992000.0,
        "Normalized Income": 61081516.793866,
        "Net Income From Continuing And Discontinued Operation": 35859000.0,
        "Total Expenses": 394217000.0,
        "Total Operating Income As Reported": 80609000.0,
        "Diluted Average Shares": 71718000.0,
        "Basic Average Shares": 71718000.0,
        "Diluted EPS": 0.5,
        "Basic EPS": 0.5,
        "Diluted NI Availto Com Stockholders": 35859000.0,
        "Net Income Common Stockholders": 35859000.0,
        "Net Income": 35859000.0,
        "Net Income Including Noncontrolling Interests": 35859000.0,
        "Net Income Continuous Operations": 35859000.0,
        "Tax Provision": 19697000.0,
        "Pretax Income": 55556000.0,
        "Other Income Expense": -39077000.0,
        "Special Income Charges": -36551000.0,
        "Write Off": NaN,
        "Impairment Of Capital Assets": 36551000.0,
        "Gain On Sale Of Security": -2526000.0,
        "Net Non Operating Interest Income Expense": -22527000.0,
        "Interest Expense Non Operating": 23977000.0,
        "Interest Income Non Operating": 2992000.0,
        "Operating Income": 117160000.0,
        "Operating Expense": 84480000.0,
        "Other Operating Expenses": 4996000.0,
        "Depreciation Amortization Depletion Income Statement": 4400000.0,
        "Depreciation And Amortization In Income Statement": 4400000.0,
        "Selling General And Administration": 53834000.0,
        "Selling And Marketing Expense": -27421000.0,
        "General And Administrative Expense": 81255000.0,
        "Other Gand A": -92247000.0,
        "Salaries And Wages": 47300000.0,
        "Gross Profit": 201640000.0,
        "Cost Of Revenue": 309737000.0,
        "Total Revenue": 511377000.0,
        "Operating Revenue": 511377000.0
    },
    "2024-03-31": {
        "Tax Effect Of Unusual Items": -6583.254192,
        "Tax Rate For Calcs": 0.299239,
        "Normalized EBITDA": 134126000.0,
        "Total Unusual Items": -22000.0,
        "Total Unusual Items Excluding Goodwill": -22000.0,
        "Net Income From Continuing Operation Net Minority Interest": 49438000.0,
        "Reconciled Depreciation": 37839000.0,
        "Reconciled Cost Of Revenue": 302696000.0,
        "EBITDA": 134104000.0,
        "EBIT": 96265000.0,
        "Net Interest Income": -24389000.0,
        "Interest Expense": 25716000.0,
        "Interest Income": 1327000.0,
        "Normalized Income": 49453416.745808,
        "Net Income From Continuing And Discontinued Operation": 49438000.0,
        "Total Expenses": 381589000.0,
        "Total Operating Income As Reported": 94960000.0,
        "Diluted Average Shares": 85621400.0,
        "Basic Average Shares": 85621400.0,
        "Diluted EPS": 0.6,
        "Basic EPS": 0.6,
        "Diluted NI Availto Com Stockholders": 49438000.0,
        "Net Income Common Stockholders": 49438000.0,
        "Net Income": 49438000.0,
        "Net Income Including Noncontrolling Interests": 49438000.0,
        "Net Income Continuous Operations": 49438000.0,
        "Tax Provision": 21111000.0,
        "Pretax Income": 70549000.0,
        "Other Income Expense": -22000.0,
        "Special Income Charges": NaN,
        "Write Off": NaN,
        "Impairment Of Capital Assets": NaN,
        "Gain On Sale Of Security": -22000.0,
        "Net Non Operating Interest Income Expense": -24389000.0,
        "Interest Expense Non Operating": 25716000.0,
        "Interest Income Non Operating": 1327000.0,
        "Operating Income": 94960000.0,
        "Operating Expense": 78893000.0,
        "Other Operating Expenses": 2630000.0,
        "Depreciation Amortization Depletion Income Statement": NaN,
        "Depreciation And Amortization In Income Statement": NaN,
        "Selling General And Administration": 76263000.0,
        "Selling And Marketing Expense": 19076000.0,
        "General And Administrative Expense": 57187000.0,
        "Other Gand A": 57187000.0,
        "Salaries And Wages": NaN,
        "Gross Profit": 173853000.0,
        "Cost Of Revenue": 302696000.0,
        "Total Revenue": 476549000.0,
        "Operating Revenue": 476549000.0
    },
    "2024-06-30": {
        "Tax Effect Of Unusual Items": -452817.103473,
        "Tax Rate For Calcs": 0.332221,
        "Normalized EBITDA": 84757000.0,
        "Total Unusual Items": -1363000.0,
        "Total Unusual Items Excluding Goodwill": -1363000.0,
        "Net Income From Continuing Operation Net Minority Interest": 36818000.0,
        "Reconciled Depreciation": 3100000.0,
        "Reconciled Cost Of Revenue": 295529000.0,
        "EBITDA": 83394000.0,
        "EBIT": 80294000.0,
        "Net Interest Income": -23911000.0,
        "Interest Expense": 25159000.0,
        "Interest Income": 1248000.0,
        "Normalized Income": 37728182.896527,
        "Net Income From Continuing And Discontinued Operation": 36818000.0,
        "Total Expenses": 376563000.0,
        "Total Operating Income As Reported": 80409000.0,
        "Diluted Average Shares": 81817778.0,
        "Basic Average Shares": 81817778.0,
        "Diluted EPS": 0.45,
        "Basic EPS": 0.45,
        "Diluted NI Availto Com Stockholders": 36818000.0,
        "Net Income Common Stockholders": 36818000.0,
        "Net Income": 36818000.0,
        "Net Income Including Noncontrolling Interests": 36818000.0,
        "Net Income Continuous Operations": 36818000.0,
        "Tax Provision": 18317000.0,
        "Pretax Income": 55135000.0,
        "Other Income Expense": -1363000.0,
        "Special Income Charges": 0.0,
        "Write Off": 0.0,
        "Impairment Of Capital Assets": NaN,
        "Gain On Sale Of Security": -1363000.0,
        "Net Non Operating Interest Income Expense": -23911000.0,
        "Interest Expense Non Operating": 25159000.0,
        "Interest Income Non Operating": 1248000.0,
        "Operating Income": 80533000.0,
        "Operating Expense": 81034000.0,
        "Other Operating Expenses": 1734000.0,
        "Depreciation Amortization Depletion Income Statement": 3100000.0,
        "Depreciation And Amortization In Income Statement": 3100000.0,
        "Selling General And Administration": 76200000.0,
        "Selling And Marketing Expense": 6600000.0,
        "General And Administrative Expense": 69600000.0,
        "Other Gand A": 25800000.0,
        "Salaries And Wages": 43800000.0,
        "Gross Profit": 161567000.0,
        "Cost Of Revenue": 295529000.0,
        "Total Revenue": 457096000.0,
        "Operating Revenue": 457096000.0
    },
    "2024-09-30": {
        "Tax Effect Of Unusual Items": 45445.016408,
        "Tax Rate For Calcs": 0.329312,
        "Normalized EBITDA": 156226000.0,
        "Total Unusual Items": 138000.0,
        "Total Unusual Items Excluding Goodwill": 138000.0,
        "Net Income From Continuing Operation Net Minority Interest": 62539000.0,
        "Reconciled Depreciation": 38103000.0,
        "Reconciled Cost Of Revenue": 321998000.0,
        "EBITDA": 156364000.0,
        "EBIT": 118261000.0,
        "Net Interest Income": -23365000.0,
        "Interest Expense": 25015000.0,
        "Interest Income": 1650000.0,
        "Normalized Income": 62446445.016408,
        "Net Income From Continuing And Discontinued Operation": 62539000.0,
        "Total Expenses": 401281000.0,
        "Total Operating Income As Reported": 116473000.0,
        "Diluted Average Shares": 85621400.0,
        "Basic Average Shares": 85621400.0,
        "Diluted EPS": 0.75,
        "Basic EPS": 0.75,
        "Diluted NI Availto Com Stockholders": 62539000.0,
        "Net Income Common Stockholders": 62539000.0,
        "Net Income": 62539000.0,
        "Net Income Including Noncontrolling Interests": 62539000.0,
        "Net Income Continuous Operations": 62539000.0,
        "Tax Provision": 30707000.0,
        "Pretax Income": 93246000.0,
        "Other Income Expense": 138000.0,
        "Special Income Charges": NaN,
        "Write Off": NaN,
        "Impairment Of Capital Assets": NaN,
        "Gain On Sale Of Security": 138000.0,
        "Net Non Operating Interest Income Expense": -23365000.0,
        "Interest Expense Non Operating": 25015000.0,
        "Interest Income Non Operating": 1650000.0,
        "Operating Income": 116473000.0,
        "Operating Expense": 79283000.0,
        "Other Operating Expenses": -3938000.0,
        "Depreciation Amortization Depletion Income Statement": NaN,
        "Depreciation And Amortization In Income Statement": NaN,
        "Selling General And Administration": 83221000.0,
        "Selling And Marketing Expense": 19587000.0,
        "General And Administrative Expense": 63634000.0,
        "Other Gand A": 63634000.0,
        "Salaries And Wages": NaN,
        "Gross Profit": 195756000.0,
        "Cost Of Revenue": 321998000.0,
        "Total Revenue": 517754000.0,
        "Operating Revenue": 517754000.0
    }
}