{
    "2023-06-30": {
        "Tax Effect Of Unusual Items": NaN,
        "Tax Rate For Calcs": NaN,
        "Total Unusual Items": NaN,
        "Total Unusual Items Excluding Goodwill": NaN,
        "Net Income From Continuing Operation Net Minority Interest": NaN,
        "Reconciled Depreciation": NaN,
        "Net Interest Income": NaN,
        "Interest Expense": NaN,
        "Interest Income": NaN,
        "Normalized Income": NaN,
        "Net Income From Continuing And Discontinued Operation": NaN,
        "Diluted Average Shares": NaN,
        "Basic Average Shares": NaN,
        "Diluted EPS": NaN,
        "Basic EPS": NaN,
        "Diluted NI Availto Com Stockholders": NaN,
        "Net Income Common Stockholders": NaN,
        "Net Income": NaN,
        "Net Income Including Noncontrolling Interests": NaN,
        "Net Income Continuous Operations": NaN,
        "Tax Provision": NaN,
        "Pretax Income": NaN,
        "Special Income Charges": NaN,
        "Other Special Charges": NaN,
        "Restructuring And Mergern Acquisition": 0.0,
        "Gain On Sale Of Security": NaN,
        "Selling General And Administration": NaN,
        "Selling And Marketing Expense": NaN,
        "General And Administrative Expense": NaN,
        "Insurance And Claims": NaN,
        "Salaries And Wages": NaN,
        "Total Revenue": NaN,
        "Operating Revenue": NaN,
        "Occupancy And Equipment": NaN,
        "Professional Expense And Contract Services Expense": NaN,
        "Other Non Interest Expense": NaN
    },
    "2023-03-31": {
        "Tax Effect Of Unusual Items": NaN,
        "Tax Rate For Calcs": NaN,
        "Total Unusual Items": NaN,
        "Total Unusual Items Excluding Goodwill": NaN,
        "Net Income From Continuing Operation Net Minority Interest": NaN,
        "Reconciled Depreciation": NaN,
        "Net Interest Income": NaN,
        "Interest Expense": NaN,
        "Interest Income": NaN,
        "Normalized Income": NaN,
        "Net Income From Continuing And Discontinued Operation": NaN,
        "Diluted Average Shares": NaN,
        "Basic Average Shares": NaN,
        "Diluted EPS": NaN,
        "Basic EPS": NaN,
        "Diluted NI Availto Com Stockholders": NaN,
        "Net Income Common Stockholders": NaN,
        "Net Income": NaN,
        "Net Income Including Noncontrolling Interests": NaN,
        "Net Income Continuous Operations": NaN,
        "Tax Provision": NaN,
        "Pretax Income": NaN,
        "Special Income Charges": NaN,
        "Other Special Charges": NaN,
        "Restructuring And Mergern Acquisition": NaN,
        "Gain On Sale Of Security": NaN,
        "Selling General And Administration": NaN,
        "Selling And Marketing Expense": NaN,
        "General And Administrative Expense": NaN,
        "Other Gand A": 5384000.0,
        "Insurance And Claims": NaN,
        "Salaries And Wages": NaN,
        "Total Revenue": NaN,
        "Operating Revenue": NaN,
        "Occupancy And Equipment": NaN,
        "Professional Expense And Contract Services Expense": NaN,
        "Other Non Interest Expense": NaN
    },
    "2022-12-31": {
        "Tax Effect Of Unusual Items": 0.0,
        "Tax Rate For Calcs": 0.249247,
        "Total Unusual Items": NaN,
        "Total Unusual Items Excluding Goodwill": NaN,
        "Net Income From Continuing Operation Net Minority Interest": 20181000.0,
        "Reconciled Depreciation": 1828000.0,
        "Net Interest Income": 56180000.0,
        "Interest Expense": 8752000.0,
        "Interest Income": 64932000.0,
        "Normalized Income": 20181000.0,
        "Net Income From Continuing And Discontinued Operation": 20181000.0,
        "Diluted Average Shares": 27303249.0,
        "Basic Average Shares": 27134970.0,
        "Diluted EPS": 0.74,
        "Basic EPS": 0.74,
        "Diluted NI Availto Com Stockholders": 20181000.0,
        "Net Income Common Stockholders": 20181000.0,
        "Net Income": 20181000.0,
        "Net Income Including Noncontrolling Interests": 20181000.0,
        "Net Income Continuous Operations": 20181000.0,
        "Tax Provision": 6700000.0,
        "Pretax Income": 26881000.0,
        "Special Income Charges": NaN,
        "Other Special Charges": NaN,
        "Restructuring And Mergern Acquisition": NaN,
        "Gain On Sale Of Security": 0.0,
        "Selling General And Administration": 3328000.0,
        "Selling And Marketing Expense": 701000.0,
        "General And Administrative Expense": 2627000.0,
        "Other Gand A": NaN,
        "Insurance And Claims": NaN,
        "Salaries And Wages": 17458000.0,
        "Total Revenue": 71629000.0,
        "Operating Revenue": 71629000.0
    },
    "2022-09-30": {
        "Tax Effect Of Unusual Items": NaN,
        "Tax Rate For Calcs": NaN,
        "Total Unusual Items": NaN,
        "Total Unusual Items Excluding Goodwill": NaN,
        "Net Income From Continuing Operation Net Minority Interest": NaN,
        "Reconciled Depreciation": NaN,
        "Net Interest Income": NaN,
        "Interest Expense": NaN,
        "Interest Income": NaN,
        "Normalized Income": NaN,
        "Net Income From Continuing And Discontinued Operation": NaN,
        "Diluted Average Shares": NaN,
        "Basic Average Shares": NaN,
        "Diluted EPS": NaN,
        "Basic EPS": NaN,
        "Diluted NI Availto Com Stockholders": NaN,
        "Net Income Common Stockholders": NaN,
        "Net Income": NaN,
        "Net Income Including Noncontrolling Interests": NaN,
        "Net Income Continuous Operations": NaN,
        "Tax Provision": NaN,
        "Pretax Income": NaN,
        "Special Income Charges": NaN,
        "Other Special Charges": 1000.0,
        "Restructuring And Mergern Acquisition": 404000.0,
        "Gain On Sale Of Security": NaN,
        "Selling General And Administration": NaN,
        "Selling And Marketing Expense": NaN,
        "General And Administrative Expense": NaN,
        "Other Gand A": 4850000.0,
        "Insurance And Claims": NaN,
        "Salaries And Wages": NaN,
        "Total Revenue": NaN,
        "Operating Revenue": NaN
    },
    "2022-06-30": {
        "Tax Effect Of Unusual Items": 0.0,
        "Tax Rate For Calcs": 0.26,
        "Total Unusual Items": -317000.0,
        "Total Unusual Items Excluding Goodwill": -317000.0,
        "Net Income From Continuing Operation Net Minority Interest": 17594000.0,
        "Reconciled Depreciation": 2080000.0,
        "Net Interest Income": 52910000.0,
        "Interest Expense": 2086000.0,
        "Interest Income": 54996000.0,
        "Normalized Income": 17594000.0,
        "Net Income From Continuing And Discontinued Operation": 17594000.0,
        "Diluted Average Shares": 27676619.0,
        "Basic Average Shares": 27516284.0,
        "Diluted EPS": 0.64,
        "Basic EPS": 0.64,
        "Diluted NI Availto Com Stockholders": 17594000.0,
        "Net Income Common Stockholders": 17594000.0,
        "Net Income": 17594000.0,
        "Net Income Including Noncontrolling Interests": 17594000.0,
        "Net Income Continuous Operations": 17594000.0,
        "Tax Provision": 6184000.0,
        "Pretax Income": 23778000.0,
        "Special Income Charges": -317000.0,
        "Other Special Charges": 109000.0,
        "Restructuring And Mergern Acquisition": 208000.0,
        "Gain On Sale Of Security": 8506000.0,
        "Selling General And Administration": 27887000.0,
        "Selling And Marketing Expense": 1150000.0,
        "General And Administrative Expense": 26737000.0,
        "Other Gand A": 4368000.0,
        "Insurance And Claims": 576000.0,
        "Salaries And Wages": 22369000.0,
        "Total Revenue": 70116000.0,
        "Operating Revenue": 70116000.0
    },
    "2022-03-31": {
        "Diluted EPS": 0.7,
        "Total Revenue": 62,
        "Gross Profit": 60,
        "Operating Income": 25,
        "EBIT": NaN,
        "Net Income": 19
    },
    "2021-12-31": {
        "Diluted EPS": 0.79,
        "Total Revenue": 67,
        "Gross Profit": 65,
        "Operating Income": 30,
        "EBIT": NaN,
        "Net Income": 22
    },
    "2021-09-30": {
        "Diluted EPS": 0.74,
        "Total Revenue": 68,
        "Gross Profit": 66,
        "Operating Income": 28,
        "EBIT": NaN,
        "Net Income": 21
    },
    "2021-06-30": {
        "Diluted EPS": 0.66,
        "Total Revenue": 64,
        "Gross Profit": 63,
        "Operating Income": 25,
        "EBIT": NaN,
        "Net Income": 19
    },
    "2021-03-31": {
        "Diluted EPS": 0.64,
        "Total Revenue": 62,
        "Gross Profit": 61,
        "Operating Income": 23,
        "EBIT": NaN,
        "Net Income": 18
    },
    "2020-12-31": {
        "Diluted EPS": 0.44,
        "Total Revenue": 68,
        "Gross Profit": 66,
        "Operating Income": 16,
        "EBIT": NaN,
        "Net Income": 12
    },
    "2020-09-30": {
        "Diluted EPS": 0.24,
        "Total Revenue": 63,
        "Gross Profit": 61,
        "Operating Income": 9,
        "EBIT": NaN,
        "Net Income": 7
    },
    "2020-06-30": {
        "Diluted EPS": 0.35,
        "Total Revenue": 64,
        "Gross Profit": 60,
        "Operating Income": 13,
        "EBIT": NaN,
        "Net Income": 10
    },
    "2020-03-31": {
        "Diluted EPS": 0.29,
        "Total Revenue": 63,
        "Gross Profit": 57,
        "Operating Income": 11,
        "EBIT": NaN,
        "Net Income": 8
    },
    "2019-12-31": {
        "Diluted EPS": 0.5,
        "Total Revenue": 65,
        "Gross Profit": 58,
        "Operating Income": 19,
        "EBIT": NaN,
        "Net Income": 14
    },
    "2019-09-30": {
        "Diluted EPS": 0.51,
        "Total Revenue": 64,
        "Gross Profit": 56,
        "Operating Income": 19,
        "EBIT": NaN,
        "Net Income": 15
    },
    "2019-06-30": {
        "Diluted EPS": 0.47,
        "Total Revenue": 64,
        "Gross Profit": 55,
        "Operating Income": 18,
        "EBIT": NaN,
        "Net Income": 14
    },
    "2019-03-31": {
        "Diluted EPS": 0.55,
        "Total Revenue": 65,
        "Gross Profit": 57,
        "Operating Income": 21,
        "EBIT": NaN,
        "Net Income": 16
    },
    "2018-12-31": {
        "Diluted EPS": 0.53,
        "Total Revenue": 62,
        "Gross Profit": 54,
        "Operating Income": 22,
        "EBIT": NaN,
        "Net Income": 16
    },
    "2018-09-30": {
        "Diluted EPS": 0.52,
        "Total Revenue": 61,
        "Gross Profit": 54,
        "Operating Income": 20,
        "EBIT": NaN,
        "Net Income": 15
    },
    "2018-06-30": {
        "Diluted EPS": 0.48,
        "Total Revenue": 58,
        "Gross Profit": 52,
        "Operating Income": 18,
        "EBIT": NaN,
        "Net Income": 14
    },
    "2018-03-31": {
        "Diluted EPS": 0.48,
        "Total Revenue": 56,
        "Gross Profit": 51,
        "Operating Income": 18,
        "EBIT": NaN,
        "Net Income": 14
    },
    "2017-12-31": {
        "Diluted EPS": 0.14,
        "Total Revenue": 56,
        "Gross Profit": 52,
        "Operating Income": 18,
        "EBIT": NaN,
        "Net Income": 4
    },
    "2017-09-30": {
        "Diluted EPS": 0.39,
        "Total Revenue": 56,
        "Gross Profit": 52,
        "Operating Income": 18,
        "EBIT": NaN,
        "Net Income": 12
    },
    "2017-06-30": {
        "Diluted EPS": 0.39,
        "Total Revenue": 53,
        "Gross Profit": 49,
        "Operating Income": 19,
        "EBIT": NaN,
        "Net Income": 12
    },
    "2017-03-31": {
        "Diluted EPS": 0.42,
        "Total Revenue": 54,
        "Gross Profit": 51,
        "Operating Income": 20,
        "EBIT": NaN,
        "Net Income": 13
    },
    "2016-12-31": {
        "Diluted EPS": 0.39,
        "Total Revenue": 56,
        "Gross Profit": 53,
        "Operating Income": 20,
        "EBIT": NaN,
        "Net Income": 12
    },
    "2016-09-30": {
        "Diluted EPS": 0.37,
        "Total Revenue": 52,
        "Gross Profit": 49,
        "Operating Income": 18,
        "EBIT": NaN,
        "Net Income": 11
    },
    "2016-06-30": {
        "Diluted EPS": 0.39,
        "Total Revenue": 52,
        "Gross Profit": 50,
        "Operating Income": 18,
        "EBIT": NaN,
        "Net Income": 12
    },
    "2016-03-31": {
        "Diluted EPS": 0.35,
        "Total Revenue": 50,
        "Gross Profit": 48,
        "Operating Income": 17,
        "EBIT": NaN,
        "Net Income": 11
    },
    "2015-12-31": {
        "Diluted EPS": 0.34,
        "Total Revenue": 46,
        "Gross Profit": 44,
        "Operating Income": 17,
        "EBIT": NaN,
        "Net Income": 11
    },
    "2015-09-30": {
        "Diluted EPS": 0.38,
        "Total Revenue": 49,
        "Gross Profit": 48,
        "Operating Income": 19,
        "EBIT": NaN,
        "Net Income": 12
    },
    "2015-06-30": {
        "Diluted EPS": 0.39,
        "Total Revenue": 47,
        "Gross Profit": 45,
        "Operating Income": 20,
        "EBIT": NaN,
        "Net Income": 12
    },
    "2015-03-31": {
        "Diluted EPS": 0.29,
        "Total Revenue": 49,
        "Gross Profit": 47,
        "Operating Income": 16,
        "EBIT": NaN,
        "Net Income": 10
    },
    "2014-12-31": {
        "Diluted EPS": 0.36,
        "Total Revenue": 45,
        "Gross Profit": 44,
        "Operating Income": 19,
        "EBIT": NaN,
        "Net Income": 13
    },
    "2014-09-30": {
        "Diluted EPS": 0.23,
        "Total Revenue": 49,
        "Gross Profit": 47,
        "Operating Income": 13,
        "EBIT": NaN,
        "Net Income": 8
    },
    "2014-06-30": {
        "Diluted EPS": 0.25,
        "Total Revenue": 50,
        "Gross Profit": 48,
        "Operating Income": 13,
        "EBIT": NaN,
        "Net Income": 9
    },
    "2014-03-31": {
        "Diluted EPS": 0.23,
        "Total Revenue": 48,
        "Gross Profit": 46,
        "Operating Income": 15,
        "EBIT": NaN,
        "Net Income": 10
    },
    "2013-12-31": {
        "Diluted EPS": 0.24,
        "Total Revenue": 49,
        "Gross Profit": 48,
        "Operating Income": 14,
        "EBIT": NaN,
        "Net Income": 10
    },
    "2013-09-30": {
        "Diluted EPS": 0.24,
        "Total Revenue": 47,
        "Gross Profit": 46,
        "Operating Income": 12,
        "EBIT": NaN,
        "Net Income": 10
    },
    "2013-06-30": {
        "Diluted EPS": 0.34,
        "Total Revenue": 53,
        "Gross Profit": 51,
        "Operating Income": 16,
        "EBIT": NaN,
        "Net Income": 14
    },
    "2013-03-31": {
        "Diluted EPS": 3.25,
        "Total Revenue": 46,
        "Gross Profit": 44,
        "Operating Income": 18,
        "EBIT": NaN,
        "Net Income": 137
    },
    "2012-12-31": {
        "Diluted EPS": 0.29,
        "Total Revenue": 48,
        "Gross Profit": 46,
        "Operating Income": 7,
        "EBIT": NaN,
        "Net Income": 12
    },
    "2012-09-30": {
        "Diluted EPS": 0.26,
        "Total Revenue": 49,
        "Gross Profit": 47,
        "Operating Income": 12,
        "EBIT": NaN,
        "Net Income": 11
    },
    "2012-06-30": {
        "Diluted EPS": 0.26,
        "Total Revenue": 46,
        "Gross Profit": 44,
        "Operating Income": 17,
        "EBIT": NaN,
        "Net Income": 11
    },
    "2012-03-31": {
        "Diluted EPS": 0.32,
        "Total Revenue": 46,
        "Gross Profit": 44,
        "Operating Income": 15,
        "EBIT": NaN,
        "Net Income": 13
    },
    "2011-12-31": {
        "Diluted EPS": -1.75,
        "Total Revenue": 56,
        "Gross Profit": 53,
        "Operating Income": 12,
        "EBIT": NaN,
        "Net Income": 12
    },
    "2011-09-30": {
        "Diluted EPS": 0.28,
        "Total Revenue": 46,
        "Gross Profit": 41,
        "Operating Income": 12,
        "EBIT": NaN,
        "Net Income": 12
    },
    "2011-06-30": {
        "Diluted EPS": 0.2,
        "Total Revenue": 45,
        "Gross Profit": 40,
        "Operating Income": 11,
        "EBIT": NaN,
        "Net Income": 8
    },
    "2011-03-31": {
        "Diluted EPS": 4.58,
        "Total Revenue": 47,
        "Gross Profit": 41,
        "Operating Income": 6,
        "EBIT": NaN,
        "Net Income": 89
    },
    "2010-12-31": {
        "Diluted EPS": -2.62,
        "Total Revenue": 56,
        "Gross Profit": 47,
        "Operating Income": -2,
        "EBIT": NaN,
        "Net Income": -4
    },
    "2010-09-30": {
        "Diluted EPS": -49.27,
        "Total Revenue": 50,
        "Gross Profit": 39,
        "Operating Income": -73,
        "EBIT": NaN,
        "Net Income": -75
    },
    "2010-06-30": {
        "Diluted EPS": -12.01,
        "Total Revenue": 53,
        "Gross Profit": 42,
        "Operating Income": -16,
        "EBIT": NaN,
        "Net Income": -18
    },
    "2010-03-31": {
        "Diluted EPS": -107.23,
        "Total Revenue": 59,
        "Gross Profit": 48,
        "Operating Income": -159,
        "EBIT": NaN,
        "Net Income": -162
    },
    "2009-12-31": {
        "Diluted EPS": -68.16,
        "Total Revenue": 64,
        "Gross Profit": 50,
        "Operating Income": -95,
        "EBIT": NaN,
        "Net Income": -101
    },
    "2009-09-30": {
        "Diluted EPS": -127.6,
        "Total Revenue": 75,
        "Gross Profit": 59,
        "Operating Income": -173,
        "EBIT": NaN,
        "Net Income": -185
    },
    "2009-06-30": {
        "Diluted EPS": -25.4,
        "Total Revenue": 79,
        "Gross Profit": 61,
        "Operating Income": -59,
        "EBIT": NaN,
        "Net Income": -36
    },
    "2009-03-31": {
        "Diluted EPS": 0.6,
        "Total Revenue": 82,
        "Gross Profit": 62,
        "Operating Income": -2,
        "EBIT": NaN,
        "Net Income": 1
    },
    "2023-09-30": {
        "Tax Effect Of Unusual Items": NaN,
        "Tax Rate For Calcs": NaN,
        "Total Unusual Items": NaN,
        "Total Unusual Items Excluding Goodwill": NaN,
        "Net Income From Continuing Operation Net Minority Interest": NaN,
        "Reconciled Depreciation": NaN,
        "Net Interest Income": NaN,
        "Interest Expense": NaN,
        "Interest Income": NaN,
        "Normalized Income": NaN,
        "Net Income From Continuing And Discontinued Operation": NaN,
        "Diluted Average Shares": NaN,
        "Basic Average Shares": NaN,
        "Diluted EPS": NaN,
        "Basic EPS": NaN,
        "Diluted NI Availto Com Stockholders": NaN,
        "Net Income Common Stockholders": NaN,
        "Net Income": NaN,
        "Net Income Including Noncontrolling Interests": NaN,
        "Net Income Continuous Operations": NaN,
        "Tax Provision": NaN,
        "Pretax Income": NaN,
        "Special Income Charges": NaN,
        "Other Special Charges": NaN,
        "Restructuring And Mergern Acquisition": 0.0,
        "Gain On Sale Of Security": NaN,
        "Depreciation Amortization Depletion Income Statement": NaN,
        "Depreciation And Amortization In Income Statement": NaN,
        "Amortization": NaN,
        "Amortization Of Intangibles Income Statement": NaN,
        "Selling General And Administration": NaN,
        "Selling And Marketing Expense": NaN,
        "General And Administrative Expense": NaN,
        "Insurance And Claims": NaN,
        "Salaries And Wages": NaN,
        "Total Revenue": NaN,
        "Operating Revenue": NaN,
        "Occupancy And Equipment": NaN,
        "Professional Expense And Contract Services Expense": NaN,
        "Other Non Interest Expense": NaN
    },
    "2023-12-31": {
        "Tax Effect Of Unusual Items": NaN,
        "Tax Rate For Calcs": NaN,
        "Total Unusual Items": NaN,
        "Total Unusual Items Excluding Goodwill": NaN,
        "Net Income From Continuing Operation Net Minority Interest": NaN,
        "Reconciled Depreciation": NaN,
        "Net Interest Income": NaN,
        "Interest Expense": NaN,
        "Interest Income": NaN,
        "Normalized Income": NaN,
        "Net Income From Continuing And Discontinued Operation": NaN,
        "Diluted Average Shares": NaN,
        "Basic Average Shares": NaN,
        "Diluted EPS": NaN,
        "Basic EPS": NaN,
        "Diluted NI Availto Com Stockholders": NaN,
        "Net Income Common Stockholders": NaN,
        "Net Income": NaN,
        "Net Income Including Noncontrolling Interests": NaN,
        "Net Income Continuous Operations": NaN,
        "Tax Provision": NaN,
        "Pretax Income": NaN,
        "Special Income Charges": NaN,
        "Other Special Charges": -2840000.0,
        "Restructuring And Mergern Acquisition": 0.0,
        "Gain On Sale Of Security": NaN,
        "Depreciation Amortization Depletion Income Statement": NaN,
        "Depreciation And Amortization In Income Statement": NaN,
        "Amortization": NaN,
        "Amortization Of Intangibles Income Statement": NaN,
        "Selling General And Administration": NaN,
        "Selling And Marketing Expense": NaN,
        "General And Administrative Expense": NaN,
        "Insurance And Claims": NaN,
        "Salaries And Wages": NaN,
        "Total Revenue": NaN,
        "Operating Revenue": NaN,
        "Occupancy And Equipment": NaN,
        "Professional Expense And Contract Services Expense": NaN,
        "Other Non Interest Expense": NaN
    },
    "2024-03-31": {
        "Tax Effect Of Unusual Items": NaN,
        "Tax Rate For Calcs": NaN,
        "Total Unusual Items": NaN,
        "Total Unusual Items Excluding Goodwill": NaN,
        "Net Income From Continuing Operation Net Minority Interest": NaN,
        "Reconciled Depreciation": NaN,
        "Net Interest Income": NaN,
        "Interest Expense": NaN,
        "Interest Income": NaN,
        "Normalized Income": NaN,
        "Net Income From Continuing And Discontinued Operation": NaN,
        "Diluted Average Shares": NaN,
        "Basic Average Shares": NaN,
        "Diluted EPS": NaN,
        "Basic EPS": NaN,
        "Diluted NI Availto Com Stockholders": NaN,
        "Net Income Common Stockholders": NaN,
        "Net Income": NaN,
        "Net Income Including Noncontrolling Interests": NaN,
        "Net Income Continuous Operations": NaN,
        "Tax Provision": NaN,
        "Pretax Income": NaN,
        "Special Income Charges": NaN,
        "Other Special Charges": 3000.0,
        "Restructuring And Mergern Acquisition": NaN,
        "Gain On Sale Of Security": NaN,
        "Depreciation Amortization Depletion Income Statement": 24000.0,
        "Depreciation And Amortization In Income Statement": 24000.0,
        "Amortization": 24000.0,
        "Amortization Of Intangibles Income Statement": 24000.0,
        "Selling General And Administration": NaN,
        "Selling And Marketing Expense": NaN,
        "General And Administrative Expense": NaN,
        "Insurance And Claims": NaN,
        "Salaries And Wages": NaN,
        "Total Revenue": NaN,
        "Operating Revenue": NaN,
        "Occupancy And Equipment": NaN,
        "Professional Expense And Contract Services Expense": NaN,
        "Other Non Interest Expense": NaN
    },
    "2024-06-30": {
        "Tax Effect Of Unusual Items": -3043.530893,
        "Tax Rate For Calcs": 0.234118,
        "Total Unusual Items": -13000.0,
        "Total Unusual Items Excluding Goodwill": -13000.0,
        "Net Income From Continuing Operation Net Minority Interest": 15817000.0,
        "Reconciled Depreciation": 1900000.0,
        "Net Interest Income": 51770000.0,
        "Interest Expense": 23919000.0,
        "Interest Income": 75689000.0,
        "Normalized Income": 15826956.469107,
        "Net Income From Continuing And Discontinued Operation": 15817000.0,
        "Diluted Average Shares": 27116349.0,
        "Basic Average Shares": 27053549.0,
        "Diluted EPS": 0.58,
        "Basic EPS": 0.58,
        "Diluted NI Availto Com Stockholders": 15817000.0,
        "Net Income Common Stockholders": 15817000.0,
        "Net Income": 15817000.0,
        "Net Income Including Noncontrolling Interests": 15817000.0,
        "Net Income Continuous Operations": 15817000.0,
        "Tax Provision": 4835000.0,
        "Pretax Income": 20652000.0,
        "Special Income Charges": -13000.0,
        "Other Special Charges": 13000.0,
        "Restructuring And Mergern Acquisition": NaN,
        "Gain On Sale Of Security": 0.0,
        "Depreciation Amortization Depletion Income Statement": 23000.0,
        "Depreciation And Amortization In Income Statement": 23000.0,
        "Amortization": 23000.0,
        "Amortization Of Intangibles Income Statement": 23000.0,
        "Selling General And Administration": 24072000.0,
        "Selling And Marketing Expense": 1329000.0,
        "General And Administrative Expense": 22743000.0,
        "Insurance And Claims": 922000.0,
        "Salaries And Wages": 21821000.0,
        "Total Revenue": 62761000.0,
        "Operating Revenue": 62761000.0,
        "Occupancy And Equipment": 5592000.0,
        "Professional Expense And Contract Services Expense": 2506000.0,
        "Other Non Interest Expense": 7664000.0
    },
    "2024-09-30": {
        "Tax Effect Of Unusual Items": -8371.4,
        "Tax Rate For Calcs": 0.2203,
        "Total Unusual Items": -38000.0,
        "Total Unusual Items Excluding Goodwill": -38000.0,
        "Net Income From Continuing Operation Net Minority Interest": 13305000.0,
        "Reconciled Depreciation": 1892000.0,
        "Net Interest Income": 53724000.0,
        "Interest Expense": 24046000.0,
        "Interest Income": 77770000.0,
        "Normalized Income": 13334628.6,
        "Net Income From Continuing And Discontinued Operation": 13305000.0,
        "Diluted Average Shares": 27194625.0,
        "Basic Average Shares": 27064035.0,
        "Diluted EPS": 0.49,
        "Basic EPS": 0.49,
        "Diluted NI Availto Com Stockholders": 13305000.0,
        "Net Income Common Stockholders": 13305000.0,
        "Net Income": 13305000.0,
        "Net Income Including Noncontrolling Interests": 13305000.0,
        "Net Income Continuous Operations": 13305000.0,
        "Tax Provision": 3760000.0,
        "Pretax Income": 17065000.0,
        "Special Income Charges": -38000.0,
        "Other Special Charges": 38000.0,
        "Restructuring And Mergern Acquisition": NaN,
        "Gain On Sale Of Security": 0.0,
        "Depreciation Amortization Depletion Income Statement": NaN,
        "Depreciation And Amortization In Income Statement": NaN,
        "Amortization": NaN,
        "Amortization Of Intangibles Income Statement": NaN,
        "Selling General And Administration": 26177000.0,
        "Selling And Marketing Expense": 1423000.0,
        "General And Administrative Expense": 24754000.0,
        "Insurance And Claims": 871000.0,
        "Salaries And Wages": 23883000.0,
        "Total Revenue": 65333000.0,
        "Operating Revenue": 65333000.0,
        "Occupancy And Equipment": 5584000.0,
        "Professional Expense And Contract Services Expense": 2460000.0,
        "Other Non Interest Expense": 11235000.0
    },
    "2024-12-31": {
        "Tax Effect Of Unusual Items": -153.547713,
        "Tax Rate For Calcs": 0.153548,
        "Total Unusual Items": -1000.0,
        "Total Unusual Items Excluding Goodwill": -1000.0,
        "Net Income From Continuing Operation Net Minority Interest": 11345000.0,
        "Reconciled Depreciation": 3399000.0,
        "Net Interest Income": 55649000.0,
        "Interest Expense": 22186000.0,
        "Interest Income": 77835000.0,
        "Normalized Income": 11345846.452287,
        "Net Income From Continuing And Discontinued Operation": 11345000.0,
        "Diluted Average Shares": 27221121.0,
        "Basic Average Shares": 27065047.0,
        "Diluted EPS": 0.42,
        "Basic EPS": 0.42,
        "Diluted NI Availto Com Stockholders": 11345000.0,
        "Net Income Common Stockholders": 11345000.0,
        "Net Income": 11345000.0,
        "Net Income Including Noncontrolling Interests": 11345000.0,
        "Net Income Continuous Operations": 11345000.0,
        "Tax Provision": 2058000.0,
        "Pretax Income": 13403000.0,
        "Special Income Charges": -1000.0,
        "Other Special Charges": 1000.0,
        "Restructuring And Mergern Acquisition": NaN,
        "Gain On Sale Of Security": -9857000.0,
        "Depreciation Amortization Depletion Income Statement": NaN,
        "Depreciation And Amortization In Income Statement": NaN,
        "Amortization": NaN,
        "Amortization Of Intangibles Income Statement": NaN,
        "Selling General And Administration": 24310000.0,
        "Selling And Marketing Expense": 1541000.0,
        "General And Administrative Expense": 22769000.0,
        "Insurance And Claims": 730000.0,
        "Salaries And Wages": 22039000.0,
        "Total Revenue": 57851000.0,
        "Operating Revenue": 57851000.0,
        "Occupancy And Equipment": 5096000.0,
        "Professional Expense And Contract Services Expense": 2504000.0,
        "Other Non Interest Expense": 9525000.0
    },
    "2025-03-31": {
        "Tax Effect Of Unusual Items": 0.0,
        "Tax Rate For Calcs": 0.2125,
        "Total Unusual Items": 0.0,
        "Total Unusual Items Excluding Goodwill": 0.0,
        "Net Income From Continuing Operation Net Minority Interest": 17760000.0,
        "Reconciled Depreciation": 1933000.0,
        "Net Interest Income": 57375000.0,
        "Interest Expense": 19507000.0,
        "Interest Income": 76882000.0,
        "Normalized Income": 17760000.0,
        "Net Income From Continuing And Discontinued Operation": 17760000.0,
        "Diluted Average Shares": 27213406.0,
        "Basic Average Shares": 27087154.0,
        "Diluted EPS": 0.65,
        "Basic EPS": 0.66,
        "Diluted NI Availto Com Stockholders": 17760000.0,
        "Net Income Common Stockholders": 17760000.0,
        "Net Income": 17760000.0,
        "Net Income Including Noncontrolling Interests": 17760000.0,
        "Net Income Continuous Operations": 17760000.0,
        "Tax Provision": 4791000.0,
        "Pretax Income": 22551000.0,
        "Special Income Charges": 0.0,
        "Other Special Charges": NaN,
        "Restructuring And Mergern Acquisition": NaN,
        "Gain On Sale Of Security": 0.0,
        "Depreciation Amortization Depletion Income Statement": 0.0,
        "Depreciation And Amortization In Income Statement": 0.0,
        "Amortization": 0.0,
        "Amortization Of Intangibles Income Statement": 0.0,
        "Selling General And Administration": 24008000.0,
        "Selling And Marketing Expense": 1191000.0,
        "General And Administrative Expense": 22817000.0,
        "Insurance And Claims": 850000.0,
        "Salaries And Wages": 21967000.0,
        "Total Revenue": 67604000.0,
        "Operating Revenue": 67604000.0,
        "Occupancy And Equipment": 5474000.0,
        "Professional Expense And Contract Services Expense": 2798000.0,
        "Other Non Interest Expense": 8638000.0
    },
    "2025-06-30": {
        "Tax Effect Of Unusual Items": 0.0,
        "Tax Rate For Calcs": 0.234755,
        "Total Unusual Items": 0.0,
        "Total Unusual Items Excluding Goodwill": 0.0,
        "Net Income From Continuing Operation Net Minority Interest": 18271000.0,
        "Reconciled Depreciation": 2027000.0,
        "Net Interest Income": 59408000.0,
        "Interest Expense": 18324000.0,
        "Interest Income": 77732000.0,
        "Normalized Income": 18271000.0,
        "Net Income From Continuing And Discontinued Operation": 18271000.0,
        "Diluted Average Shares": 27069677.0,
        "Basic Average Shares": 26988169.0,
        "Diluted EPS": 0.67,
        "Basic EPS": 0.68,
        "Diluted NI Availto Com Stockholders": 18271000.0,
        "Net Income Common Stockholders": 18271000.0,
        "Net Income": 18271000.0,
        "Net Income Including Noncontrolling Interests": 18271000.0,
        "Net Income Continuous Operations": 18271000.0,
        "Tax Provision": 5605000.0,
        "Pretax Income": 23876000.0,
        "Special Income Charges": 0.0,
        "Other Special Charges": NaN,
        "Restructuring And Mergern Acquisition": NaN,
        "Gain On Sale Of Security": 0.0,
        "Depreciation Amortization Depletion Income Statement": 0.0,
        "Depreciation And Amortization In Income Statement": 0.0,
        "Amortization": 0.0,
        "Amortization Of Intangibles Income Statement": 0.0,
        "Selling General And Administration": 25844000.0,
        "Selling And Marketing Expense": 1362000.0,
        "General And Administrative Expense": 24482000.0,
        "Insurance And Claims": 845000.0,
        "Salaries And Wages": 23637000.0,
        "Total Revenue": 71620000.0,
        "Operating Revenue": 71620000.0,
        "Occupancy And Equipment": 5203000.0,
        "Professional Expense And Contract Services Expense": 2873000.0,
        "Other Non Interest Expense": 8837000.0
    }
}