{
    "2023-03-31": {
        "Tax Effect Of Unusual Items": NaN,
        "Tax Rate For Calcs": NaN,
        "Normalized EBITDA": NaN,
        "Total Unusual Items": NaN,
        "Total Unusual Items Excluding Goodwill": NaN,
        "Net Income From Continuing Operation Net Minority Interest": NaN,
        "Reconciled Depreciation": NaN,
        "Reconciled Cost Of Revenue": NaN,
        "EBITDA": NaN,
        "EBIT": NaN,
        "Net Interest Income": NaN,
        "Interest Income": NaN,
        "Normalized Income": NaN,
        "Net Income From Continuing And Discontinued Operation": NaN,
        "Total Expenses": NaN,
        "Total Operating Income As Reported": NaN,
        "Diluted Average Shares": 4923132.0,
        "Basic Average Shares": 4893324.0,
        "Diluted EPS": 0.56,
        "Basic EPS": 0.57,
        "Diluted NI Availto Com Stockholders": NaN,
        "Net Income Common Stockholders": NaN,
        "Net Income": NaN,
        "Net Income Including Noncontrolling Interests": NaN,
        "Net Income Continuous Operations": NaN,
        "Tax Provision": NaN,
        "Pretax Income": NaN,
        "Other Income Expense": NaN,
        "Special Income Charges": NaN,
        "Gain On Sale Of Ppe": NaN,
        "Earnings From Equity Interest": NaN,
        "Net Non Operating Interest Income Expense": NaN,
        "Interest Income Non Operating": NaN,
        "Operating Income": NaN,
        "Operating Expense": NaN,
        "Other Operating Expenses": NaN,
        "Depreciation Amortization Depletion Income Statement": NaN,
        "Depreciation And Amortization In Income Statement": NaN,
        "Selling General And Administration": NaN,
        "Selling And Marketing Expense": NaN,
        "General And Administrative Expense": NaN,
        "Other Gand A": NaN,
        "Salaries And Wages": NaN,
        "Gross Profit": NaN,
        "Cost Of Revenue": NaN,
        "Total Revenue": NaN,
        "Operating Revenue": NaN
    },
    "2022-12-31": {
        "Tax Effect Of Unusual Items": NaN,
        "Tax Rate For Calcs": NaN,
        "Normalized EBITDA": NaN,
        "Total Unusual Items": -157435.0,
        "Total Unusual Items Excluding Goodwill": -157435.0,
        "Net Income From Continuing Operation Net Minority Interest": NaN,
        "Reconciled Depreciation": NaN,
        "Reconciled Cost Of Revenue": NaN,
        "EBITDA": NaN,
        "EBIT": NaN,
        "Net Interest Income": NaN,
        "Interest Income": NaN,
        "Normalized Income": NaN,
        "Net Income From Continuing And Discontinued Operation": NaN,
        "Total Expenses": NaN,
        "Total Operating Income As Reported": NaN,
        "Diluted Average Shares": NaN,
        "Basic Average Shares": NaN,
        "Diluted EPS": NaN,
        "Basic EPS": NaN,
        "Diluted NI Availto Com Stockholders": NaN,
        "Net Income Common Stockholders": NaN,
        "Net Income": NaN,
        "Net Income Including Noncontrolling Interests": NaN,
        "Net Income Continuous Operations": NaN,
        "Tax Provision": NaN,
        "Pretax Income": NaN,
        "Other Income Expense": NaN,
        "Special Income Charges": -157435.0,
        "Gain On Sale Of Ppe": -157435.0,
        "Earnings From Equity Interest": NaN,
        "Net Non Operating Interest Income Expense": NaN,
        "Interest Income Non Operating": NaN,
        "Operating Income": NaN,
        "Operating Expense": NaN,
        "Other Operating Expenses": NaN,
        "Depreciation Amortization Depletion Income Statement": NaN,
        "Depreciation And Amortization In Income Statement": NaN,
        "Selling General And Administration": NaN,
        "Selling And Marketing Expense": NaN,
        "General And Administrative Expense": NaN,
        "Other Gand A": NaN,
        "Salaries And Wages": NaN,
        "Gross Profit": NaN,
        "Cost Of Revenue": NaN,
        "Total Revenue": NaN,
        "Operating Revenue": NaN
    },
    "2022-09-30": {
        "Tax Effect Of Unusual Items": NaN,
        "Tax Rate For Calcs": NaN,
        "Normalized EBITDA": NaN,
        "Total Unusual Items": 0.0,
        "Total Unusual Items Excluding Goodwill": 0.0,
        "Net Income From Continuing Operation Net Minority Interest": NaN,
        "Reconciled Depreciation": NaN,
        "Reconciled Cost Of Revenue": NaN,
        "EBITDA": NaN,
        "EBIT": NaN,
        "Net Interest Income": NaN,
        "Interest Income": NaN,
        "Normalized Income": NaN,
        "Net Income From Continuing And Discontinued Operation": NaN,
        "Total Expenses": NaN,
        "Total Operating Income As Reported": NaN,
        "Diluted Average Shares": 4901189.0,
        "Basic Average Shares": 4872674.0,
        "Diluted EPS": 0.6,
        "Basic EPS": 0.6,
        "Diluted NI Availto Com Stockholders": NaN,
        "Net Income Common Stockholders": NaN,
        "Net Income": NaN,
        "Net Income Including Noncontrolling Interests": NaN,
        "Net Income Continuous Operations": NaN,
        "Tax Provision": NaN,
        "Pretax Income": NaN,
        "Other Income Expense": NaN,
        "Special Income Charges": 0.0,
        "Gain On Sale Of Ppe": 0.0,
        "Earnings From Equity Interest": NaN,
        "Net Non Operating Interest Income Expense": NaN,
        "Interest Income Non Operating": NaN,
        "Operating Income": NaN,
        "Operating Expense": NaN,
        "Other Operating Expenses": NaN,
        "Depreciation Amortization Depletion Income Statement": NaN,
        "Depreciation And Amortization In Income Statement": NaN,
        "Selling General And Administration": NaN,
        "Selling And Marketing Expense": NaN,
        "General And Administrative Expense": NaN,
        "Other Gand A": NaN,
        "Salaries And Wages": NaN,
        "Gross Profit": NaN,
        "Cost Of Revenue": NaN,
        "Total Revenue": NaN,
        "Operating Revenue": NaN
    },
    "2022-06-30": {
        "Tax Effect Of Unusual Items": 3171.411,
        "Tax Rate For Calcs": 0.261,
        "Normalized EBITDA": 3420094.0,
        "Total Unusual Items": 12151.0,
        "Total Unusual Items Excluding Goodwill": 12151.0,
        "Net Income From Continuing Operation Net Minority Interest": 1755069.0,
        "Reconciled Depreciation": 741574.0,
        "Reconciled Cost Of Revenue": 4067925.0,
        "EBITDA": 3432245.0,
        "EBIT": 2690671.0,
        "Net Interest Income": 205300.0,
        "Interest Income": 205300.0,
        "Normalized Income": 1746089.411,
        "Net Income From Continuing And Discontinued Operation": 1755069.0,
        "Total Expenses": 15083603.0,
        "Total Operating Income As Reported": 2702822.0,
        "Diluted Average Shares": 4874339.0,
        "Basic Average Shares": 4846216.0,
        "Diluted EPS": 0.36,
        "Basic EPS": 0.36,
        "Diluted NI Availto Com Stockholders": 1755069.0,
        "Net Income Common Stockholders": 1755069.0,
        "Net Income": 1755069.0,
        "Net Income Including Noncontrolling Interests": 1755069.0,
        "Net Income Continuous Operations": 1755069.0,
        "Tax Provision": 618660.0,
        "Pretax Income": 2373729.0,
        "Other Income Expense": -522242.0,
        "Special Income Charges": 12151.0,
        "Gain On Sale Of Ppe": 12151.0,
        "Earnings From Equity Interest": -534393.0,
        "Net Non Operating Interest Income Expense": 205300.0,
        "Interest Income Non Operating": 205300.0,
        "Operating Income": 2690671.0,
        "Operating Expense": 11015678.0,
        "Other Operating Expenses": 1620952.0,
        "Depreciation Amortization Depletion Income Statement": 741574.0,
        "Depreciation And Amortization In Income Statement": 741574.0,
        "Selling General And Administration": 8653152.0,
        "Selling And Marketing Expense": 871043.0,
        "General And Administrative Expense": 7782109.0,
        "Other Gand A": 1269398.0,
        "Salaries And Wages": 6512711.0,
        "Gross Profit": 13706349.0,
        "Cost Of Revenue": 4067925.0,
        "Total Revenue": 17774274.0,
        "Operating Revenue": 15764662.0
    },
    "2022-03-31": {
        "Diluted EPS": 0.36,
        "Total Revenue": 14,
        "Gross Profit": 11,
        "Operating Income": 2,
        "EBIT": 3,
        "Net Income": 2
    },
    "2021-12-31": {
        "Diluted EPS": 1.35,
        "Total Revenue": 14,
        "Gross Profit": 11,
        "Operating Income": 9,
        "EBIT": 10,
        "Net Income": 7
    },
    "2021-09-30": {
        "Diluted EPS": 0.58,
        "Total Revenue": 21,
        "Gross Profit": 17,
        "Operating Income": 4,
        "EBIT": 5,
        "Net Income": 3
    },
    "2021-06-30": {
        "Diluted EPS": 0.39,
        "Total Revenue": 16,
        "Gross Profit": 12,
        "Operating Income": 3,
        "EBIT": 4,
        "Net Income": 2
    },
    "2021-03-31": {
        "Diluted EPS": 0.12,
        "Total Revenue": 9,
        "Gross Profit": 8,
        "Operating Income": 1,
        "EBIT": 2,
        "Net Income": 1
    },
    "2020-12-31": {
        "Diluted EPS": 0.04,
        "Total Revenue": 6,
        "Gross Profit": 5,
        "Operating Income": -1,
        "EBIT": 0,
        "Net Income": 0
    },
    "2020-09-30": {
        "Diluted EPS": 0.39,
        "Total Revenue": 13,
        "Gross Profit": 10,
        "Operating Income": 3,
        "EBIT": 4,
        "Net Income": 2
    },
    "2020-06-30": {
        "Diluted EPS": -0.25,
        "Total Revenue": 3,
        "Gross Profit": 2,
        "Operating Income": -2,
        "EBIT": -2,
        "Net Income": -1
    },
    "2020-03-31": {
        "Diluted EPS": 0.05,
        "Total Revenue": 11,
        "Gross Profit": 9,
        "Operating Income": 0,
        "EBIT": 1,
        "Net Income": 0
    },
    "2019-12-31": {
        "Diluted EPS": 0.12,
        "Total Revenue": 13,
        "Gross Profit": 10,
        "Operating Income": 1,
        "EBIT": 2,
        "Net Income": 1
    },
    "2019-09-30": {
        "Diluted EPS": 0.25,
        "Total Revenue": 19,
        "Gross Profit": 14,
        "Operating Income": 1,
        "EBIT": 2,
        "Net Income": 1
    },
    "2019-06-30": {
        "Diluted EPS": 0.21,
        "Total Revenue": 16,
        "Gross Profit": 13,
        "Operating Income": 1,
        "EBIT": 2,
        "Net Income": 1
    },
    "2019-03-31": {
        "Diluted EPS": 0.01,
        "Total Revenue": 12,
        "Gross Profit": 9,
        "Operating Income": 0,
        "EBIT": 1,
        "Net Income": 0
    },
    "2018-12-31": {
        "Diluted EPS": 0.52,
        "Total Revenue": 12,
        "Gross Profit": 9,
        "Operating Income": 3,
        "EBIT": 4,
        "Net Income": 2
    },
    "2018-09-30": {
        "Diluted EPS": 0.36,
        "Total Revenue": 18,
        "Gross Profit": 14,
        "Operating Income": 2,
        "EBIT": 3,
        "Net Income": 2
    },
    "2018-06-30": {
        "Diluted EPS": 0.16,
        "Total Revenue": 17,
        "Gross Profit": 13,
        "Operating Income": 1,
        "EBIT": 2,
        "Net Income": 1
    },
    "2018-03-31": {
        "Diluted EPS": 0.22,
        "Total Revenue": 12,
        "Gross Profit": 10,
        "Operating Income": 1,
        "EBIT": 2,
        "Net Income": 1
    },
    "2017-12-31": {
        "Diluted EPS": 0.43,
        "Total Revenue": 12,
        "Gross Profit": 9,
        "Operating Income": 1,
        "EBIT": 2,
        "Net Income": 2
    },
    "2017-09-30": {
        "Diluted EPS": 0.22,
        "Total Revenue": 18,
        "Gross Profit": 13,
        "Operating Income": 2,
        "EBIT": 2,
        "Net Income": 1
    },
    "2017-06-30": {
        "Diluted EPS": 0.16,
        "Total Revenue": 16,
        "Gross Profit": 12,
        "Operating Income": 1,
        "EBIT": 2,
        "Net Income": 1
    },
    "2017-03-31": {
        "Diluted EPS": 0.12,
        "Total Revenue": 11,
        "Gross Profit": 9,
        "Operating Income": 1,
        "EBIT": 2,
        "Net Income": 1
    },
    "2016-12-31": {
        "Diluted EPS": 0.16,
        "Total Revenue": 12,
        "Gross Profit": 9,
        "Operating Income": 1,
        "EBIT": 2,
        "Net Income": 1
    },
    "2016-09-30": {
        "Diluted EPS": 0.21,
        "Total Revenue": 17,
        "Gross Profit": 12,
        "Operating Income": 2,
        "EBIT": 2,
        "Net Income": 1
    },
    "2016-06-30": {
        "Diluted EPS": 0.53,
        "Total Revenue": 14,
        "Gross Profit": 10,
        "Operating Income": 4,
        "EBIT": 5,
        "Net Income": 2
    },
    "2016-03-31": {
        "Diluted EPS": 0.07,
        "Total Revenue": 10,
        "Gross Profit": 8,
        "Operating Income": 1,
        "EBIT": 1,
        "Net Income": 0
    },
    "2015-12-31": {
        "Diluted EPS": 0.22,
        "Total Revenue": 11,
        "Gross Profit": 9,
        "Operating Income": 2,
        "EBIT": 2,
        "Net Income": 1
    },
    "2015-09-30": {
        "Diluted EPS": 0.19,
        "Total Revenue": 17,
        "Gross Profit": 12,
        "Operating Income": 1,
        "EBIT": 2,
        "Net Income": 1
    },
    "2015-06-30": {
        "Diluted EPS": 0.14,
        "Total Revenue": 15,
        "Gross Profit": 11,
        "Operating Income": 1,
        "EBIT": 2,
        "Net Income": 1
    },
    "2015-03-31": {
        "Diluted EPS": 0.09,
        "Total Revenue": 10,
        "Gross Profit": 8,
        "Operating Income": 1,
        "EBIT": 1,
        "Net Income": 0
    },
    "2014-12-31": {
        "Diluted EPS": 0.21,
        "Total Revenue": 10,
        "Gross Profit": 8,
        "Operating Income": 2,
        "EBIT": 2,
        "Net Income": 1
    },
    "2014-09-30": {
        "Diluted EPS": 0.15,
        "Total Revenue": 15,
        "Gross Profit": 11,
        "Operating Income": 1,
        "EBIT": 2,
        "Net Income": 1
    },
    "2014-06-30": {
        "Diluted EPS": 0.11,
        "Total Revenue": 14,
        "Gross Profit": 10,
        "Operating Income": 1,
        "EBIT": 1,
        "Net Income": 0
    },
    "2014-03-31": {
        "Diluted EPS": 0.1,
        "Total Revenue": 9,
        "Gross Profit": 7,
        "Operating Income": 1,
        "EBIT": 1,
        "Net Income": 0
    },
    "2013-12-31": {
        "Diluted EPS": 0.08,
        "Total Revenue": 10,
        "Gross Profit": 8,
        "Operating Income": 1,
        "EBIT": 1,
        "Net Income": 0
    },
    "2013-09-30": {
        "Diluted EPS": 0.04,
        "Total Revenue": 14,
        "Gross Profit": 10,
        "Operating Income": 0,
        "EBIT": 1,
        "Net Income": 0
    },
    "2013-06-30": {
        "Diluted EPS": 0.05,
        "Total Revenue": 13,
        "Gross Profit": 10,
        "Operating Income": 0,
        "EBIT": 1,
        "Net Income": 0
    },
    "2013-03-31": {
        "Diluted EPS": 0.07,
        "Total Revenue": 9,
        "Gross Profit": 7,
        "Operating Income": 1,
        "EBIT": 1,
        "Net Income": 0
    },
    "2012-12-31": {
        "Diluted EPS": 0.1,
        "Total Revenue": 10,
        "Gross Profit": 8,
        "Operating Income": 1,
        "EBIT": 1,
        "Net Income": 0
    },
    "2012-09-30": {
        "Diluted EPS": 0.05,
        "Total Revenue": 14,
        "Gross Profit": 10,
        "Operating Income": 0,
        "EBIT": 1,
        "Net Income": 0
    },
    "2012-06-30": {
        "Diluted EPS": -0.04,
        "Total Revenue": 12,
        "Gross Profit": 8,
        "Operating Income": 0,
        "EBIT": 0,
        "Net Income": 0
    },
    "2012-03-31": {
        "Diluted EPS": 0.13,
        "Total Revenue": 10,
        "Gross Profit": 8,
        "Operating Income": 1,
        "EBIT": 1,
        "Net Income": 1
    },
    "2011-12-31": {
        "Diluted EPS": 0.07,
        "Total Revenue": 10,
        "Gross Profit": 7,
        "Operating Income": 1,
        "EBIT": 1,
        "Net Income": 0
    },
    "2011-09-30": {
        "Diluted EPS": 0.06,
        "Total Revenue": 11,
        "Gross Profit": 8,
        "Operating Income": 0,
        "EBIT": 0,
        "Net Income": 0
    },
    "2011-06-30": {
        "Diluted EPS": -0.09,
        "Total Revenue": 12,
        "Gross Profit": 8,
        "Operating Income": 0,
        "EBIT": 0,
        "Net Income": 0
    },
    "2011-03-31": {
        "Diluted EPS": 0.05,
        "Total Revenue": 8,
        "Gross Profit": 7,
        "Operating Income": 1,
        "EBIT": 1,
        "Net Income": 0
    },
    "2010-12-31": {
        "Diluted EPS": 0.04,
        "Total Revenue": 9,
        "Gross Profit": 6,
        "Operating Income": -2,
        "EBIT": -2,
        "Net Income": 0
    },
    "2010-09-30": {
        "Diluted EPS": -0.03,
        "Total Revenue": 12,
        "Gross Profit": 8,
        "Operating Income": 0,
        "EBIT": 0,
        "Net Income": 0
    },
    "2010-06-30": {
        "Diluted EPS": -0.09,
        "Total Revenue": 11,
        "Gross Profit": 8,
        "Operating Income": 0,
        "EBIT": 0,
        "Net Income": 0
    },
    "2010-03-31": {
        "Diluted EPS": -0.16,
        "Total Revenue": 8,
        "Gross Profit": 7,
        "Operating Income": 1,
        "EBIT": 2,
        "Net Income": -1
    },
    "2009-12-31": {
        "Diluted EPS": -0.02,
        "Total Revenue": 8,
        "Gross Profit": 2,
        "Operating Income": -1,
        "EBIT": 0,
        "Net Income": 0
    },
    "2009-09-30": {
        "Diluted EPS": 0.0,
        "Total Revenue": 12,
        "Gross Profit": 8,
        "Operating Income": 0,
        "EBIT": 1,
        "Net Income": 0
    },
    "2009-06-30": {
        "Diluted EPS": -0.04,
        "Total Revenue": 11,
        "Gross Profit": 10,
        "Operating Income": 0,
        "EBIT": 0,
        "Net Income": 0
    },
    "2009-03-31": {
        "Diluted EPS": 0.08,
        "Total Revenue": 8,
        "Gross Profit": 8,
        "Operating Income": 1,
        "EBIT": 1,
        "Net Income": 0
    },
    "2023-06-30": {
        "Tax Effect Of Unusual Items": NaN,
        "Tax Rate For Calcs": NaN,
        "Normalized EBITDA": NaN,
        "Total Unusual Items": NaN,
        "Total Unusual Items Excluding Goodwill": NaN,
        "Net Income From Continuing Operation Net Minority Interest": NaN,
        "Reconciled Depreciation": NaN,
        "Reconciled Cost Of Revenue": NaN,
        "EBITDA": NaN,
        "EBIT": NaN,
        "Net Interest Income": NaN,
        "Interest Income": NaN,
        "Normalized Income": NaN,
        "Net Income From Continuing And Discontinued Operation": NaN,
        "Total Expenses": NaN,
        "Total Operating Income As Reported": NaN,
        "Diluted Average Shares": 4930713.0,
        "Basic Average Shares": 4913396.0,
        "Diluted EPS": 1.07,
        "Basic EPS": 1.08,
        "Diluted NI Availto Com Stockholders": NaN,
        "Net Income Common Stockholders": NaN,
        "Net Income": NaN,
        "Net Income Including Noncontrolling Interests": NaN,
        "Net Income Continuous Operations": NaN,
        "Tax Provision": NaN,
        "Pretax Income": NaN,
        "Other Income Expense": NaN,
        "Special Income Charges": NaN,
        "Gain On Sale Of Ppe": NaN,
        "Earnings From Equity Interest": NaN,
        "Net Non Operating Interest Income Expense": NaN,
        "Interest Income Non Operating": NaN,
        "Operating Income": NaN,
        "Operating Expense": NaN,
        "Other Operating Expenses": NaN,
        "Depreciation Amortization Depletion Income Statement": NaN,
        "Depreciation And Amortization In Income Statement": NaN,
        "Selling General And Administration": NaN,
        "Selling And Marketing Expense": NaN,
        "General And Administrative Expense": NaN,
        "Other Gand A": NaN,
        "Salaries And Wages": NaN,
        "Gross Profit": NaN,
        "Cost Of Revenue": NaN,
        "Total Revenue": NaN,
        "Operating Revenue": NaN
    },
    "2023-09-30": {
        "Tax Effect Of Unusual Items": NaN,
        "Tax Rate For Calcs": NaN,
        "Normalized EBITDA": NaN,
        "Total Unusual Items": 19265.0,
        "Total Unusual Items Excluding Goodwill": 19265.0,
        "Net Income From Continuing Operation Net Minority Interest": NaN,
        "Reconciled Depreciation": NaN,
        "Reconciled Cost Of Revenue": NaN,
        "EBITDA": NaN,
        "EBIT": NaN,
        "Net Interest Income": NaN,
        "Interest Income": NaN,
        "Normalized Income": NaN,
        "Net Income From Continuing And Discontinued Operation": NaN,
        "Total Expenses": NaN,
        "Total Operating Income As Reported": NaN,
        "Diluted Average Shares": 4950524.0,
        "Basic Average Shares": 4933961.0,
        "Diluted EPS": 0.23,
        "Basic EPS": 0.23,
        "Diluted NI Availto Com Stockholders": NaN,
        "Net Income Common Stockholders": NaN,
        "Net Income": NaN,
        "Net Income Including Noncontrolling Interests": NaN,
        "Net Income Continuous Operations": NaN,
        "Tax Provision": NaN,
        "Pretax Income": NaN,
        "Other Income Expense": NaN,
        "Special Income Charges": 19265.0,
        "Gain On Sale Of Ppe": 19265.0,
        "Earnings From Equity Interest": NaN,
        "Net Non Operating Interest Income Expense": NaN,
        "Interest Income Non Operating": NaN,
        "Operating Income": NaN,
        "Operating Expense": NaN,
        "Other Operating Expenses": NaN,
        "Depreciation Amortization Depletion Income Statement": NaN,
        "Depreciation And Amortization In Income Statement": NaN,
        "Selling General And Administration": NaN,
        "Selling And Marketing Expense": NaN,
        "General And Administrative Expense": NaN,
        "Other Gand A": NaN,
        "Salaries And Wages": NaN,
        "Gross Profit": NaN,
        "Cost Of Revenue": NaN,
        "Total Revenue": NaN,
        "Operating Revenue": NaN
    },
    "2023-12-31": {
        "Tax Effect Of Unusual Items": NaN,
        "Tax Rate For Calcs": NaN,
        "Normalized EBITDA": NaN,
        "Total Unusual Items": -176425.0,
        "Total Unusual Items Excluding Goodwill": -176425.0,
        "Net Income From Continuing Operation Net Minority Interest": NaN,
        "Reconciled Depreciation": NaN,
        "Reconciled Cost Of Revenue": NaN,
        "EBITDA": NaN,
        "EBIT": NaN,
        "Net Interest Income": NaN,
        "Interest Income": NaN,
        "Normalized Income": NaN,
        "Net Income From Continuing And Discontinued Operation": NaN,
        "Total Expenses": NaN,
        "Total Operating Income As Reported": NaN,
        "Diluted Average Shares": NaN,
        "Basic Average Shares": NaN,
        "Diluted EPS": NaN,
        "Basic EPS": NaN,
        "Diluted NI Availto Com Stockholders": NaN,
        "Net Income Common Stockholders": NaN,
        "Net Income": NaN,
        "Net Income Including Noncontrolling Interests": NaN,
        "Net Income Continuous Operations": NaN,
        "Tax Provision": NaN,
        "Pretax Income": NaN,
        "Other Income Expense": NaN,
        "Special Income Charges": -176425.0,
        "Gain On Sale Of Ppe": -176425.0,
        "Earnings From Equity Interest": NaN,
        "Net Non Operating Interest Income Expense": NaN,
        "Interest Income Non Operating": NaN,
        "Operating Income": NaN,
        "Operating Expense": NaN,
        "Other Operating Expenses": NaN,
        "Depreciation Amortization Depletion Income Statement": NaN,
        "Depreciation And Amortization In Income Statement": NaN,
        "Selling General And Administration": NaN,
        "Selling And Marketing Expense": NaN,
        "General And Administrative Expense": NaN,
        "Other Gand A": NaN,
        "Salaries And Wages": NaN,
        "Gross Profit": NaN,
        "Cost Of Revenue": NaN,
        "Total Revenue": NaN,
        "Operating Revenue": NaN
    },
    "2024-03-31": {
        "Tax Effect Of Unusual Items": 0.0,
        "Tax Rate For Calcs": 0.31074,
        "Normalized EBITDA": 2612861.0,
        "Total Unusual Items": NaN,
        "Total Unusual Items Excluding Goodwill": NaN,
        "Net Income From Continuing Operation Net Minority Interest": 998154.0,
        "Reconciled Depreciation": 850986.0,
        "Reconciled Cost Of Revenue": 2424634.0,
        "EBITDA": 2612861.0,
        "EBIT": 1761875.0,
        "Net Interest Income": 538527.0,
        "Interest Income": 538527.0,
        "Normalized Income": 998154.0,
        "Net Income From Continuing And Discontinued Operation": 998154.0,
        "Total Expenses": 12336114.0,
        "Total Operating Income As Reported": 1761875.0,
        "Diluted Average Shares": 4991956.0,
        "Basic Average Shares": 4966825.0,
        "Diluted EPS": 0.2,
        "Basic EPS": 0.2,
        "Diluted NI Availto Com Stockholders": 998154.0,
        "Net Income Common Stockholders": 998154.0,
        "Net Income": 998154.0,
        "Net Income Including Noncontrolling Interests": 998154.0,
        "Net Income Continuous Operations": 998154.0,
        "Tax Provision": 450000.0,
        "Pretax Income": 1448154.0,
        "Other Income Expense": -852248.0,
        "Special Income Charges": NaN,
        "Gain On Sale Of Ppe": NaN,
        "Earnings From Equity Interest": -852248.0,
        "Net Non Operating Interest Income Expense": 538527.0,
        "Interest Income Non Operating": 538527.0,
        "Operating Income": 1761875.0,
        "Operating Expense": 9911480.0,
        "Other Operating Expenses": 1513754.0,
        "Depreciation Amortization Depletion Income Statement": 850986.0,
        "Depreciation And Amortization In Income Statement": 850986.0,
        "Selling General And Administration": 7546740.0,
        "Selling And Marketing Expense": 142458.0,
        "General And Administrative Expense": 7404282.0,
        "Other Gand A": 1252442.0,
        "Salaries And Wages": 6151840.0,
        "Gross Profit": 11673355.0,
        "Cost Of Revenue": 2424634.0,
        "Total Revenue": 14097989.0,
        "Operating Revenue": 12957445.0
    },
    "2024-06-30": {
        "Tax Effect Of Unusual Items": 0.0,
        "Tax Rate For Calcs": 0.296,
        "Normalized EBITDA": 2011288.0,
        "Total Unusual Items": 0.0,
        "Total Unusual Items Excluding Goodwill": 0.0,
        "Net Income From Continuing Operation Net Minority Interest": 338286.0,
        "Reconciled Depreciation": 889073.0,
        "Reconciled Cost Of Revenue": 3787049.0,
        "EBITDA": 2011288.0,
        "EBIT": 1122215.0,
        "Net Interest Income": 532570.0,
        "Interest Income": 532570.0,
        "Normalized Income": 338286.0,
        "Net Income From Continuing And Discontinued Operation": 338286.0,
        "Total Expenses": 15080180.0,
        "Total Operating Income As Reported": 1122215.0,
        "Diluted Average Shares": 5011548.0,
        "Basic Average Shares": 4984953.0,
        "Diluted EPS": 0.07,
        "Basic EPS": 0.07,
        "Diluted NI Availto Com Stockholders": 338286.0,
        "Net Income Common Stockholders": 338286.0,
        "Net Income": 338286.0,
        "Net Income Including Noncontrolling Interests": 338286.0,
        "Net Income Continuous Operations": 338286.0,
        "Tax Provision": 142000.0,
        "Pretax Income": 480286.0,
        "Other Income Expense": -1174499.0,
        "Special Income Charges": 0.0,
        "Gain On Sale Of Ppe": 0.0,
        "Earnings From Equity Interest": -1174499.0,
        "Net Non Operating Interest Income Expense": 532570.0,
        "Interest Income Non Operating": 532570.0,
        "Operating Income": 1122215.0,
        "Operating Expense": 11293131.0,
        "Other Operating Expenses": 1716479.0,
        "Depreciation Amortization Depletion Income Statement": 889073.0,
        "Depreciation And Amortization In Income Statement": 889073.0,
        "Selling General And Administration": 8687579.0,
        "Selling And Marketing Expense": 403758.0,
        "General And Administrative Expense": 8283821.0,
        "Other Gand A": 1445486.0,
        "Salaries And Wages": 6838335.0,
        "Gross Profit": 12415346.0,
        "Cost Of Revenue": 3787049.0,
        "Total Revenue": 16202395.0,
        "Operating Revenue": 14544318.0
    },
    "2024-09-30": {
        "Tax Effect Of Unusual Items": 478129.428,
        "Tax Rate For Calcs": 0.276,
        "Normalized EBITDA": 1117955.0,
        "Total Unusual Items": 1732353.0,
        "Total Unusual Items Excluding Goodwill": 1732353.0,
        "Net Income From Continuing Operation Net Minority Interest": 2021806.0,
        "Reconciled Depreciation": 936033.0,
        "Reconciled Cost Of Revenue": 4442822.0,
        "EBITDA": 2850308.0,
        "EBIT": 1914275.0,
        "Net Interest Income": 521579.0,
        "Interest Income": 521579.0,
        "Normalized Income": 767582.428,
        "Net Income From Continuing And Discontinued Operation": 2021806.0,
        "Total Expenses": 17370092.0,
        "Total Operating Income As Reported": 3646628.0,
        "Diluted Average Shares": 5029850.0,
        "Basic Average Shares": 5008048.0,
        "Diluted EPS": 0.4,
        "Basic EPS": 0.4,
        "Diluted NI Availto Com Stockholders": 2021806.0,
        "Net Income Common Stockholders": 2021806.0,
        "Net Income": 2021806.0,
        "Net Income Including Noncontrolling Interests": 2021806.0,
        "Net Income Continuous Operations": 2021806.0,
        "Tax Provision": 772000.0,
        "Pretax Income": 2793806.0,
        "Other Income Expense": 357952.0,
        "Special Income Charges": 1732353.0,
        "Gain On Sale Of Ppe": 1732353.0,
        "Earnings From Equity Interest": -1374401.0,
        "Net Non Operating Interest Income Expense": 521579.0,
        "Interest Income Non Operating": 521579.0,
        "Operating Income": 1914275.0,
        "Operating Expense": 12927270.0,
        "Other Operating Expenses": 2116387.0,
        "Depreciation Amortization Depletion Income Statement": 936033.0,
        "Depreciation And Amortization In Income Statement": 936033.0,
        "Selling General And Administration": 9874850.0,
        "Selling And Marketing Expense": 668572.0,
        "General And Administrative Expense": 9206278.0,
        "Other Gand A": 1915498.0,
        "Salaries And Wages": 7290780.0,
        "Gross Profit": 14841545.0,
        "Cost Of Revenue": 4442822.0,
        "Total Revenue": 19284367.0,
        "Operating Revenue": 16308698.0
    },
    "2024-12-31": {
        "Tax Effect Of Unusual Items": -12850.534233,
        "Tax Rate For Calcs": 0.261115,
        "Normalized EBITDA": 945505.0,
        "Total Unusual Items": -49214.0,
        "Total Unusual Items Excluding Goodwill": -49214.0,
        "Net Income From Continuing Operation Net Minority Interest": -1245404.0,
        "Reconciled Depreciation": 944807.0,
        "Reconciled Cost Of Revenue": 2388118.0,
        "EBITDA": 896291.0,
        "EBIT": -48516.0,
        "Net Interest Income": 478835.0,
        "Interest Income": 478835.0,
        "Normalized Income": -1209040.534233,
        "Net Income From Continuing And Discontinued Operation": -1245404.0,
        "Total Expenses": 12026053.0,
        "Total Operating Income As Reported": -97730.0,
        "Diluted Average Shares": NaN,
        "Basic Average Shares": NaN,
        "Diluted EPS": NaN,
        "Basic EPS": NaN,
        "Diluted NI Availto Com Stockholders": -1245404.0,
        "Net Income Common Stockholders": -1245404.0,
        "Net Income": -1245404.0,
        "Net Income Including Noncontrolling Interests": -1245404.0,
        "Net Income Continuous Operations": -1245404.0,
        "Tax Provision": -440115.0,
        "Pretax Income": -1685519.0,
        "Other Income Expense": -2115838.0,
        "Special Income Charges": -49214.0,
        "Gain On Sale Of Ppe": -49214.0,
        "Earnings From Equity Interest": -2066624.0,
        "Net Non Operating Interest Income Expense": 478835.0,
        "Interest Income Non Operating": 478835.0,
        "Operating Income": -48516.0,
        "Operating Expense": 9637935.0,
        "Other Operating Expenses": 1649602.0,
        "Depreciation Amortization Depletion Income Statement": 944807.0,
        "Depreciation And Amortization In Income Statement": 944807.0,
        "Selling General And Administration": 7043526.0,
        "Selling And Marketing Expense": 134868.0,
        "General And Administrative Expense": 6908658.0,
        "Other Gand A": 1047567.0,
        "Salaries And Wages": 5861091.0,
        "Gross Profit": 9589419.0,
        "Cost Of Revenue": 2388118.0,
        "Total Revenue": 11977537.0,
        "Operating Revenue": 11158445.0
    },
    "2025-03-31": {
        "Tax Effect Of Unusual Items": 0.0,
        "Tax Rate For Calcs": 0.376918,
        "Normalized EBITDA": 1581159.0,
        "Total Unusual Items": NaN,
        "Total Unusual Items Excluding Goodwill": NaN,
        "Net Income From Continuing Operation Net Minority Interest": -299210.0,
        "Reconciled Depreciation": 931488.0,
        "Reconciled Cost Of Revenue": 2225798.0,
        "EBITDA": 1581159.0,
        "EBIT": 649671.0,
        "Net Interest Income": 443281.0,
        "Interest Income": 443281.0,
        "Normalized Income": -299210.0,
        "Net Income From Continuing And Discontinued Operation": -299210.0,
        "Total Expenses": 12491961.0,
        "Total Operating Income As Reported": 649671.0,
        "Diluted Average Shares": 5039464.0,
        "Basic Average Shares": 5039464.0,
        "Diluted EPS": -0.06,
        "Basic EPS": -0.06,
        "Diluted NI Availto Com Stockholders": -299210.0,
        "Net Income Common Stockholders": -299210.0,
        "Net Income": -299210.0,
        "Net Income Including Noncontrolling Interests": -299210.0,
        "Net Income Continuous Operations": -299210.0,
        "Tax Provision": -181000.0,
        "Pretax Income": -480210.0,
        "Other Income Expense": -1573162.0,
        "Special Income Charges": NaN,
        "Gain On Sale Of Ppe": NaN,
        "Earnings From Equity Interest": -1573162.0,
        "Net Non Operating Interest Income Expense": 443281.0,
        "Interest Income Non Operating": 443281.0,
        "Operating Income": 649671.0,
        "Operating Expense": 10266163.0,
        "Other Operating Expenses": 1636030.0,
        "Depreciation Amortization Depletion Income Statement": 931488.0,
        "Depreciation And Amortization In Income Statement": 931488.0,
        "Selling General And Administration": 7698645.0,
        "Selling And Marketing Expense": 177075.0,
        "General And Administrative Expense": 7521570.0,
        "Other Gand A": 1210865.0,
        "Salaries And Wages": 6310705.0,
        "Gross Profit": 10915834.0,
        "Cost Of Revenue": 2225798.0,
        "Total Revenue": 13141632.0,
        "Operating Revenue": 11895396.0
    }
}