{
    "2023-03-31": {
        "Tax Effect Of Unusual Items": NaN,
        "Tax Rate For Calcs": NaN,
        "Normalized EBITDA": NaN,
        "Total Unusual Items": NaN,
        "Total Unusual Items Excluding Goodwill": NaN,
        "Net Income From Continuing Operation Net Minority Interest": NaN,
        "Reconciled Depreciation": NaN,
        "Reconciled Cost Of Revenue": NaN,
        "EBITDA": NaN,
        "EBIT": NaN,
        "Net Interest Income": NaN,
        "Interest Expense": NaN,
        "Interest Income": NaN,
        "Normalized Income": NaN,
        "Net Income From Continuing And Discontinued Operation": NaN,
        "Total Expenses": NaN,
        "Total Operating Income As Reported": NaN,
        "Diluted Average Shares": NaN,
        "Basic Average Shares": NaN,
        "Diluted EPS": NaN,
        "Basic EPS": NaN,
        "Diluted NI Availto Com Stockholders": NaN,
        "Net Income Common Stockholders": NaN,
        "Net Income": NaN,
        "Minority Interests": NaN,
        "Net Income Including Noncontrolling Interests": NaN,
        "Net Income Continuous Operations": NaN,
        "Tax Provision": NaN,
        "Pretax Income": NaN,
        "Other Income Expense": 1847065.0,
        "Other Non Operating Income Expenses": 1847065.0,
        "Special Income Charges": NaN,
        "Other Special Charges": NaN,
        "Net Non Operating Interest Income Expense": NaN,
        "Interest Expense Non Operating": NaN,
        "Interest Income Non Operating": NaN,
        "Operating Income": NaN,
        "Operating Expense": NaN,
        "Depreciation Amortization Depletion Income Statement": NaN,
        "Depreciation And Amortization In Income Statement": NaN,
        "Amortization": NaN,
        "Amortization Of Intangibles Income Statement": NaN,
        "Research And Development": NaN,
        "Selling General And Administration": NaN,
        "Selling And Marketing Expense": NaN,
        "General And Administrative Expense": NaN,
        "Other Gand A": NaN,
        "Gross Profit": NaN,
        "Cost Of Revenue": NaN,
        "Total Revenue": NaN,
        "Operating Revenue": NaN
    },
    "2022-12-31": {
        "Tax Effect Of Unusual Items": NaN,
        "Tax Rate For Calcs": NaN,
        "Normalized EBITDA": NaN,
        "Total Unusual Items": 0.0,
        "Total Unusual Items Excluding Goodwill": 0.0,
        "Net Income From Continuing Operation Net Minority Interest": NaN,
        "Reconciled Depreciation": NaN,
        "Reconciled Cost Of Revenue": NaN,
        "EBITDA": NaN,
        "EBIT": NaN,
        "Net Interest Income": NaN,
        "Interest Expense": NaN,
        "Interest Income": NaN,
        "Normalized Income": NaN,
        "Net Income From Continuing And Discontinued Operation": NaN,
        "Total Expenses": NaN,
        "Total Operating Income As Reported": NaN,
        "Diluted Average Shares": NaN,
        "Basic Average Shares": NaN,
        "Diluted EPS": NaN,
        "Basic EPS": NaN,
        "Diluted NI Availto Com Stockholders": NaN,
        "Net Income Common Stockholders": NaN,
        "Net Income": NaN,
        "Minority Interests": NaN,
        "Net Income Including Noncontrolling Interests": NaN,
        "Net Income Discontinuous Operations": 0.0,
        "Net Income Continuous Operations": NaN,
        "Tax Provision": NaN,
        "Pretax Income": NaN,
        "Other Income Expense": 0.0,
        "Other Non Operating Income Expenses": NaN,
        "Special Income Charges": 0.0,
        "Other Special Charges": 0.0,
        "Net Non Operating Interest Income Expense": NaN,
        "Interest Expense Non Operating": NaN,
        "Interest Income Non Operating": NaN,
        "Operating Income": NaN,
        "Operating Expense": NaN,
        "Depreciation Amortization Depletion Income Statement": NaN,
        "Depreciation And Amortization In Income Statement": NaN,
        "Amortization": NaN,
        "Amortization Of Intangibles Income Statement": NaN,
        "Research And Development": NaN,
        "Selling General And Administration": NaN,
        "Selling And Marketing Expense": NaN,
        "General And Administrative Expense": NaN,
        "Other Gand A": NaN,
        "Gross Profit": NaN,
        "Cost Of Revenue": NaN,
        "Total Revenue": NaN,
        "Operating Revenue": NaN
    },
    "2022-09-30": {
        "Tax Effect Of Unusual Items": NaN,
        "Tax Rate For Calcs": NaN,
        "Normalized EBITDA": NaN,
        "Total Unusual Items": 0.0,
        "Total Unusual Items Excluding Goodwill": 0.0,
        "Net Income From Continuing Operation Net Minority Interest": NaN,
        "Reconciled Depreciation": NaN,
        "Reconciled Cost Of Revenue": NaN,
        "EBITDA": NaN,
        "EBIT": NaN,
        "Net Interest Income": NaN,
        "Interest Expense": NaN,
        "Interest Income": NaN,
        "Normalized Income": NaN,
        "Net Income From Continuing And Discontinued Operation": NaN,
        "Total Expenses": NaN,
        "Total Operating Income As Reported": NaN,
        "Diluted Average Shares": NaN,
        "Basic Average Shares": NaN,
        "Diluted EPS": NaN,
        "Basic EPS": NaN,
        "Diluted NI Availto Com Stockholders": NaN,
        "Net Income Common Stockholders": NaN,
        "Net Income": NaN,
        "Minority Interests": NaN,
        "Net Income Including Noncontrolling Interests": NaN,
        "Net Income Discontinuous Operations": 0.0,
        "Net Income Continuous Operations": NaN,
        "Tax Provision": NaN,
        "Pretax Income": NaN,
        "Other Income Expense": NaN,
        "Other Non Operating Income Expenses": NaN,
        "Special Income Charges": 0.0,
        "Other Special Charges": NaN,
        "Net Non Operating Interest Income Expense": NaN,
        "Interest Expense Non Operating": NaN,
        "Interest Income Non Operating": NaN,
        "Operating Income": NaN,
        "Operating Expense": NaN,
        "Depreciation Amortization Depletion Income Statement": NaN,
        "Depreciation And Amortization In Income Statement": NaN,
        "Amortization": NaN,
        "Amortization Of Intangibles Income Statement": NaN,
        "Research And Development": NaN,
        "Selling General And Administration": NaN,
        "Selling And Marketing Expense": NaN,
        "General And Administrative Expense": NaN,
        "Other Gand A": NaN,
        "Gross Profit": NaN,
        "Cost Of Revenue": NaN,
        "Total Revenue": NaN,
        "Operating Revenue": NaN
    },
    "2022-06-30": {
        "Tax Effect Of Unusual Items": 244532.0,
        "Tax Rate For Calcs": 0.4,
        "Normalized EBITDA": -213133.0,
        "Total Unusual Items": 611330.0,
        "Total Unusual Items Excluding Goodwill": 611330.0,
        "Net Income From Continuing Operation Net Minority Interest": -1335620.0,
        "Reconciled Depreciation": 1618339.0,
        "Reconciled Cost Of Revenue": 1942998.0,
        "EBITDA": 398197.0,
        "EBIT": -1220142.0,
        "Net Interest Income": -122558.0,
        "Interest Expense": 137624.0,
        "Interest Income": 15066.0,
        "Normalized Income": -1702418.0,
        "Net Income From Continuing And Discontinued Operation": -1335620.0,
        "Total Expenses": 12145690.0,
        "Total Operating Income As Reported": -1846538.0,
        "Diluted Average Shares": 14688505.0,
        "Basic Average Shares": 14688505.0,
        "Diluted EPS": -0.09,
        "Basic EPS": -0.09,
        "Diluted NI Availto Com Stockholders": -1335620.0,
        "Net Income Common Stockholders": -1335620.0,
        "Net Income": -1335620.0,
        "Minority Interests": 29046.0,
        "Net Income Including Noncontrolling Interests": -1364666.0,
        "Net Income Discontinuous Operations": 0.0,
        "Net Income Continuous Operations": -1364666.0,
        "Tax Provision": 6900.0,
        "Pretax Income": -1357766.0,
        "Other Income Expense": 611330.0,
        "Other Non Operating Income Expenses": NaN,
        "Special Income Charges": 611330.0,
        "Other Special Charges": -611330.0,
        "Net Non Operating Interest Income Expense": -122558.0,
        "Interest Expense Non Operating": 137624.0,
        "Interest Income Non Operating": 15066.0,
        "Operating Income": -1846538.0,
        "Operating Expense": 10113806.0,
        "Depreciation Amortization Depletion Income Statement": 1529453.0,
        "Depreciation And Amortization In Income Statement": 1529453.0,
        "Amortization": 1529453.0,
        "Amortization Of Intangibles Income Statement": 1529453.0,
        "Research And Development": 1823693.0,
        "Selling General And Administration": 6760660.0,
        "Selling And Marketing Expense": 4556685.0,
        "General And Administrative Expense": 2203975.0,
        "Other Gand A": 2203975.0,
        "Gross Profit": 8267268.0,
        "Cost Of Revenue": 2031884.0,
        "Total Revenue": 10299152.0,
        "Operating Revenue": 10299152.0
    },
    "2022-03-31": {
        "Diluted EPS": -0.09,
        "Total Revenue": 11,
        "Gross Profit": 9,
        "Operating Income": -1,
        "EBIT": 0,
        "Net Income": -1
    },
    "2021-12-31": {
        "Diluted EPS": -0.26,
        "Total Revenue": 8,
        "Gross Profit": 5,
        "Operating Income": -4,
        "EBIT": -3,
        "Net Income": -4
    },
    "2021-09-30": {
        "Diluted EPS": -0.07,
        "Total Revenue": 8,
        "Gross Profit": 7,
        "Operating Income": -2,
        "EBIT": 0,
        "Net Income": -1
    },
    "2021-06-30": {
        "Diluted EPS": 0.08,
        "Total Revenue": 9,
        "Gross Profit": 7,
        "Operating Income": -1,
        "EBIT": 0,
        "Net Income": 1
    },
    "2021-03-31": {
        "Diluted EPS": 0.01,
        "Total Revenue": 11,
        "Gross Profit": 8,
        "Operating Income": 0,
        "EBIT": 1,
        "Net Income": 0
    },
    "2020-12-31": {
        "Diluted EPS": -0.06,
        "Total Revenue": 10,
        "Gross Profit": 8,
        "Operating Income": -2,
        "EBIT": -1,
        "Net Income": -1
    },
    "2020-09-30": {
        "Diluted EPS": -0.03,
        "Total Revenue": 9,
        "Gross Profit": 7,
        "Operating Income": -1,
        "EBIT": 0,
        "Net Income": 0
    },
    "2020-06-30": {
        "Diluted EPS": -0.06,
        "Total Revenue": 10,
        "Gross Profit": 7,
        "Operating Income": -2,
        "EBIT": 0,
        "Net Income": -1
    },
    "2020-03-31": {
        "Diluted EPS": -0.07,
        "Total Revenue": 8,
        "Gross Profit": 7,
        "Operating Income": -2,
        "EBIT": -1,
        "Net Income": -1
    },
    "2019-12-31": {
        "Diluted EPS": -0.06,
        "Total Revenue": 9,
        "Gross Profit": 7,
        "Operating Income": -3,
        "EBIT": -2,
        "Net Income": -1
    },
    "2019-09-30": {
        "Diluted EPS": -0.13,
        "Total Revenue": 7,
        "Gross Profit": 5,
        "Operating Income": -3,
        "EBIT": -2,
        "Net Income": -2
    },
    "2019-06-30": {
        "Diluted EPS": -0.04,
        "Total Revenue": 9,
        "Gross Profit": 8,
        "Operating Income": -1,
        "EBIT": 0,
        "Net Income": -1
    },
    "2019-03-31": {
        "Diluted EPS": 0.0,
        "Total Revenue": 9,
        "Gross Profit": 7,
        "Operating Income": -1,
        "EBIT": 0,
        "Net Income": 0
    },
    "2018-12-31": {
        "Diluted EPS": -0.14,
        "Total Revenue": 2,
        "Gross Profit": 1,
        "Operating Income": -6,
        "EBIT": -5,
        "Net Income": -2
    },
    "2018-09-30": {
        "Diluted EPS": -0.11,
        "Total Revenue": 8,
        "Gross Profit": 7,
        "Operating Income": -2,
        "EBIT": -1,
        "Net Income": -2
    },
    "2018-06-30": {
        "Diluted EPS": -0.05,
        "Total Revenue": 10,
        "Gross Profit": 9,
        "Operating Income": -1,
        "EBIT": 0,
        "Net Income": -1
    },
    "2018-03-31": {
        "Diluted EPS": -0.15,
        "Total Revenue": 9,
        "Gross Profit": 7,
        "Operating Income": -2,
        "EBIT": -2,
        "Net Income": -2
    },
    "2017-12-31": {
        "Diluted EPS": -0.05,
        "Total Revenue": 12,
        "Gross Profit": 9,
        "Operating Income": -1,
        "EBIT": 0,
        "Net Income": -1
    },
    "2017-09-30": {
        "Diluted EPS": -0.05,
        "Total Revenue": 11,
        "Gross Profit": 9,
        "Operating Income": -1,
        "EBIT": 0,
        "Net Income": -1
    },
    "2017-06-30": {
        "Diluted EPS": -0.32,
        "Total Revenue": 9,
        "Gross Profit": 7,
        "Operating Income": -2,
        "EBIT": -1,
        "Net Income": -5
    },
    "2017-03-31": {
        "Diluted EPS": -0.08,
        "Total Revenue": 10,
        "Gross Profit": 8,
        "Operating Income": -1,
        "EBIT": 0,
        "Net Income": -1
    },
    "2016-12-31": {
        "Diluted EPS": -0.05,
        "Total Revenue": 9,
        "Gross Profit": 7,
        "Operating Income": -1,
        "EBIT": 0,
        "Net Income": -1
    },
    "2016-09-30": {
        "Diluted EPS": 0.01,
        "Total Revenue": 9,
        "Gross Profit": 7,
        "Operating Income": 0,
        "EBIT": 1,
        "Net Income": 0
    },
    "2016-06-30": {
        "Diluted EPS": -0.0,
        "Total Revenue": 7,
        "Gross Profit": 6,
        "Operating Income": 0,
        "EBIT": 0,
        "Net Income": 0
    },
    "2016-03-31": {
        "Diluted EPS": -0.02,
        "Total Revenue": 8,
        "Gross Profit": 7,
        "Operating Income": -1,
        "EBIT": 0,
        "Net Income": 0
    },
    "2015-12-31": {
        "Diluted EPS": 0.01,
        "Total Revenue": 8,
        "Gross Profit": 6,
        "Operating Income": 0,
        "EBIT": 1,
        "Net Income": 0
    },
    "2015-09-30": {
        "Diluted EPS": 0.01,
        "Total Revenue": 8,
        "Gross Profit": 7,
        "Operating Income": 0,
        "EBIT": 1,
        "Net Income": 0
    },
    "2015-06-30": {
        "Diluted EPS": 0.02,
        "Total Revenue": 9,
        "Gross Profit": 8,
        "Operating Income": 1,
        "EBIT": 1,
        "Net Income": 0
    },
    "2015-03-31": {
        "Diluted EPS": 0.0,
        "Total Revenue": 9,
        "Gross Profit": 8,
        "Operating Income": 0,
        "EBIT": 1,
        "Net Income": 0
    },
    "2014-12-31": {
        "Diluted EPS": 0.04,
        "Total Revenue": 9,
        "Gross Profit": 8,
        "Operating Income": 1,
        "EBIT": 2,
        "Net Income": 1
    },
    "2014-09-30": {
        "Diluted EPS": 0.04,
        "Total Revenue": 10,
        "Gross Profit": 8,
        "Operating Income": 1,
        "EBIT": 2,
        "Net Income": 1
    },
    "2014-06-30": {
        "Diluted EPS": 0.04,
        "Total Revenue": 10,
        "Gross Profit": 8,
        "Operating Income": 1,
        "EBIT": 2,
        "Net Income": 1
    },
    "2014-03-31": {
        "Diluted EPS": 0.02,
        "Total Revenue": 8,
        "Gross Profit": 7,
        "Operating Income": 0,
        "EBIT": 1,
        "Net Income": 0
    },
    "2013-12-31": {
        "Diluted EPS": -0.09,
        "Total Revenue": 8,
        "Gross Profit": 6,
        "Operating Income": -2,
        "EBIT": -2,
        "Net Income": -2
    },
    "2013-09-30": {
        "Diluted EPS": -0.04,
        "Total Revenue": 7,
        "Gross Profit": 5,
        "Operating Income": -2,
        "EBIT": -1,
        "Net Income": -1
    },
    "2013-06-30": {
        "Diluted EPS": -0.03,
        "Total Revenue": 7,
        "Gross Profit": 6,
        "Operating Income": -1,
        "EBIT": -1,
        "Net Income": -1
    },
    "2013-03-31": {
        "Diluted EPS": 0.05,
        "Total Revenue": 10,
        "Gross Profit": 9,
        "Operating Income": 1,
        "EBIT": 2,
        "Net Income": 1
    },
    "2012-12-31": {
        "Diluted EPS": 0.09,
        "Total Revenue": 14,
        "Gross Profit": 12,
        "Operating Income": 3,
        "EBIT": 3,
        "Net Income": 2
    },
    "2012-09-30": {
        "Diluted EPS": 0.1,
        "Total Revenue": 13,
        "Gross Profit": 12,
        "Operating Income": 3,
        "EBIT": 3,
        "Net Income": 2
    },
    "2012-06-30": {
        "Diluted EPS": 0.09,
        "Total Revenue": 12,
        "Gross Profit": 11,
        "Operating Income": 2,
        "EBIT": 2,
        "Net Income": 2
    },
    "2012-03-31": {
        "Diluted EPS": 0.02,
        "Total Revenue": 10,
        "Gross Profit": 9,
        "Operating Income": 1,
        "EBIT": 1,
        "Net Income": 0
    },
    "2011-12-31": {
        "Diluted EPS": 0.05,
        "Total Revenue": 13,
        "Gross Profit": 11,
        "Operating Income": 2,
        "EBIT": 2,
        "Net Income": 1
    },
    "2011-09-30": {
        "Diluted EPS": 0.09,
        "Total Revenue": 13,
        "Gross Profit": 12,
        "Operating Income": 3,
        "EBIT": 3,
        "Net Income": 2
    },
    "2011-06-30": {
        "Diluted EPS": 0.11,
        "Total Revenue": 14,
        "Gross Profit": 13,
        "Operating Income": 4,
        "EBIT": 4,
        "Net Income": 2
    },
    "2011-03-31": {
        "Diluted EPS": 0.03,
        "Total Revenue": 11,
        "Gross Profit": 10,
        "Operating Income": 1,
        "EBIT": 2,
        "Net Income": 1
    },
    "2010-12-31": {
        "Diluted EPS": 0.04,
        "Total Revenue": 13,
        "Gross Profit": 12,
        "Operating Income": 2,
        "EBIT": 2,
        "Net Income": 1
    },
    "2010-09-30": {
        "Diluted EPS": 0.05,
        "Total Revenue": 12,
        "Gross Profit": 11,
        "Operating Income": 2,
        "EBIT": 3,
        "Net Income": 1
    },
    "2010-06-30": {
        "Diluted EPS": 0.01,
        "Total Revenue": 11,
        "Gross Profit": 10,
        "Operating Income": 1,
        "EBIT": 1,
        "Net Income": 0
    },
    "2010-03-31": {
        "Diluted EPS": 0.02,
        "Total Revenue": 10,
        "Gross Profit": 9,
        "Operating Income": 1,
        "EBIT": 1,
        "Net Income": 0
    },
    "2009-12-31": {
        "Diluted EPS": 0.0,
        "Total Revenue": 11,
        "Gross Profit": 10,
        "Operating Income": 1,
        "EBIT": 1,
        "Net Income": 0
    },
    "2009-09-30": {
        "Diluted EPS": 0.07,
        "Total Revenue": 14,
        "Gross Profit": 12,
        "Operating Income": 2,
        "EBIT": 3,
        "Net Income": 1
    },
    "2009-06-30": {
        "Diluted EPS": 0.02,
        "Total Revenue": 10,
        "Gross Profit": 9,
        "Operating Income": 1,
        "EBIT": 1,
        "Net Income": 0
    },
    "2009-03-31": {
        "Diluted EPS": 0.08,
        "Total Revenue": 9,
        "Gross Profit": 9,
        "Operating Income": 2,
        "EBIT": 2,
        "Net Income": 1
    },
    "2023-06-30": {
        "Tax Effect Of Unusual Items": NaN,
        "Tax Rate For Calcs": NaN,
        "Normalized EBITDA": NaN,
        "Total Unusual Items": 0.0,
        "Total Unusual Items Excluding Goodwill": 0.0,
        "Net Income From Continuing Operation Net Minority Interest": NaN,
        "Reconciled Depreciation": NaN,
        "Reconciled Cost Of Revenue": NaN,
        "EBITDA": NaN,
        "EBIT": NaN,
        "Net Interest Income": NaN,
        "Interest Expense": NaN,
        "Interest Income": NaN,
        "Normalized Income": NaN,
        "Net Income From Continuing And Discontinued Operation": NaN,
        "Total Expenses": NaN,
        "Total Operating Income As Reported": NaN,
        "Diluted Average Shares": NaN,
        "Basic Average Shares": NaN,
        "Diluted EPS": NaN,
        "Basic EPS": NaN,
        "Diluted NI Availto Com Stockholders": NaN,
        "Net Income Common Stockholders": NaN,
        "Net Income": NaN,
        "Minority Interests": NaN,
        "Net Income Including Noncontrolling Interests": NaN,
        "Net Income Continuous Operations": NaN,
        "Tax Provision": NaN,
        "Pretax Income": NaN,
        "Other Income Expense": 981806.0,
        "Other Non Operating Income Expenses": 981806.0,
        "Special Income Charges": 0.0,
        "Other Special Charges": NaN,
        "Net Non Operating Interest Income Expense": NaN,
        "Interest Expense Non Operating": NaN,
        "Interest Income Non Operating": NaN,
        "Operating Income": NaN,
        "Operating Expense": NaN,
        "Depreciation Amortization Depletion Income Statement": NaN,
        "Depreciation And Amortization In Income Statement": NaN,
        "Amortization": NaN,
        "Amortization Of Intangibles Income Statement": NaN,
        "Research And Development": NaN,
        "Selling General And Administration": NaN,
        "Selling And Marketing Expense": NaN,
        "General And Administrative Expense": NaN,
        "Other Gand A": NaN,
        "Gross Profit": NaN,
        "Cost Of Revenue": NaN,
        "Total Revenue": NaN,
        "Operating Revenue": NaN
    },
    "2023-09-30": {
        "Tax Effect Of Unusual Items": NaN,
        "Tax Rate For Calcs": NaN,
        "Normalized EBITDA": NaN,
        "Total Unusual Items": 821800.0,
        "Total Unusual Items Excluding Goodwill": 821800.0,
        "Net Income From Continuing Operation Net Minority Interest": NaN,
        "Reconciled Depreciation": NaN,
        "Reconciled Cost Of Revenue": NaN,
        "EBITDA": NaN,
        "EBIT": NaN,
        "Net Interest Income": NaN,
        "Interest Expense": NaN,
        "Interest Income": NaN,
        "Normalized Income": NaN,
        "Net Income From Continuing And Discontinued Operation": NaN,
        "Total Expenses": NaN,
        "Total Operating Income As Reported": NaN,
        "Diluted Average Shares": NaN,
        "Basic Average Shares": NaN,
        "Diluted EPS": NaN,
        "Basic EPS": NaN,
        "Diluted NI Availto Com Stockholders": NaN,
        "Net Income Common Stockholders": NaN,
        "Net Income": NaN,
        "Minority Interests": NaN,
        "Net Income Including Noncontrolling Interests": NaN,
        "Net Income Continuous Operations": NaN,
        "Tax Provision": NaN,
        "Pretax Income": NaN,
        "Other Income Expense": 821800.0,
        "Other Non Operating Income Expenses": NaN,
        "Special Income Charges": 821800.0,
        "Other Special Charges": -821800.0,
        "Net Non Operating Interest Income Expense": NaN,
        "Interest Expense Non Operating": NaN,
        "Interest Income Non Operating": NaN,
        "Operating Income": NaN,
        "Operating Expense": NaN,
        "Depreciation Amortization Depletion Income Statement": NaN,
        "Depreciation And Amortization In Income Statement": NaN,
        "Amortization": NaN,
        "Amortization Of Intangibles Income Statement": NaN,
        "Research And Development": NaN,
        "Selling General And Administration": NaN,
        "Selling And Marketing Expense": NaN,
        "General And Administrative Expense": NaN,
        "Other Gand A": NaN,
        "Gross Profit": NaN,
        "Cost Of Revenue": NaN,
        "Total Revenue": NaN,
        "Operating Revenue": NaN
    },
    "2023-12-31": {
        "Tax Effect Of Unusual Items": NaN,
        "Tax Rate For Calcs": NaN,
        "Normalized EBITDA": NaN,
        "Total Unusual Items": 0.0,
        "Total Unusual Items Excluding Goodwill": 0.0,
        "Net Income From Continuing Operation Net Minority Interest": NaN,
        "Reconciled Depreciation": NaN,
        "Reconciled Cost Of Revenue": NaN,
        "EBITDA": NaN,
        "EBIT": NaN,
        "Net Interest Income": NaN,
        "Interest Expense": NaN,
        "Interest Income": NaN,
        "Normalized Income": NaN,
        "Net Income From Continuing And Discontinued Operation": NaN,
        "Total Expenses": NaN,
        "Total Operating Income As Reported": NaN,
        "Diluted Average Shares": NaN,
        "Basic Average Shares": NaN,
        "Diluted EPS": NaN,
        "Basic EPS": NaN,
        "Diluted NI Availto Com Stockholders": NaN,
        "Net Income Common Stockholders": NaN,
        "Net Income": NaN,
        "Minority Interests": NaN,
        "Net Income Including Noncontrolling Interests": NaN,
        "Net Income Continuous Operations": NaN,
        "Tax Provision": NaN,
        "Pretax Income": NaN,
        "Other Income Expense": 0.0,
        "Other Non Operating Income Expenses": 0.0,
        "Special Income Charges": 0.0,
        "Other Special Charges": 0.0,
        "Net Non Operating Interest Income Expense": NaN,
        "Interest Expense Non Operating": NaN,
        "Interest Income Non Operating": NaN,
        "Operating Income": NaN,
        "Operating Expense": NaN,
        "Depreciation Amortization Depletion Income Statement": NaN,
        "Depreciation And Amortization In Income Statement": NaN,
        "Amortization": NaN,
        "Amortization Of Intangibles Income Statement": NaN,
        "Research And Development": NaN,
        "Selling General And Administration": NaN,
        "Selling And Marketing Expense": NaN,
        "General And Administrative Expense": NaN,
        "Other Gand A": NaN,
        "Gross Profit": NaN,
        "Cost Of Revenue": NaN,
        "Total Revenue": NaN,
        "Operating Revenue": NaN
    },
    "2024-03-31": {
        "Tax Effect Of Unusual Items": 0.0,
        "Tax Rate For Calcs": 0.21,
        "Normalized EBITDA": -336635.0,
        "Total Unusual Items": NaN,
        "Total Unusual Items Excluding Goodwill": NaN,
        "Net Income From Continuing Operation Net Minority Interest": -1946263.0,
        "Reconciled Depreciation": 1435869.0,
        "Reconciled Cost Of Revenue": 1250334.0,
        "EBITDA": -336635.0,
        "EBIT": -1772504.0,
        "Net Interest Income": -21780.0,
        "Interest Expense": 118526.0,
        "Interest Income": 96746.0,
        "Normalized Income": -1946263.0,
        "Net Income From Continuing And Discontinued Operation": -1946263.0,
        "Total Expenses": 10366951.0,
        "Total Operating Income As Reported": -1869250.0,
        "Diluted Average Shares": 14098022.0,
        "Basic Average Shares": 14098022.0,
        "Diluted EPS": -0.14,
        "Basic EPS": -0.14,
        "Diluted NI Availto Com Stockholders": -1946263.0,
        "Net Income Common Stockholders": -1946263.0,
        "Net Income": -1946263.0,
        "Minority Interests": -43791.0,
        "Net Income Including Noncontrolling Interests": -1902472.0,
        "Net Income Continuous Operations": -1902472.0,
        "Tax Provision": 11442.0,
        "Pretax Income": -1891030.0,
        "Other Income Expense": NaN,
        "Other Non Operating Income Expenses": NaN,
        "Special Income Charges": NaN,
        "Other Special Charges": NaN,
        "Net Non Operating Interest Income Expense": -21780.0,
        "Interest Expense Non Operating": 118526.0,
        "Interest Income Non Operating": 96746.0,
        "Operating Income": -1869250.0,
        "Operating Expense": 8791409.0,
        "Depreciation Amortization Depletion Income Statement": 1110661.0,
        "Depreciation And Amortization In Income Statement": 1110661.0,
        "Amortization": 1110661.0,
        "Amortization Of Intangibles Income Statement": 1110661.0,
        "Research And Development": 1158253.0,
        "Selling General And Administration": 6522495.0,
        "Selling And Marketing Expense": 4154588.0,
        "General And Administrative Expense": 2367907.0,
        "Other Gand A": 2367907.0,
        "Gross Profit": 6922159.0,
        "Cost Of Revenue": 1575542.0,
        "Total Revenue": 8497701.0,
        "Operating Revenue": 8222372.0
    },
    "2024-06-30": {
        "Tax Effect Of Unusual Items": 0.0,
        "Tax Rate For Calcs": 0.21,
        "Normalized EBITDA": 459783.0,
        "Total Unusual Items": NaN,
        "Total Unusual Items Excluding Goodwill": NaN,
        "Net Income From Continuing Operation Net Minority Interest": -1085612.0,
        "Reconciled Depreciation": 1424630.0,
        "Reconciled Cost Of Revenue": 1386171.0,
        "EBITDA": 459783.0,
        "EBIT": -964847.0,
        "Net Interest Income": -64506.0,
        "Interest Expense": 126347.0,
        "Interest Income": 61841.0,
        "Normalized Income": -1085612.0,
        "Net Income From Continuing And Discontinued Operation": -1085612.0,
        "Total Expenses": 10875537.0,
        "Total Operating Income As Reported": -1026688.0,
        "Diluted Average Shares": NaN,
        "Basic Average Shares": NaN,
        "Diluted EPS": NaN,
        "Basic EPS": NaN,
        "Diluted NI Availto Com Stockholders": -1085612.0,
        "Net Income Common Stockholders": -1085612.0,
        "Net Income": -1085612.0,
        "Minority Interests": 17025.0,
        "Net Income Including Noncontrolling Interests": -1102637.0,
        "Net Income Continuous Operations": -1102637.0,
        "Tax Provision": 11443.0,
        "Pretax Income": -1091194.0,
        "Other Income Expense": NaN,
        "Special Income Charges": NaN,
        "Other Special Charges": NaN,
        "Net Non Operating Interest Income Expense": -64506.0,
        "Interest Expense Non Operating": 126347.0,
        "Interest Income Non Operating": 61841.0,
        "Operating Income": -1026688.0,
        "Operating Expense": 9164593.0,
        "Depreciation Amortization Depletion Income Statement": 1099857.0,
        "Depreciation And Amortization In Income Statement": 1099857.0,
        "Amortization": 1099857.0,
        "Amortization Of Intangibles Income Statement": 1099857.0,
        "Research And Development": 1059187.0,
        "Selling General And Administration": 7005549.0,
        "Selling And Marketing Expense": 4248401.0,
        "General And Administrative Expense": 2757148.0,
        "Other Gand A": 2757148.0,
        "Gross Profit": 8137905.0,
        "Cost Of Revenue": 1710944.0,
        "Total Revenue": 9848849.0,
        "Operating Revenue": 9635057.0
    },
    "2024-09-30": {
        "Tax Effect Of Unusual Items": 49788.69,
        "Tax Rate For Calcs": 0.21,
        "Normalized EBITDA": -224022.0,
        "Total Unusual Items": 237089.0,
        "Total Unusual Items Excluding Goodwill": 237089.0,
        "Net Income From Continuing Operation Net Minority Interest": -1544081.0,
        "Reconciled Depreciation": 1401220.0,
        "Reconciled Cost Of Revenue": 1000083.0,
        "EBITDA": 13067.0,
        "EBIT": -1388153.0,
        "Net Interest Income": -68184.0,
        "Interest Expense": 137374.0,
        "Interest Income": 69190.0,
        "Normalized Income": -1731381.31,
        "Net Income From Continuing And Discontinued Operation": -1544081.0,
        "Total Expenses": 10780258.0,
        "Total Operating Income As Reported": -1694432.0,
        "Diluted Average Shares": 14052754.0,
        "Basic Average Shares": 14052754.0,
        "Diluted EPS": -0.11,
        "Basic EPS": -0.11,
        "Diluted NI Availto Com Stockholders": -1544081.0,
        "Net Income Common Stockholders": -1544081.0,
        "Net Income": -1544081.0,
        "Minority Interests": -7112.0,
        "Net Income Including Noncontrolling Interests": -1536969.0,
        "Net Income Continuous Operations": -1536969.0,
        "Tax Provision": 11442.0,
        "Pretax Income": -1525527.0,
        "Other Income Expense": 237089.0,
        "Special Income Charges": 237089.0,
        "Other Special Charges": -237089.0,
        "Net Non Operating Interest Income Expense": -68184.0,
        "Interest Expense Non Operating": 137374.0,
        "Interest Income Non Operating": 69190.0,
        "Operating Income": -1694432.0,
        "Operating Expense": 9457245.0,
        "Depreciation Amortization Depletion Income Statement": 1078290.0,
        "Depreciation And Amortization In Income Statement": 1078290.0,
        "Amortization": 1078290.0,
        "Amortization Of Intangibles Income Statement": 1078290.0,
        "Research And Development": 1306095.0,
        "Selling General And Administration": 7072860.0,
        "Selling And Marketing Expense": 4397480.0,
        "General And Administrative Expense": 2675380.0,
        "Other Gand A": 2675380.0,
        "Gross Profit": 7762813.0,
        "Cost Of Revenue": 1323013.0,
        "Total Revenue": 9085826.0,
        "Operating Revenue": 8461622.0
    },
    "2024-12-31": {
        "Tax Effect Of Unusual Items": 0.0,
        "Tax Rate For Calcs": 0.0291,
        "Normalized EBITDA": 46207.0,
        "Total Unusual Items": 0.0,
        "Total Unusual Items Excluding Goodwill": 0.0,
        "Net Income From Continuing Operation Net Minority Interest": -1903814.0,
        "Reconciled Depreciation": 1781579.0,
        "Reconciled Cost Of Revenue": 1654338.0,
        "EBITDA": 46207.0,
        "EBIT": -1735372.0,
        "Net Interest Income": -116594.0,
        "Interest Expense": 223261.0,
        "Interest Income": 106667.0,
        "Normalized Income": -1903814.0,
        "Net Income From Continuing And Discontinued Operation": -1903814.0,
        "Total Expenses": 12277608.0,
        "Total Operating Income As Reported": -1842039.0,
        "Diluted Average Shares": 13971228.0,
        "Basic Average Shares": 13971228.0,
        "Diluted EPS": -0.14,
        "Basic EPS": -0.14,
        "Diluted NI Availto Com Stockholders": -1903814.0,
        "Net Income Common Stockholders": -1903814.0,
        "Net Income": -1903814.0,
        "Minority Interests": -2177.0,
        "Net Income Including Noncontrolling Interests": -1901637.0,
        "Net Income Continuous Operations": -1901637.0,
        "Tax Provision": -56996.0,
        "Pretax Income": -1958633.0,
        "Other Income Expense": 0.0,
        "Special Income Charges": 0.0,
        "Other Special Charges": 0.0,
        "Net Non Operating Interest Income Expense": -116594.0,
        "Interest Expense Non Operating": 223261.0,
        "Interest Income Non Operating": 106667.0,
        "Operating Income": -1842039.0,
        "Operating Expense": 10301135.0,
        "Depreciation Amortization Depletion Income Statement": 1459444.0,
        "Depreciation And Amortization In Income Statement": 1459444.0,
        "Amortization": 1459444.0,
        "Amortization Of Intangibles Income Statement": 1459444.0,
        "Research And Development": 1292671.0,
        "Selling General And Administration": 7549020.0,
        "Selling And Marketing Expense": 4222554.0,
        "General And Administrative Expense": 3326466.0,
        "Other Gand A": 3326466.0,
        "Gross Profit": 8459096.0,
        "Cost Of Revenue": 1976473.0,
        "Total Revenue": 10435569.0,
        "Operating Revenue": 10218653.0
    },
    "2025-03-31": {
        "Tax Effect Of Unusual Items": 0.0,
        "Tax Rate For Calcs": 0.004522,
        "Normalized EBITDA": 2734424.0,
        "Total Unusual Items": NaN,
        "Total Unusual Items Excluding Goodwill": NaN,
        "Net Income From Continuing Operation Net Minority Interest": 1257068.0,
        "Reconciled Depreciation": 1316768.0,
        "Reconciled Cost Of Revenue": 1114276.0,
        "EBITDA": 2734424.0,
        "EBIT": 1417656.0,
        "Net Interest Income": -38093.0,
        "Interest Expense": 163802.0,
        "Interest Income": 125709.0,
        "Normalized Income": 1257068.0,
        "Net Income From Continuing And Discontinued Operation": 1257068.0,
        "Total Expenses": 10421108.0,
        "Total Operating Income As Reported": 1291947.0,
        "Diluted Average Shares": 15259824.0,
        "Basic Average Shares": 14942522.0,
        "Diluted EPS": 0.08,
        "Basic EPS": 0.08,
        "Diluted NI Availto Com Stockholders": 1257068.0,
        "Net Income Common Stockholders": 1257068.0,
        "Net Income": 1257068.0,
        "Minority Interests": 8884.0,
        "Net Income Including Noncontrolling Interests": 1248184.0,
        "Net Income Continuous Operations": 1248184.0,
        "Tax Provision": 5670.0,
        "Pretax Income": 1253854.0,
        "Other Income Expense": NaN,
        "Special Income Charges": NaN,
        "Other Special Charges": NaN,
        "Net Non Operating Interest Income Expense": -38093.0,
        "Interest Expense Non Operating": 163802.0,
        "Interest Income Non Operating": 125709.0,
        "Operating Income": 1291947.0,
        "Operating Expense": 8995394.0,
        "Depreciation Amortization Depletion Income Statement": 1005330.0,
        "Depreciation And Amortization In Income Statement": 1005330.0,
        "Amortization": 1005330.0,
        "Amortization Of Intangibles Income Statement": 1005330.0,
        "Research And Development": 1295076.0,
        "Selling General And Administration": 6694988.0,
        "Selling And Marketing Expense": 4231980.0,
        "General And Administrative Expense": 2463008.0,
        "Other Gand A": 2463008.0,
        "Gross Profit": 10287341.0,
        "Cost Of Revenue": 1425714.0,
        "Total Revenue": 11713055.0,
        "Operating Revenue": 8571426.0
    },
    "2025-06-30": {
        "Tax Effect Of Unusual Items": 0.0,
        "Tax Rate For Calcs": 0.21,
        "Normalized EBITDA": 699114.0,
        "Total Unusual Items": NaN,
        "Total Unusual Items Excluding Goodwill": NaN,
        "Net Income From Continuing Operation Net Minority Interest": -740740.0,
        "Reconciled Depreciation": 1319103.0,
        "Reconciled Cost Of Revenue": 1698770.0,
        "EBITDA": 699114.0,
        "EBIT": -619989.0,
        "Net Interest Income": 17942.0,
        "Interest Expense": 109547.0,
        "Interest Income": 127489.0,
        "Normalized Income": -740740.0,
        "Net Income From Continuing And Discontinued Operation": -740740.0,
        "Total Expenses": 11584841.0,
        "Total Operating Income As Reported": -747478.0,
        "Diluted Average Shares": 14960596.0,
        "Basic Average Shares": 14960596.0,
        "Diluted EPS": -0.05,
        "Basic EPS": -0.05,
        "Diluted NI Availto Com Stockholders": -740740.0,
        "Net Income Common Stockholders": -740740.0,
        "Net Income": -740740.0,
        "Minority Interests": -5533.0,
        "Net Income Including Noncontrolling Interests": -735207.0,
        "Net Income Continuous Operations": -735207.0,
        "Tax Provision": 5671.0,
        "Pretax Income": -729536.0,
        "Other Income Expense": NaN,
        "Special Income Charges": NaN,
        "Other Special Charges": NaN,
        "Net Non Operating Interest Income Expense": 17942.0,
        "Interest Expense Non Operating": 109547.0,
        "Interest Income Non Operating": 127489.0,
        "Operating Income": -747478.0,
        "Operating Expense": 9573452.0,
        "Depreciation Amortization Depletion Income Statement": 1006484.0,
        "Depreciation And Amortization In Income Statement": 1006484.0,
        "Amortization": 1006484.0,
        "Amortization Of Intangibles Income Statement": 1006484.0,
        "Research And Development": 1468399.0,
        "Selling General And Administration": 7098569.0,
        "Selling And Marketing Expense": 4223647.0,
        "General And Administrative Expense": 2874922.0,
        "Other Gand A": 2874922.0,
        "Gross Profit": 8825974.0,
        "Cost Of Revenue": 2011389.0,
        "Total Revenue": 10837363.0,
        "Operating Revenue": 10344973.0
    },
    "2025-09-30": {
        "Tax Effect Of Unusual Items": NaN,
        "Tax Rate For Calcs": NaN,
        "Normalized EBITDA": NaN,
        "Total Unusual Items": NaN,
        "Total Unusual Items Excluding Goodwill": NaN,
        "Net Income From Continuing Operation Net Minority Interest": NaN,
        "Reconciled Depreciation": NaN,
        "Reconciled Cost Of Revenue": NaN,
        "EBITDA": NaN,
        "EBIT": NaN,
        "Net Interest Income": NaN,
        "Interest Expense": NaN,
        "Interest Income": NaN,
        "Normalized Income": NaN,
        "Net Income From Continuing And Discontinued Operation": NaN,
        "Total Expenses": NaN,
        "Total Operating Income As Reported": NaN,
        "Diluted Average Shares": 14958534.0,
        "Basic Average Shares": 14958534.0,
        "Diluted EPS": -0.13,
        "Basic EPS": -0.13,
        "Diluted NI Availto Com Stockholders": NaN,
        "Net Income Common Stockholders": NaN,
        "Net Income": NaN,
        "Minority Interests": NaN,
        "Net Income Including Noncontrolling Interests": NaN,
        "Net Income Continuous Operations": NaN,
        "Tax Provision": NaN,
        "Pretax Income": NaN,
        "Other Income Expense": NaN,
        "Special Income Charges": NaN,
        "Other Special Charges": NaN,
        "Net Non Operating Interest Income Expense": NaN,
        "Interest Expense Non Operating": NaN,
        "Interest Income Non Operating": NaN,
        "Operating Income": NaN,
        "Operating Expense": NaN,
        "Depreciation Amortization Depletion Income Statement": NaN,
        "Depreciation And Amortization In Income Statement": NaN,
        "Amortization": NaN,
        "Amortization Of Intangibles Income Statement": NaN,
        "Research And Development": NaN,
        "Selling General And Administration": NaN,
        "Selling And Marketing Expense": NaN,
        "General And Administrative Expense": NaN,
        "Other Gand A": NaN,
        "Gross Profit": NaN,
        "Cost Of Revenue": NaN,
        "Total Revenue": NaN,
        "Operating Revenue": NaN
    }
}