{
    "2023-03-31": {
        "Tax Effect Of Unusual Items": NaN,
        "Tax Rate For Calcs": NaN,
        "Normalized EBITDA": NaN,
        "Total Unusual Items": NaN,
        "Total Unusual Items Excluding Goodwill": NaN,
        "Net Income From Continuing Operation Net Minority Interest": NaN,
        "Reconciled Depreciation": NaN,
        "Reconciled Cost Of Revenue": NaN,
        "EBITDA": NaN,
        "EBIT": NaN,
        "Net Interest Income": NaN,
        "Interest Expense": NaN,
        "Normalized Income": NaN,
        "Net Income From Continuing And Discontinued Operation": NaN,
        "Total Expenses": NaN,
        "Total Operating Income As Reported": NaN,
        "Diluted Average Shares": NaN,
        "Basic Average Shares": NaN,
        "Diluted EPS": NaN,
        "Basic EPS": NaN,
        "Diluted NI Availto Com Stockholders": NaN,
        "Net Income Common Stockholders": NaN,
        "Net Income": NaN,
        "Net Income Including Noncontrolling Interests": NaN,
        "Net Income Continuous Operations": NaN,
        "Tax Provision": NaN,
        "Pretax Income": NaN,
        "Other Income Expense": NaN,
        "Other Non Operating Income Expenses": NaN,
        "Special Income Charges": NaN,
        "Restructuring And Mergern Acquisition": NaN,
        "Net Non Operating Interest Income Expense": NaN,
        "Total Other Finance Cost": 7232000.0,
        "Interest Expense Non Operating": NaN,
        "Operating Income": NaN,
        "Operating Expense": NaN,
        "Other Taxes": NaN,
        "Depreciation Amortization Depletion Income Statement": NaN,
        "Depreciation And Amortization In Income Statement": NaN,
        "Gross Profit": NaN,
        "Cost Of Revenue": NaN,
        "Total Revenue": NaN,
        "Operating Revenue": NaN
    },
    "2022-12-31": {
        "Tax Effect Of Unusual Items": NaN,
        "Tax Rate For Calcs": NaN,
        "Normalized EBITDA": NaN,
        "Total Unusual Items": NaN,
        "Total Unusual Items Excluding Goodwill": NaN,
        "Net Income From Continuing Operation Net Minority Interest": NaN,
        "Reconciled Depreciation": NaN,
        "Reconciled Cost Of Revenue": NaN,
        "EBITDA": NaN,
        "EBIT": NaN,
        "Net Interest Income": NaN,
        "Interest Expense": NaN,
        "Normalized Income": NaN,
        "Net Income From Continuing And Discontinued Operation": NaN,
        "Total Expenses": NaN,
        "Total Operating Income As Reported": NaN,
        "Diluted Average Shares": NaN,
        "Basic Average Shares": NaN,
        "Diluted EPS": NaN,
        "Basic EPS": NaN,
        "Diluted NI Availto Com Stockholders": NaN,
        "Net Income Common Stockholders": NaN,
        "Net Income": NaN,
        "Net Income Including Noncontrolling Interests": NaN,
        "Net Income Continuous Operations": NaN,
        "Tax Provision": NaN,
        "Pretax Income": NaN,
        "Other Income Expense": NaN,
        "Other Non Operating Income Expenses": NaN,
        "Special Income Charges": NaN,
        "Restructuring And Mergern Acquisition": NaN,
        "Net Non Operating Interest Income Expense": NaN,
        "Total Other Finance Cost": 6952000.0,
        "Interest Expense Non Operating": NaN,
        "Operating Income": NaN,
        "Operating Expense": NaN,
        "Other Taxes": NaN,
        "Depreciation Amortization Depletion Income Statement": NaN,
        "Depreciation And Amortization In Income Statement": NaN,
        "Gross Profit": NaN,
        "Cost Of Revenue": NaN,
        "Total Revenue": NaN,
        "Operating Revenue": NaN
    },
    "2022-09-30": {
        "Tax Effect Of Unusual Items": NaN,
        "Tax Rate For Calcs": NaN,
        "Normalized EBITDA": NaN,
        "Total Unusual Items": 0.0,
        "Total Unusual Items Excluding Goodwill": 0.0,
        "Net Income From Continuing Operation Net Minority Interest": NaN,
        "Reconciled Depreciation": NaN,
        "Reconciled Cost Of Revenue": NaN,
        "EBITDA": NaN,
        "EBIT": NaN,
        "Net Interest Income": NaN,
        "Interest Expense": NaN,
        "Normalized Income": NaN,
        "Net Income From Continuing And Discontinued Operation": NaN,
        "Total Expenses": NaN,
        "Total Operating Income As Reported": NaN,
        "Diluted Average Shares": NaN,
        "Basic Average Shares": NaN,
        "Diluted EPS": NaN,
        "Basic EPS": NaN,
        "Diluted NI Availto Com Stockholders": NaN,
        "Net Income Common Stockholders": NaN,
        "Net Income": NaN,
        "Net Income Including Noncontrolling Interests": NaN,
        "Net Income Continuous Operations": NaN,
        "Tax Provision": NaN,
        "Pretax Income": NaN,
        "Other Income Expense": NaN,
        "Other Non Operating Income Expenses": NaN,
        "Special Income Charges": 0.0,
        "Restructuring And Mergern Acquisition": 0.0,
        "Net Non Operating Interest Income Expense": NaN,
        "Total Other Finance Cost": 6240000.0,
        "Interest Expense Non Operating": NaN,
        "Operating Income": NaN,
        "Operating Expense": NaN,
        "Other Taxes": NaN,
        "Depreciation Amortization Depletion Income Statement": NaN,
        "Depreciation And Amortization In Income Statement": NaN,
        "Gross Profit": NaN,
        "Cost Of Revenue": NaN,
        "Total Revenue": NaN,
        "Operating Revenue": NaN
    },
    "2022-06-30": {
        "Tax Effect Of Unusual Items": 0.0,
        "Tax Rate For Calcs": 0.266,
        "Normalized EBITDA": 46722000.0,
        "Net Income From Continuing Operation Net Minority Interest": 17051000.0,
        "Reconciled Depreciation": 20253000.0,
        "Reconciled Cost Of Revenue": 86588000.0,
        "EBITDA": 46722000.0,
        "EBIT": 26469000.0,
        "Net Interest Income": -5825000.0,
        "Interest Expense": 5825000.0,
        "Normalized Income": 17051000.0,
        "Net Income From Continuing And Discontinued Operation": 17051000.0,
        "Total Expenses": 113001000.0,
        "Total Operating Income As Reported": 26469000.0,
        "Diluted Average Shares": 17809871.0,
        "Basic Average Shares": 17730833.0,
        "Diluted EPS": 0.96,
        "Basic EPS": 0.96,
        "Diluted NI Availto Com Stockholders": 17051000.0,
        "Net Income Common Stockholders": 17051000.0,
        "Net Income": 17051000.0,
        "Net Income Including Noncontrolling Interests": 17051000.0,
        "Net Income Discontinuous Operations": NaN,
        "Net Income Continuous Operations": 17051000.0,
        "Tax Provision": 6177000.0,
        "Pretax Income": 23228000.0,
        "Other Income Expense": 2584000.0,
        "Other Non Operating Income Expenses": 2584000.0,
        "Net Non Operating Interest Income Expense": -5825000.0,
        "Total Other Finance Cost": 5825000.0,
        "Interest Expense Non Operating": 5825000.0,
        "Operating Income": 26469000.0,
        "Operating Expense": 23376000.0,
        "Other Taxes": 6160000.0,
        "Depreciation Amortization Depletion Income Statement": 17216000.0,
        "Depreciation And Amortization In Income Statement": 17216000.0,
        "Gross Profit": 49845000.0,
        "Cost Of Revenue": 89625000.0,
        "Total Revenue": 139470000.0,
        "Operating Revenue": 139470000.0
    },
    "2023-06-30": {
        "Tax Effect Of Unusual Items": NaN,
        "Tax Rate For Calcs": NaN,
        "Normalized EBITDA": NaN,
        "Total Unusual Items": NaN,
        "Total Unusual Items Excluding Goodwill": NaN,
        "Net Income From Continuing Operation Net Minority Interest": NaN,
        "Reconciled Depreciation": NaN,
        "Reconciled Cost Of Revenue": NaN,
        "EBITDA": NaN,
        "EBIT": NaN,
        "Net Interest Income": NaN,
        "Interest Expense": NaN,
        "Normalized Income": NaN,
        "Net Income From Continuing And Discontinued Operation": NaN,
        "Total Expenses": NaN,
        "Total Operating Income As Reported": NaN,
        "Diluted Average Shares": 17852000.0,
        "Basic Average Shares": 17794000.0,
        "Diluted EPS": 0.9,
        "Basic EPS": 0.91,
        "Diluted NI Availto Com Stockholders": NaN,
        "Net Income Common Stockholders": NaN,
        "Net Income": NaN,
        "Net Income Including Noncontrolling Interests": NaN,
        "Net Income Continuous Operations": NaN,
        "Tax Provision": NaN,
        "Pretax Income": NaN,
        "Other Income Expense": NaN,
        "Other Non Operating Income Expenses": NaN,
        "Special Income Charges": NaN,
        "Restructuring And Mergern Acquisition": NaN,
        "Net Non Operating Interest Income Expense": NaN,
        "Total Other Finance Cost": 6964000.0,
        "Interest Expense Non Operating": NaN,
        "Operating Income": NaN,
        "Operating Expense": NaN,
        "Other Taxes": NaN,
        "Depreciation Amortization Depletion Income Statement": NaN,
        "Depreciation And Amortization In Income Statement": NaN,
        "Gross Profit": NaN,
        "Cost Of Revenue": NaN,
        "Total Revenue": NaN,
        "Operating Revenue": NaN
    },
    "2022-03-31": {
        "Diluted EPS": 2.08,
        "Total Revenue": 223,
        "Gross Profit": 126,
        "Operating Income": 55,
        "EBIT": 75,
        "Net Income": 37
    },
    "2021-12-31": {
        "Diluted EPS": 1.28,
        "Total Revenue": 160,
        "Gross Profit": 102,
        "Operating Income": 37,
        "EBIT": 56,
        "Net Income": 23
    },
    "2021-09-30": {
        "Diluted EPS": 0.71,
        "Total Revenue": 107,
        "Gross Profit": 80,
        "Operating Income": 20,
        "EBIT": 39,
        "Net Income": 12
    },
    "2021-06-30": {
        "Diluted EPS": 0.78,
        "Total Revenue": 111,
        "Gross Profit": 84,
        "Operating Income": 23,
        "EBIT": 40,
        "Net Income": 14
    },
    "2021-03-31": {
        "Diluted EPS": 1.96,
        "Total Revenue": 191,
        "Gross Profit": 117,
        "Operating Income": 52,
        "EBIT": 70,
        "Net Income": 34
    },
    "2020-12-31": {
        "Diluted EPS": 1.28,
        "Total Revenue": 137,
        "Gross Profit": 97,
        "Operating Income": 35,
        "EBIT": 53,
        "Net Income": 22
    },
    "2020-09-30": {
        "Diluted EPS": 0.56,
        "Total Revenue": 101,
        "Gross Profit": 80,
        "Operating Income": 17,
        "EBIT": 38,
        "Net Income": 9
    },
    "2020-06-30": {
        "Diluted EPS": 0.66,
        "Total Revenue": 97,
        "Gross Profit": 74,
        "Operating Income": 18,
        "EBIT": 33,
        "Net Income": 11
    },
    "2020-03-31": {
        "Diluted EPS": 1.76,
        "Total Revenue": 153,
        "Gross Profit": 100,
        "Operating Income": 42,
        "EBIT": 57,
        "Net Income": 29
    },
    "2019-12-31": {
        "Diluted EPS": 1.38,
        "Total Revenue": 132,
        "Gross Profit": 89,
        "Operating Income": 30,
        "EBIT": 44,
        "Net Income": 23
    },
    "2019-09-30": {
        "Diluted EPS": 0.34,
        "Total Revenue": 93,
        "Gross Profit": 67,
        "Operating Income": 14,
        "EBIT": 28,
        "Net Income": 6
    },
    "2019-06-30": {
        "Diluted EPS": 0.5,
        "Total Revenue": 95,
        "Gross Profit": 69,
        "Operating Income": 18,
        "EBIT": 32,
        "Net Income": 8
    },
    "2019-03-31": {
        "Diluted EPS": 1.74,
        "Total Revenue": 160,
        "Gross Profit": 100,
        "Operating Income": 44,
        "EBIT": 57,
        "Net Income": 29
    },
    "2018-12-31": {
        "Diluted EPS": 1.08,
        "Total Revenue": 21,
        "Gross Profit": 79,
        "Operating Income": 28,
        "EBIT": 41,
        "Net Income": 18
    },
    "2018-09-30": {
        "Diluted EPS": 0.34,
        "Total Revenue": 93,
        "Gross Profit": 62,
        "Operating Income": 13,
        "EBIT": 26,
        "Net Income": 6
    },
    "2018-06-30": {
        "Diluted EPS": 0.39,
        "Total Revenue": 137,
        "Gross Profit": 67,
        "Operating Income": 13,
        "EBIT": 25,
        "Net Income": 6
    },
    "2018-03-31": {
        "Diluted EPS": 1.64,
        "Total Revenue": 239,
        "Gross Profit": 91,
        "Operating Income": 40,
        "EBIT": 52,
        "Net Income": 27
    },
    "2017-12-31": {
        "Diluted EPS": 1.59,
        "Total Revenue": 12,
        "Gross Profit": 73,
        "Operating Income": 26,
        "EBIT": 37,
        "Net Income": 26
    },
    "2017-09-30": {
        "Diluted EPS": 0.42,
        "Total Revenue": 127,
        "Gross Profit": 60,
        "Operating Income": 15,
        "EBIT": 26,
        "Net Income": 7
    },
    "2017-06-30": {
        "Diluted EPS": 0.37,
        "Total Revenue": 125,
        "Gross Profit": 60,
        "Operating Income": 14,
        "EBIT": 25,
        "Net Income": 6
    },
    "2017-03-31": {
        "Diluted EPS": 1.17,
        "Total Revenue": 185,
        "Gross Profit": 84,
        "Operating Income": 35,
        "EBIT": 46,
        "Net Income": 19
    },
    "2016-12-31": {
        "Diluted EPS": 0.72,
        "Total Revenue": 142,
        "Gross Profit": 70,
        "Operating Income": 24,
        "EBIT": 34,
        "Net Income": 12
    },
    "2016-09-30": {
        "Diluted EPS": 0.29,
        "Total Revenue": 108,
        "Gross Profit": 56,
        "Operating Income": 10,
        "EBIT": 20,
        "Net Income": 4
    },
    "2016-06-30": {
        "Diluted EPS": 0.52,
        "Total Revenue": 102,
        "Gross Profit": 58,
        "Operating Income": 16,
        "EBIT": 25,
        "Net Income": 8
    },
    "2016-03-31": {
        "Diluted EPS": 1.33,
        "Total Revenue": 146,
        "Gross Profit": 77,
        "Operating Income": 36,
        "EBIT": 46,
        "Net Income": 20
    },
    "2015-12-31": {
        "Diluted EPS": 0.54,
        "Total Revenue": 105,
        "Gross Profit": 59,
        "Operating Income": 16,
        "EBIT": 26,
        "Net Income": 9
    },
    "2015-09-30": {
        "Diluted EPS": 0.33,
        "Total Revenue": 92,
        "Gross Profit": 51,
        "Operating Income": 11,
        "EBIT": 20,
        "Net Income": 5
    },
    "2015-06-30": {
        "Diluted EPS": 0.41,
        "Total Revenue": 93,
        "Gross Profit": 51,
        "Operating Income": 13,
        "EBIT": 23,
        "Net Income": 6
    },
    "2015-03-31": {
        "Diluted EPS": 1.44,
        "Total Revenue": 170,
        "Gross Profit": 78,
        "Operating Income": 38,
        "EBIT": 46,
        "Net Income": 21
    },
    "2014-12-31": {
        "Diluted EPS": 0.68,
        "Total Revenue": 120,
        "Gross Profit": 57,
        "Operating Income": 12,
        "EBIT": 27,
        "Net Income": 10
    },
    "2014-09-30": {
        "Diluted EPS": 0.22,
        "Total Revenue": 92,
        "Gross Profit": 46,
        "Operating Income": 8,
        "EBIT": 16,
        "Net Income": 3
    },
    "2014-06-30": {
        "Diluted EPS": 0.35,
        "Total Revenue": 100,
        "Gross Profit": 47,
        "Operating Income": 10,
        "EBIT": 19,
        "Net Income": 5
    },
    "2014-03-31": {
        "Diluted EPS": 1.22,
        "Total Revenue": 186,
        "Gross Profit": 71,
        "Operating Income": 32,
        "EBIT": 40,
        "Net Income": 18
    },
    "2013-12-31": {
        "Diluted EPS": 0.66,
        "Total Revenue": 123,
        "Gross Profit": 55,
        "Operating Income": 18,
        "EBIT": 26,
        "Net Income": 10
    },
    "2013-09-30": {
        "Diluted EPS": 0.27,
        "Total Revenue": 87,
        "Gross Profit": 42,
        "Operating Income": 9,
        "EBIT": 16,
        "Net Income": 4
    },
    "2013-06-30": {
        "Diluted EPS": 0.3,
        "Total Revenue": 94,
        "Gross Profit": 43,
        "Operating Income": 9,
        "EBIT": 17,
        "Net Income": 4
    },
    "2013-03-31": {
        "Diluted EPS": 1.03,
        "Total Revenue": 141,
        "Gross Profit": 59,
        "Operating Income": 27,
        "EBIT": 34,
        "Net Income": 15
    },
    "2012-12-31": {
        "Diluted EPS": 0.68,
        "Total Revenue": 110,
        "Gross Profit": 49,
        "Operating Income": 19,
        "EBIT": 25,
        "Net Income": 10
    },
    "2012-09-30": {
        "Diluted EPS": 0.22,
        "Total Revenue": 78,
        "Gross Profit": 38,
        "Operating Income": 8,
        "EBIT": 15,
        "Net Income": 3
    },
    "2012-06-30": {
        "Diluted EPS": 0.35,
        "Total Revenue": 84,
        "Gross Profit": 41,
        "Operating Income": 10,
        "EBIT": 18,
        "Net Income": 5
    },
    "2012-03-31": {
        "Diluted EPS": 0.74,
        "Total Revenue": 121,
        "Gross Profit": 51,
        "Operating Income": 20,
        "EBIT": 27,
        "Net Income": 11
    },
    "2011-12-31": {
        "Diluted EPS": 0.55,
        "Total Revenue": 104,
        "Gross Profit": 45,
        "Operating Income": 15,
        "EBIT": 22,
        "Net Income": 8
    },
    "2011-09-30": {
        "Diluted EPS": 0.17,
        "Total Revenue": 81,
        "Gross Profit": 34,
        "Operating Income": 6,
        "EBIT": 12,
        "Net Income": 2
    },
    "2011-06-30": {
        "Diluted EPS": 0.25,
        "Total Revenue": 87,
        "Gross Profit": 38,
        "Operating Income": 8,
        "EBIT": 14,
        "Net Income": 4
    },
    "2011-03-31": {
        "Diluted EPS": 0.95,
        "Total Revenue": 147,
        "Gross Profit": 54,
        "Operating Income": 25,
        "EBIT": 31,
        "Net Income": 14
    },
    "2010-12-31": {
        "Diluted EPS": 0.49,
        "Total Revenue": 118,
        "Gross Profit": 45,
        "Operating Income": 14,
        "EBIT": 20,
        "Net Income": 7
    },
    "2010-09-30": {
        "Diluted EPS": 0.11,
        "Total Revenue": 76,
        "Gross Profit": 32,
        "Operating Income": 5,
        "EBIT": 10,
        "Net Income": 2
    },
    "2010-06-30": {
        "Diluted EPS": 0.23,
        "Total Revenue": 80,
        "Gross Profit": 35,
        "Operating Income": 8,
        "EBIT": 13,
        "Net Income": 3
    },
    "2010-03-31": {
        "Diluted EPS": 0.98,
        "Total Revenue": 153,
        "Gross Profit": 54,
        "Operating Income": 25,
        "EBIT": 31,
        "Net Income": 14
    },
    "2009-12-31": {
        "Diluted EPS": 0.5,
        "Total Revenue": 92,
        "Gross Profit": 38,
        "Operating Income": 13,
        "EBIT": 18,
        "Net Income": 6
    },
    "2009-09-30": {
        "Diluted EPS": 0.03,
        "Total Revenue": 32,
        "Gross Profit": 17,
        "Operating Income": 2,
        "EBIT": 5,
        "Net Income": 0
    },
    "2009-06-30": {
        "Diluted EPS": 0.08,
        "Total Revenue": 41,
        "Gross Profit": 20,
        "Operating Income": 3,
        "EBIT": 6,
        "Net Income": 1
    },
    "2009-03-31": {
        "Diluted EPS": 0.83,
        "Total Revenue": 104,
        "Gross Profit": 33,
        "Operating Income": 16,
        "EBIT": 19,
        "Net Income": 9
    },
    "2023-09-30": {
        "Tax Effect Of Unusual Items": NaN,
        "Tax Rate For Calcs": NaN,
        "Normalized EBITDA": NaN,
        "Total Unusual Items": NaN,
        "Total Unusual Items Excluding Goodwill": NaN,
        "Net Income From Continuing Operation Net Minority Interest": NaN,
        "Reconciled Depreciation": NaN,
        "Reconciled Cost Of Revenue": NaN,
        "EBITDA": NaN,
        "EBIT": NaN,
        "Net Interest Income": NaN,
        "Interest Expense": NaN,
        "Normalized Income": NaN,
        "Net Income From Continuing And Discontinued Operation": NaN,
        "Total Expenses": NaN,
        "Total Operating Income As Reported": NaN,
        "Diluted Average Shares": 17858000.0,
        "Basic Average Shares": 17797000.0,
        "Diluted EPS": 0.53,
        "Basic EPS": 0.53,
        "Diluted NI Availto Com Stockholders": NaN,
        "Net Income Common Stockholders": NaN,
        "Net Income": NaN,
        "Net Income Including Noncontrolling Interests": NaN,
        "Net Income Continuous Operations": NaN,
        "Tax Provision": NaN,
        "Pretax Income": NaN,
        "Other Income Expense": NaN,
        "Other Non Operating Income Expenses": NaN,
        "Special Income Charges": NaN,
        "Restructuring And Mergern Acquisition": NaN,
        "Net Non Operating Interest Income Expense": NaN,
        "Total Other Finance Cost": NaN,
        "Interest Expense Non Operating": NaN,
        "Operating Income": NaN,
        "Operating Expense": NaN,
        "Other Taxes": NaN,
        "Depreciation Amortization Depletion Income Statement": NaN,
        "Depreciation And Amortization In Income Statement": NaN,
        "Gross Profit": NaN,
        "Cost Of Revenue": NaN,
        "Total Revenue": NaN,
        "Operating Revenue": NaN
    },
    "2023-12-31": {
        "Tax Effect Of Unusual Items": -1352136.837505,
        "Tax Rate For Calcs": 0.209439,
        "Normalized EBITDA": 70950000.0,
        "Total Unusual Items": -6456000.0,
        "Total Unusual Items Excluding Goodwill": -6456000.0,
        "Net Income From Continuing Operation Net Minority Interest": 25328000.0,
        "Reconciled Depreciation": 16777000.0,
        "Reconciled Cost Of Revenue": 106836000.0,
        "EBITDA": 64494000.0,
        "EBIT": 47717000.0,
        "Net Interest Income": -15679000.0,
        "Interest Expense": 15679000.0,
        "Normalized Income": 30431863.162495,
        "Net Income From Continuing And Discontinued Operation": 25328000.0,
        "Total Expenses": 131564000.0,
        "Total Operating Income As Reported": 47315000.0,
        "Diluted Average Shares": NaN,
        "Basic Average Shares": NaN,
        "Diluted EPS": NaN,
        "Basic EPS": NaN,
        "Diluted NI Availto Com Stockholders": 25328000.0,
        "Net Income Common Stockholders": 25328000.0,
        "Net Income": 25328000.0,
        "Net Income Including Noncontrolling Interests": 25328000.0,
        "Net Income Continuous Operations": 25328000.0,
        "Tax Provision": 6710000.0,
        "Pretax Income": 32038000.0,
        "Other Income Expense": -6054000.0,
        "Other Non Operating Income Expenses": 402000.0,
        "Special Income Charges": -6456000.0,
        "Restructuring And Mergern Acquisition": 6456000.0,
        "Net Non Operating Interest Income Expense": -15679000.0,
        "Total Other Finance Cost": NaN,
        "Interest Expense Non Operating": 15679000.0,
        "Operating Income": 53771000.0,
        "Operating Expense": 21356000.0,
        "Other Taxes": 7951000.0,
        "Depreciation Amortization Depletion Income Statement": 13405000.0,
        "Depreciation And Amortization In Income Statement": 13405000.0,
        "Gross Profit": 75127000.0,
        "Cost Of Revenue": 110208000.0,
        "Total Revenue": 185335000.0,
        "Operating Revenue": 185335000.0
    },
    "2024-03-31": {
        "Tax Effect Of Unusual Items": -243144.0,
        "Tax Rate For Calcs": 0.264,
        "Normalized EBITDA": 101626000.0,
        "Total Unusual Items": -921000.0,
        "Total Unusual Items Excluding Goodwill": -921000.0,
        "Net Income From Continuing Operation Net Minority Interest": 46168000.0,
        "Reconciled Depreciation": 20925000.0,
        "Reconciled Cost Of Revenue": 134771000.0,
        "EBITDA": 100705000.0,
        "EBIT": 79780000.0,
        "Net Interest Income": -17026000.0,
        "Interest Expense": 17026000.0,
        "Normalized Income": 46845856.0,
        "Net Income From Continuing And Discontinued Operation": 46168000.0,
        "Total Expenses": 165238000.0,
        "Total Operating Income As Reported": 79585000.0,
        "Diluted Average Shares": 22306000.0,
        "Basic Average Shares": 22250000.0,
        "Diluted EPS": 2.07,
        "Basic EPS": 2.07,
        "Diluted NI Availto Com Stockholders": 46168000.0,
        "Net Income Common Stockholders": 46168000.0,
        "Net Income": 46168000.0,
        "Net Income Including Noncontrolling Interests": 46168000.0,
        "Net Income Continuous Operations": 46168000.0,
        "Tax Provision": 16586000.0,
        "Pretax Income": 62754000.0,
        "Other Income Expense": -726000.0,
        "Other Non Operating Income Expenses": 195000.0,
        "Special Income Charges": -921000.0,
        "Restructuring And Mergern Acquisition": 921000.0,
        "Net Non Operating Interest Income Expense": -17026000.0,
        "Total Other Finance Cost": NaN,
        "Interest Expense Non Operating": 17026000.0,
        "Operating Income": 80506000.0,
        "Operating Expense": 26558000.0,
        "Other Taxes": 9542000.0,
        "Depreciation Amortization Depletion Income Statement": 17016000.0,
        "Depreciation And Amortization In Income Statement": 17016000.0,
        "Gross Profit": 107064000.0,
        "Cost Of Revenue": 138680000.0,
        "Total Revenue": 245744000.0,
        "Operating Revenue": 245744000.0
    },
    "2024-06-30": {
        "Tax Effect Of Unusual Items": -373728.0,
        "Tax Rate For Calcs": 0.272,
        "Normalized EBITDA": 65332000.0,
        "Total Unusual Items": -1374000.0,
        "Total Unusual Items Excluding Goodwill": -1374000.0,
        "Net Income From Continuing Operation Net Minority Interest": 18271000.0,
        "Reconciled Depreciation": 22058000.0,
        "Reconciled Cost Of Revenue": 93359000.0,
        "EBITDA": 63958000.0,
        "EBIT": 41900000.0,
        "Net Interest Income": -16813000.0,
        "Interest Expense": 16813000.0,
        "Normalized Income": 19271272.0,
        "Net Income From Continuing And Discontinued Operation": 18271000.0,
        "Total Expenses": 124108000.0,
        "Total Operating Income As Reported": 40790000.0,
        "Diluted Average Shares": 22335000.0,
        "Basic Average Shares": 22284000.0,
        "Diluted EPS": 0.82,
        "Basic EPS": 0.82,
        "Diluted NI Availto Com Stockholders": 18271000.0,
        "Net Income Common Stockholders": 18271000.0,
        "Net Income": 18271000.0,
        "Net Income Including Noncontrolling Interests": 18271000.0,
        "Net Income Continuous Operations": 18271000.0,
        "Tax Provision": 6816000.0,
        "Pretax Income": 25087000.0,
        "Other Income Expense": -264000.0,
        "Other Non Operating Income Expenses": 1110000.0,
        "Special Income Charges": -1374000.0,
        "Restructuring And Mergern Acquisition": 1374000.0,
        "Net Non Operating Interest Income Expense": -16813000.0,
        "Total Other Finance Cost": NaN,
        "Interest Expense Non Operating": 16813000.0,
        "Operating Income": 42164000.0,
        "Operating Expense": 26568000.0,
        "Other Taxes": 8691000.0,
        "Depreciation Amortization Depletion Income Statement": 17877000.0,
        "Depreciation And Amortization In Income Statement": 17877000.0,
        "Gross Profit": 68732000.0,
        "Cost Of Revenue": 97540000.0,
        "Total Revenue": 166272000.0,
        "Operating Revenue": 172044000.0
    },
    "2024-09-30": {
        "Tax Effect Of Unusual Items": -228501.0,
        "Tax Rate For Calcs": 0.279,
        "Normalized EBITDA": 62460000.0,
        "Total Unusual Items": -819000.0,
        "Total Unusual Items Excluding Goodwill": -819000.0,
        "Net Income From Continuing Operation Net Minority Interest": 17507000.0,
        "Reconciled Depreciation": 20323000.0,
        "Reconciled Cost Of Revenue": 89310000.0,
        "EBITDA": 61641000.0,
        "EBIT": 41318000.0,
        "Net Interest Income": -17022000.0,
        "Interest Expense": 17022000.0,
        "Normalized Income": 18097499.0,
        "Net Income From Continuing And Discontinued Operation": 17507000.0,
        "Total Expenses": 118401000.0,
        "Total Operating Income As Reported": 40918000.0,
        "Diluted Average Shares": 22564000.0,
        "Basic Average Shares": 22501000.0,
        "Diluted EPS": 0.78,
        "Basic EPS": 0.78,
        "Diluted NI Availto Com Stockholders": 17507000.0,
        "Net Income Common Stockholders": 17507000.0,
        "Net Income": 17507000.0,
        "Net Income Including Noncontrolling Interests": 17507000.0,
        "Net Income Continuous Operations": 17507000.0,
        "Tax Provision": 6789000.0,
        "Pretax Income": 24296000.0,
        "Other Income Expense": -419000.0,
        "Other Non Operating Income Expenses": 400000.0,
        "Special Income Charges": -819000.0,
        "Restructuring And Mergern Acquisition": 819000.0,
        "Net Non Operating Interest Income Expense": -17022000.0,
        "Total Other Finance Cost": NaN,
        "Interest Expense Non Operating": 17022000.0,
        "Operating Income": 41737000.0,
        "Operating Expense": 25619000.0,
        "Other Taxes": 8768000.0,
        "Depreciation Amortization Depletion Income Statement": 16851000.0,
        "Depreciation And Amortization In Income Statement": 16851000.0,
        "Gross Profit": 67356000.0,
        "Cost Of Revenue": 92782000.0,
        "Total Revenue": 160138000.0,
        "Operating Revenue": 160138000.0
    },
    "2024-12-31": {
        "Tax Effect Of Unusual Items": -232083.724302,
        "Tax Rate For Calcs": 0.261946,
        "Normalized EBITDA": 86282000.0,
        "Total Unusual Items": -886000.0,
        "Total Unusual Items Excluding Goodwill": -886000.0,
        "Net Income From Continuing Operation Net Minority Interest": 36654000.0,
        "Reconciled Depreciation": 18194000.0,
        "Reconciled Cost Of Revenue": 119160000.0,
        "EBITDA": 85396000.0,
        "EBIT": 67202000.0,
        "Net Interest Income": -17539000.0,
        "Interest Expense": 17539000.0,
        "Normalized Income": 37307916.275698,
        "Net Income From Continuing And Discontinued Operation": 36654000.0,
        "Total Expenses": 147253000.0,
        "Total Operating Income As Reported": 66907000.0,
        "Diluted Average Shares": NaN,
        "Basic Average Shares": NaN,
        "Diluted EPS": NaN,
        "Basic EPS": NaN,
        "Diluted NI Availto Com Stockholders": 36654000.0,
        "Net Income Common Stockholders": 36654000.0,
        "Net Income": 36654000.0,
        "Net Income Including Noncontrolling Interests": 36654000.0,
        "Net Income Continuous Operations": 36654000.0,
        "Tax Provision": 13009000.0,
        "Pretax Income": 49663000.0,
        "Other Income Expense": -591000.0,
        "Other Non Operating Income Expenses": 295000.0,
        "Special Income Charges": -886000.0,
        "Restructuring And Mergern Acquisition": 886000.0,
        "Net Non Operating Interest Income Expense": -17539000.0,
        "Total Other Finance Cost": NaN,
        "Interest Expense Non Operating": 17539000.0,
        "Operating Income": 67793000.0,
        "Operating Expense": 23855000.0,
        "Other Taxes": 9899000.0,
        "Depreciation Amortization Depletion Income Statement": 13956000.0,
        "Depreciation And Amortization In Income Statement": 13956000.0,
        "Gross Profit": 91648000.0,
        "Cost Of Revenue": 123398000.0,
        "Total Revenue": 215046000.0,
        "Operating Revenue": 215046000.0
    }
}