{
    "2023-04-30": {
        "Tax Effect Of Unusual Items": NaN,
        "Tax Rate For Calcs": NaN,
        "Normalized EBITDA": NaN,
        "Net Income From Continuing Operation Net Minority Interest": NaN,
        "Reconciled Depreciation": NaN,
        "Reconciled Cost Of Revenue": NaN,
        "EBITDA": NaN,
        "EBIT": NaN,
        "Net Interest Income": NaN,
        "Interest Income": 17878000.0,
        "Normalized Income": NaN,
        "Net Income From Continuing And Discontinued Operation": NaN,
        "Total Expenses": NaN,
        "Total Operating Income As Reported": NaN,
        "Diluted Average Shares": NaN,
        "Basic Average Shares": NaN,
        "Diluted EPS": NaN,
        "Basic EPS": NaN,
        "Diluted NI Availto Com Stockholders": NaN,
        "Net Income Common Stockholders": NaN,
        "Net Income": NaN,
        "Minority Interests": NaN,
        "Net Income Including Noncontrolling Interests": NaN,
        "Net Income Continuous Operations": NaN,
        "Tax Provision": NaN,
        "Pretax Income": NaN,
        "Other Income Expense": NaN,
        "Other Non Operating Income Expenses": NaN,
        "Net Non Operating Interest Income Expense": NaN,
        "Total Other Finance Cost": -17878000.0,
        "Interest Income Non Operating": 17878000.0,
        "Operating Income": NaN,
        "Operating Expense": NaN,
        "Selling General And Administration": NaN,
        "General And Administrative Expense": NaN,
        "Other Gand A": NaN,
        "Gross Profit": NaN,
        "Cost Of Revenue": NaN,
        "Total Revenue": NaN,
        "Operating Revenue": NaN
    },
    "2023-01-31": {
        "Tax Effect Of Unusual Items": NaN,
        "Tax Rate For Calcs": NaN,
        "Normalized EBITDA": NaN,
        "Net Income From Continuing Operation Net Minority Interest": NaN,
        "Reconciled Depreciation": NaN,
        "Reconciled Cost Of Revenue": NaN,
        "EBITDA": NaN,
        "EBIT": NaN,
        "Net Interest Income": NaN,
        "Interest Income": 14480000.0,
        "Normalized Income": NaN,
        "Net Income From Continuing And Discontinued Operation": NaN,
        "Total Expenses": NaN,
        "Total Operating Income As Reported": NaN,
        "Diluted Average Shares": NaN,
        "Basic Average Shares": NaN,
        "Diluted EPS": NaN,
        "Basic EPS": NaN,
        "Diluted NI Availto Com Stockholders": NaN,
        "Net Income Common Stockholders": NaN,
        "Net Income": NaN,
        "Minority Interests": NaN,
        "Net Income Including Noncontrolling Interests": NaN,
        "Net Income Continuous Operations": NaN,
        "Tax Provision": NaN,
        "Pretax Income": NaN,
        "Other Income Expense": NaN,
        "Other Non Operating Income Expenses": NaN,
        "Net Non Operating Interest Income Expense": NaN,
        "Total Other Finance Cost": -14480000.0,
        "Interest Income Non Operating": 14480000.0,
        "Operating Income": NaN,
        "Operating Expense": NaN,
        "Selling General And Administration": NaN,
        "General And Administrative Expense": NaN,
        "Other Gand A": NaN,
        "Gross Profit": NaN,
        "Cost Of Revenue": NaN,
        "Total Revenue": NaN,
        "Operating Revenue": NaN
    },
    "2022-10-31": {
        "Tax Effect Of Unusual Items": NaN,
        "Tax Rate For Calcs": NaN,
        "Normalized EBITDA": NaN,
        "Net Income From Continuing Operation Net Minority Interest": NaN,
        "Reconciled Depreciation": NaN,
        "Reconciled Cost Of Revenue": NaN,
        "EBITDA": NaN,
        "EBIT": NaN,
        "Net Interest Income": NaN,
        "Interest Income": 4422000.0,
        "Normalized Income": NaN,
        "Net Income From Continuing And Discontinued Operation": NaN,
        "Total Expenses": NaN,
        "Total Operating Income As Reported": NaN,
        "Diluted Average Shares": NaN,
        "Basic Average Shares": NaN,
        "Diluted EPS": NaN,
        "Basic EPS": NaN,
        "Diluted NI Availto Com Stockholders": NaN,
        "Net Income Common Stockholders": NaN,
        "Net Income": NaN,
        "Minority Interests": NaN,
        "Net Income Including Noncontrolling Interests": NaN,
        "Net Income Continuous Operations": NaN,
        "Tax Provision": NaN,
        "Pretax Income": NaN,
        "Other Income Expense": NaN,
        "Other Non Operating Income Expenses": NaN,
        "Net Non Operating Interest Income Expense": NaN,
        "Total Other Finance Cost": NaN,
        "Interest Income Non Operating": 4422000.0,
        "Operating Income": NaN,
        "Operating Expense": NaN,
        "Selling General And Administration": NaN,
        "General And Administrative Expense": NaN,
        "Other Gand A": NaN,
        "Gross Profit": NaN,
        "Cost Of Revenue": NaN,
        "Total Revenue": NaN,
        "Operating Revenue": NaN
    },
    "2022-07-31": {
        "Tax Effect Of Unusual Items": -2194252.267125,
        "Tax Rate For Calcs": 0.13093,
        "Normalized EBITDA": 359155000.0,
        "Total Unusual Items": -16759000.0,
        "Total Unusual Items Excluding Goodwill": -16759000.0,
        "Net Income From Continuing Operation Net Minority Interest": 263735000.0,
        "Reconciled Depreciation": 36272000.0,
        "Reconciled Cost Of Revenue": 470347000.0,
        "EBITDA": 342396000.0,
        "EBIT": 306124000.0,
        "Net Interest Income": -2656000.0,
        "Interest Expense": 2656000.0,
        "Normalized Income": 278299747.732875,
        "Net Income From Continuing And Discontinued Operation": 263735000.0,
        "Total Expenses": 558595000.0,
        "Total Operating Income As Reported": 324793000.0,
        "Diluted Average Shares": 962960000.0,
        "Basic Average Shares": 951380000.0,
        "Diluted EPS": 0.275,
        "Basic EPS": 0.2775,
        "Diluted NI Availto Com Stockholders": 263735000.0,
        "Net Income Common Stockholders": 263735000.0,
        "Net Income": 263735000.0,
        "Net Income Including Noncontrolling Interests": 263735000.0,
        "Net Income Continuous Operations": 263735000.0,
        "Tax Provision": 39733000.0,
        "Pretax Income": 303468000.0,
        "Other Income Expense": -18669000.0,
        "Other Non Operating Income Expenses": -1910000.0,
        "Special Income Charges": -16759000.0,
        "Other Special Charges": 16759000.0,
        "Net Non Operating Interest Income Expense": -2656000.0,
        "Total Other Finance Cost": NaN,
        "Interest Expense Non Operating": 2656000.0,
        "Operating Income": 324793000.0,
        "Operating Expense": 56779000.0,
        "Depreciation Amortization Depletion Income Statement": 4803000.0,
        "Depreciation And Amortization In Income Statement": 4803000.0,
        "Selling General And Administration": 51976000.0,
        "General And Administrative Expense": 51976000.0,
        "Other Gand A": 43257000.0,
        "Salaries And Wages": 8719000.0,
        "Gross Profit": 381572000.0,
        "Cost Of Revenue": 501816000.0,
        "Total Revenue": 883388000.0,
        "Operating Revenue": 883388000.0
    },
    "2022-04-30": {
        "Diluted EPS": 0.58,
        "Total Revenue": 940,
        "Gross Profit": 436,
        "Operating Income": 373,
        "EBIT": 409,
        "Net Income": 279
    },
    "2022-01-31": {
        "Diluted EPS": 0.6,
        "Total Revenue": 867,
        "Gross Profit": 403,
        "Operating Income": 347,
        "EBIT": 381,
        "Net Income": 287
    },
    "2021-10-31": {
        "Diluted EPS": 0.54,
        "Total Revenue": 810,
        "Gross Profit": 385,
        "Operating Income": 330,
        "EBIT": 362,
        "Net Income": 260
    },
    "2021-07-31": {
        "Diluted EPS": 0.54,
        "Total Revenue": 749,
        "Gross Profit": 357,
        "Operating Income": 302,
        "EBIT": 331,
        "Net Income": 256
    },
    "2021-04-30": {
        "Diluted EPS": 0.6,
        "Total Revenue": 734,
        "Gross Profit": 381,
        "Operating Income": 328,
        "EBIT": 360,
        "Net Income": 287
    },
    "2021-01-31": {
        "Diluted EPS": 0.41,
        "Total Revenue": 617,
        "Gross Profit": 307,
        "Operating Income": 258,
        "EBIT": 290,
        "Net Income": 193
    },
    "2020-10-31": {
        "Diluted EPS": 0.42,
        "Total Revenue": 593,
        "Gross Profit": 297,
        "Operating Income": 249,
        "EBIT": 278,
        "Net Income": 200
    },
    "2020-07-31": {
        "Diluted EPS": 0.35,
        "Total Revenue": 526,
        "Gross Profit": 250,
        "Operating Income": 206,
        "EBIT": 233,
        "Net Income": 166
    },
    "2020-04-30": {
        "Diluted EPS": 0.31,
        "Total Revenue": 550,
        "Gross Profit": 243,
        "Operating Income": 195,
        "EBIT": 224,
        "Net Income": 147
    },
    "2020-01-31": {
        "Diluted EPS": 0.36,
        "Total Revenue": 575,
        "Gross Profit": 260,
        "Operating Income": 210,
        "EBIT": 234,
        "Net Income": 169
    },
    "2019-10-31": {
        "Diluted EPS": 0.46,
        "Total Revenue": 554,
        "Gross Profit": 255,
        "Operating Income": 205,
        "EBIT": 229,
        "Net Income": 218
    },
    "2019-07-31": {
        "Diluted EPS": 0.32,
        "Total Revenue": 543,
        "Gross Profit": 243,
        "Operating Income": 193,
        "EBIT": 214,
        "Net Income": 153
    },
    "2019-04-30": {
        "Diluted EPS": 0.41,
        "Total Revenue": 553,
        "Gross Profit": 252,
        "Operating Income": 207,
        "EBIT": 229,
        "Net Income": 193
    },
    "2019-01-31": {
        "Diluted EPS": 0.28,
        "Total Revenue": 485,
        "Gross Profit": 208,
        "Operating Income": 165,
        "EBIT": 185,
        "Net Income": 131
    },
    "2018-10-31": {
        "Diluted EPS": 0.24,
        "Total Revenue": 461,
        "Gross Profit": 196,
        "Operating Income": 151,
        "EBIT": 173,
        "Net Income": 114
    },
    "2018-07-31": {
        "Diluted EPS": 0.23,
        "Total Revenue": 449,
        "Gross Profit": 188,
        "Operating Income": 135,
        "EBIT": 163,
        "Net Income": 110
    },
    "2018-04-30": {
        "Diluted EPS": 0.26,
        "Total Revenue": 478,
        "Gross Profit": 219,
        "Operating Income": 175,
        "EBIT": 191,
        "Net Income": 127
    },
    "2018-01-31": {
        "Diluted EPS": 0.22,
        "Total Revenue": 459,
        "Gross Profit": 192,
        "Operating Income": 151,
        "EBIT": 169,
        "Net Income": 103
    },
    "2017-10-31": {
        "Diluted EPS": 0.16,
        "Total Revenue": 419,
        "Gross Profit": 163,
        "Operating Income": 124,
        "EBIT": 140,
        "Net Income": 78
    },
    "2017-07-31": {
        "Diluted EPS": 0.15,
        "Total Revenue": 379,
        "Gross Profit": 167,
        "Operating Income": 111,
        "EBIT": 124,
        "Net Income": 70
    },
    "2017-04-30": {
        "Diluted EPS": 0.19,
        "Total Revenue": 374,
        "Gross Profit": 173,
        "Operating Income": 137,
        "EBIT": 151,
        "Net Income": 91
    },
    "2017-01-31": {
        "Diluted EPS": 0.14,
        "Total Revenue": 350,
        "Gross Profit": 147,
        "Operating Income": 109,
        "EBIT": 124,
        "Net Income": 66
    },
    "2016-10-31": {
        "Diluted EPS": 0.35,
        "Total Revenue": 346,
        "Gross Profit": 145,
        "Operating Income": 105,
        "EBIT": 120,
        "Net Income": 167
    },
    "2016-07-31": {
        "Diluted EPS": 0.18,
        "Total Revenue": 333,
        "Gross Profit": 141,
        "Operating Income": 106,
        "EBIT": 120,
        "Net Income": 84
    },
    "2016-04-30": {
        "Diluted EPS": 0.16,
        "Total Revenue": 347,
        "Gross Profit": 158,
        "Operating Income": 122,
        "EBIT": 135,
        "Net Income": 75
    },
    "2016-01-31": {
        "Diluted EPS": 0.12,
        "Total Revenue": 300,
        "Gross Profit": 125,
        "Operating Income": 92,
        "EBIT": 104,
        "Net Income": 59
    },
    "2015-10-31": {
        "Diluted EPS": 0.1,
        "Total Revenue": 289,
        "Gross Profit": 121,
        "Operating Income": 86,
        "EBIT": 98,
        "Net Income": 53
    },
    "2015-07-31": {
        "Diluted EPS": 0.11,
        "Total Revenue": 282,
        "Gross Profit": 119,
        "Operating Income": 87,
        "EBIT": 98,
        "Net Income": 57
    },
    "2015-04-30": {
        "Diluted EPS": 0.11,
        "Total Revenue": 297,
        "Gross Profit": 127,
        "Operating Income": 95,
        "EBIT": 107,
        "Net Income": 58
    },
    "2015-01-31": {
        "Diluted EPS": 0.1,
        "Total Revenue": 276,
        "Gross Profit": 115,
        "Operating Income": 80,
        "EBIT": 92,
        "Net Income": 52
    },
    "2014-10-31": {
        "Diluted EPS": 0.1,
        "Total Revenue": 290,
        "Gross Profit": 122,
        "Operating Income": 82,
        "EBIT": 96,
        "Net Income": 53
    },
    "2014-07-31": {
        "Diluted EPS": 0.1,
        "Total Revenue": 287,
        "Gross Profit": 117,
        "Operating Income": 76,
        "EBIT": 89,
        "Net Income": 51
    },
    "2014-04-30": {
        "Diluted EPS": 0.08,
        "Total Revenue": 310,
        "Gross Profit": 132,
        "Operating Income": 63,
        "EBIT": 75,
        "Net Income": 41
    },
    "2014-01-31": {
        "Diluted EPS": 0.09,
        "Total Revenue": 286,
        "Gross Profit": 112,
        "Operating Income": 71,
        "EBIT": 85,
        "Net Income": 45
    },
    "2013-10-31": {
        "Diluted EPS": 0.08,
        "Total Revenue": 280,
        "Gross Profit": 108,
        "Operating Income": 65,
        "EBIT": 79,
        "Net Income": 41
    },
    "2013-07-31": {
        "Diluted EPS": 0.08,
        "Total Revenue": 264,
        "Gross Profit": 103,
        "Operating Income": 63,
        "EBIT": 78,
        "Net Income": 41
    },
    "2013-04-30": {
        "Diluted EPS": 0.1,
        "Total Revenue": 278,
        "Gross Profit": 116,
        "Operating Income": 83,
        "EBIT": 98,
        "Net Income": 53
    },
    "2013-01-31": {
        "Diluted EPS": 0.08,
        "Total Revenue": 266,
        "Gross Profit": 97,
        "Operating Income": 63,
        "EBIT": 77,
        "Net Income": 40
    },
    "2012-10-31": {
        "Diluted EPS": 0.09,
        "Total Revenue": 239,
        "Gross Profit": 105,
        "Operating Income": 74,
        "EBIT": 87,
        "Net Income": 46
    },
    "2012-07-31": {
        "Diluted EPS": 0.09,
        "Total Revenue": 227,
        "Gross Profit": 99,
        "Operating Income": 69,
        "EBIT": 81,
        "Net Income": 45
    },
    "2012-04-30": {
        "Diluted EPS": 0.11,
        "Total Revenue": 244,
        "Gross Profit": 115,
        "Operating Income": 88,
        "EBIT": 100,
        "Net Income": 55
    },
    "2012-01-31": {
        "Diluted EPS": 0.08,
        "Total Revenue": 228,
        "Gross Profit": 100,
        "Operating Income": 64,
        "EBIT": 76,
        "Net Income": 41
    },
    "2011-10-31": {
        "Diluted EPS": 0.08,
        "Total Revenue": 226,
        "Gross Profit": 95,
        "Operating Income": 65,
        "EBIT": 77,
        "Net Income": 41
    },
    "2011-07-31": {
        "Diluted EPS": 0.07,
        "Total Revenue": 215,
        "Gross Profit": 89,
        "Operating Income": 63,
        "EBIT": 75,
        "Net Income": 41
    },
    "2011-04-30": {
        "Diluted EPS": 0.09,
        "Total Revenue": 237,
        "Gross Profit": 109,
        "Operating Income": 82,
        "EBIT": 93,
        "Net Income": 50
    },
    "2011-01-31": {
        "Diluted EPS": 0.06,
        "Total Revenue": 207,
        "Gross Profit": 86,
        "Operating Income": 60,
        "EBIT": 72,
        "Net Income": 38
    },
    "2010-10-31": {
        "Diluted EPS": 0.06,
        "Total Revenue": 213,
        "Gross Profit": 89,
        "Operating Income": 60,
        "EBIT": 71,
        "Net Income": 38
    },
    "2010-07-31": {
        "Diluted EPS": 0.05,
        "Total Revenue": 190,
        "Gross Profit": 86,
        "Operating Income": 57,
        "EBIT": 68,
        "Net Income": 36
    },
    "2010-04-30": {
        "Diluted EPS": 0.07,
        "Total Revenue": 220,
        "Gross Profit": 100,
        "Operating Income": 72,
        "EBIT": 83,
        "Net Income": 44
    },
    "2010-01-31": {
        "Diluted EPS": 0.05,
        "Total Revenue": 177,
        "Gross Profit": 79,
        "Operating Income": 53,
        "EBIT": 64,
        "Net Income": 36
    },
    "2009-10-31": {
        "Diluted EPS": 0.05,
        "Total Revenue": 185,
        "Gross Profit": 83,
        "Operating Income": 56,
        "EBIT": 67,
        "Net Income": 35
    },
    "2009-07-31": {
        "Diluted EPS": 0.05,
        "Total Revenue": 184,
        "Gross Profit": 80,
        "Operating Income": 55,
        "EBIT": 65,
        "Net Income": 35
    },
    "2009-04-30": {
        "Diluted EPS": 0.06,
        "Total Revenue": 197,
        "Gross Profit": 85,
        "Operating Income": 65,
        "EBIT": 75,
        "Net Income": 42
    },
    "2009-01-31": {
        "Diluted EPS": 0.04,
        "Total Revenue": 170,
        "Gross Profit": 67,
        "Operating Income": 46,
        "EBIT": 56,
        "Net Income": 27
    },
    "2023-07-31": {
        "Tax Effect Of Unusual Items": NaN,
        "Tax Rate For Calcs": NaN,
        "Normalized EBITDA": NaN,
        "Net Income From Continuing Operation Net Minority Interest": NaN,
        "Reconciled Depreciation": NaN,
        "Reconciled Cost Of Revenue": NaN,
        "EBITDA": NaN,
        "EBIT": NaN,
        "Net Interest Income": NaN,
        "Interest Income": NaN,
        "Normalized Income": NaN,
        "Net Income From Continuing And Discontinued Operation": NaN,
        "Total Expenses": NaN,
        "Total Operating Income As Reported": NaN,
        "Diluted Average Shares": 970255000.0,
        "Basic Average Shares": 955773000.0,
        "Diluted EPS": 0.36,
        "Basic EPS": 0.36,
        "Diluted NI Availto Com Stockholders": NaN,
        "Net Income Common Stockholders": NaN,
        "Net Income": NaN,
        "Minority Interests": NaN,
        "Net Income Including Noncontrolling Interests": NaN,
        "Net Income Continuous Operations": NaN,
        "Tax Provision": NaN,
        "Pretax Income": NaN,
        "Other Income Expense": NaN,
        "Other Non Operating Income Expenses": NaN,
        "Net Non Operating Interest Income Expense": NaN,
        "Total Other Finance Cost": -29148000.0,
        "Interest Income Non Operating": NaN,
        "Operating Income": NaN,
        "Operating Expense": NaN,
        "Selling General And Administration": NaN,
        "General And Administrative Expense": NaN,
        "Other Gand A": NaN,
        "Gross Profit": NaN,
        "Cost Of Revenue": NaN,
        "Total Revenue": NaN,
        "Operating Revenue": NaN
    },
    "2023-10-31": {
        "Tax Effect Of Unusual Items": 0.0,
        "Tax Rate For Calcs": 0.214446,
        "Normalized EBITDA": 438726000.0,
        "Net Income From Continuing Operation Net Minority Interest": 332527000.0,
        "Reconciled Depreciation": 43350000.0,
        "Reconciled Cost Of Revenue": 556397000.0,
        "EBITDA": 438726000.0,
        "EBIT": 395376000.0,
        "Net Interest Income": 32005000.0,
        "Interest Income": 32005000.0,
        "Normalized Income": 332527000.0,
        "Net Income From Continuing And Discontinued Operation": 332527000.0,
        "Total Expenses": 625040000.0,
        "Total Operating Income As Reported": 395376000.0,
        "Diluted Average Shares": 971682000.0,
        "Basic Average Shares": 958127000.0,
        "Diluted EPS": 0.34,
        "Basic EPS": 0.35,
        "Diluted NI Availto Com Stockholders": 332527000.0,
        "Net Income Common Stockholders": 332527000.0,
        "Net Income": 332527000.0,
        "Minority Interests": -5000.0,
        "Net Income Including Noncontrolling Interests": 332532000.0,
        "Net Income Continuous Operations": 332532000.0,
        "Tax Provision": 90777000.0,
        "Pretax Income": 423309000.0,
        "Other Income Expense": -4072000.0,
        "Other Non Operating Income Expenses": -4072000.0,
        "Net Non Operating Interest Income Expense": 32005000.0,
        "Total Other Finance Cost": NaN,
        "Interest Income Non Operating": 32005000.0,
        "Operating Income": 395376000.0,
        "Operating Expense": 68643000.0,
        "Selling General And Administration": 68643000.0,
        "General And Administrative Expense": 68643000.0,
        "Other Gand A": 68643000.0,
        "Gross Profit": 464019000.0,
        "Cost Of Revenue": 556397000.0,
        "Total Revenue": 1020416000.0,
        "Operating Revenue": 1020416000.0
    },
    "2024-01-31": {
        "Tax Effect Of Unusual Items": 0.0,
        "Tax Rate For Calcs": 0.208,
        "Normalized EBITDA": 425035000.0,
        "Net Income From Continuing Operation Net Minority Interest": 325635000.0,
        "Reconciled Depreciation": 45135000.0,
        "Reconciled Cost Of Revenue": 555997000.0,
        "EBITDA": 425035000.0,
        "EBIT": 379900000.0,
        "Net Interest Income": 33956000.0,
        "Interest Income": 33956000.0,
        "Normalized Income": 325635000.0,
        "Net Income From Continuing And Discontinued Operation": 325635000.0,
        "Total Expenses": 640249000.0,
        "Total Operating Income As Reported": 379900000.0,
        "Diluted Average Shares": 974589000.0,
        "Basic Average Shares": 960525000.0,
        "Diluted EPS": 0.33,
        "Basic EPS": 0.34,
        "Diluted NI Availto Com Stockholders": 325635000.0,
        "Net Income Common Stockholders": 325635000.0,
        "Net Income": 325635000.0,
        "Minority Interests": 108000.0,
        "Net Income Including Noncontrolling Interests": 325527000.0,
        "Net Income Continuous Operations": 325527000.0,
        "Tax Provision": 85226000.0,
        "Pretax Income": 410753000.0,
        "Other Income Expense": -3103000.0,
        "Other Non Operating Income Expenses": -3103000.0,
        "Net Non Operating Interest Income Expense": 33956000.0,
        "Total Other Finance Cost": -33956000.0,
        "Interest Income Non Operating": 33956000.0,
        "Operating Income": 379900000.0,
        "Operating Expense": 84252000.0,
        "Selling General And Administration": 84252000.0,
        "General And Administrative Expense": 84252000.0,
        "Other Gand A": 84252000.0,
        "Gross Profit": 464152000.0,
        "Cost Of Revenue": 555997000.0,
        "Total Revenue": 1020149000.0,
        "Operating Revenue": 1020149000.0
    },
    "2024-04-30": {
        "Tax Effect Of Unusual Items": 0.0,
        "Tax Rate For Calcs": 0.191,
        "Normalized EBITDA": 487896000.0,
        "Net Income From Continuing Operation Net Minority Interest": 382291000.0,
        "Reconciled Depreciation": 50693000.0,
        "Reconciled Cost Of Revenue": 601754000.0,
        "EBITDA": 487896000.0,
        "EBIT": 437203000.0,
        "Net Interest Income": 36218000.0,
        "Interest Income": 36218000.0,
        "Normalized Income": 382291000.0,
        "Net Income From Continuing And Discontinued Operation": 382291000.0,
        "Total Expenses": 690056000.0,
        "Total Operating Income As Reported": 437203000.0,
        "Diluted Average Shares": 976445000.0,
        "Basic Average Shares": 961813000.0,
        "Diluted EPS": 0.39,
        "Basic EPS": 0.4,
        "Diluted NI Availto Com Stockholders": 382291000.0,
        "Net Income Common Stockholders": 382291000.0,
        "Net Income": 382291000.0,
        "Minority Interests": 181000.0,
        "Net Income Including Noncontrolling Interests": 382110000.0,
        "Net Income Continuous Operations": 382110000.0,
        "Tax Provision": 90002000.0,
        "Pretax Income": 472112000.0,
        "Other Income Expense": -1309000.0,
        "Other Non Operating Income Expenses": -1309000.0,
        "Net Non Operating Interest Income Expense": 36218000.0,
        "Total Other Finance Cost": -36218000.0,
        "Interest Income Non Operating": 36218000.0,
        "Operating Income": 437203000.0,
        "Operating Expense": 88302000.0,
        "Selling General And Administration": 88302000.0,
        "General And Administrative Expense": 88302000.0,
        "Other Gand A": 88302000.0,
        "Gross Profit": 525505000.0,
        "Cost Of Revenue": 601754000.0,
        "Total Revenue": 1127259000.0,
        "Operating Revenue": 1127259000.0
    },
    "2024-07-31": {
        "Tax Effect Of Unusual Items": 0.0,
        "Tax Rate For Calcs": 0.211174,
        "Normalized EBITDA": 410622000.0,
        "Net Income From Continuing Operation Net Minority Interest": 322567000.0,
        "Reconciled Depreciation": 51078000.0,
        "Reconciled Cost Of Revenue": 615423000.0,
        "EBITDA": 410622000.0,
        "EBIT": 359544000.0,
        "Net Interest Income": 43494000.0,
        "Interest Income": NaN,
        "Normalized Income": 322567000.0,
        "Net Income From Continuing And Discontinued Operation": 322567000.0,
        "Total Expenses": 709455000.0,
        "Total Operating Income As Reported": 359544000.0,
        "Diluted Average Shares": NaN,
        "Basic Average Shares": NaN,
        "Diluted EPS": NaN,
        "Basic EPS": NaN,
        "Diluted NI Availto Com Stockholders": 322567000.0,
        "Net Income Common Stockholders": 322567000.0,
        "Net Income": 322567000.0,
        "Minority Interests": 389000.0,
        "Net Income Including Noncontrolling Interests": 322178000.0,
        "Net Income Continuous Operations": 322178000.0,
        "Tax Provision": 86249000.0,
        "Pretax Income": 408427000.0,
        "Other Income Expense": 5389000.0,
        "Other Non Operating Income Expenses": 5389000.0,
        "Net Non Operating Interest Income Expense": 43494000.0,
        "Total Other Finance Cost": NaN,
        "Interest Income Non Operating": NaN,
        "Operating Income": 359544000.0,
        "Operating Expense": 94032000.0,
        "Selling General And Administration": 94032000.0,
        "General And Administrative Expense": 94032000.0,
        "Other Gand A": 94032000.0,
        "Gross Profit": 453576000.0,
        "Cost Of Revenue": 615423000.0,
        "Total Revenue": 1068999000.0,
        "Operating Revenue": 1068999000.0
    },
    "2024-10-31": {
        "Tax Effect Of Unusual Items": 0.0,
        "Tax Rate For Calcs": 0.199731,
        "Normalized EBITDA": 461229000.0,
        "Net Income From Continuing Operation Net Minority Interest": 362086000.0,
        "Reconciled Depreciation": 54862000.0,
        "Reconciled Cost Of Revenue": 634724000.0,
        "EBITDA": 461229000.0,
        "EBIT": 406367000.0,
        "Net Interest Income": 45547000.0,
        "Interest Income": 45547000.0,
        "Normalized Income": 362086000.0,
        "Net Income From Continuing And Discontinued Operation": 362086000.0,
        "Total Expenses": 740462000.0,
        "Total Operating Income As Reported": 406367000.0,
        "Diluted Average Shares": 976506000.0,
        "Basic Average Shares": 963176000.0,
        "Diluted EPS": 0.37,
        "Basic EPS": 0.38,
        "Diluted NI Availto Com Stockholders": 362086000.0,
        "Net Income Common Stockholders": 362086000.0,
        "Net Income": 362086000.0,
        "Minority Interests": 910000.0,
        "Net Income Including Noncontrolling Interests": 361176000.0,
        "Net Income Continuous Operations": 361176000.0,
        "Tax Provision": 90142000.0,
        "Pretax Income": 451318000.0,
        "Other Income Expense": -596000.0,
        "Other Non Operating Income Expenses": -596000.0,
        "Net Non Operating Interest Income Expense": 45547000.0,
        "Total Other Finance Cost": NaN,
        "Interest Income Non Operating": 45547000.0,
        "Operating Income": 406367000.0,
        "Operating Expense": 105738000.0,
        "Selling General And Administration": 105738000.0,
        "General And Administrative Expense": 105738000.0,
        "Other Gand A": 105738000.0,
        "Gross Profit": 512105000.0,
        "Cost Of Revenue": 634724000.0,
        "Total Revenue": 1146829000.0,
        "Operating Revenue": 1146829000.0
    }
}