{
    "2023-03-31": {
        "Tax Effect Of Unusual Items": NaN,
        "Tax Rate For Calcs": NaN,
        "Normalized EBITDA": NaN,
        "Total Unusual Items": NaN,
        "Total Unusual Items Excluding Goodwill": NaN,
        "Net Income From Continuing Operation Net Minority Interest": NaN,
        "Reconciled Depreciation": NaN,
        "Reconciled Cost Of Revenue": NaN,
        "EBITDA": NaN,
        "EBIT": NaN,
        "Net Interest Income": NaN,
        "Interest Expense": NaN,
        "Normalized Income": NaN,
        "Net Income From Continuing And Discontinued Operation": NaN,
        "Total Expenses": NaN,
        "Total Operating Income As Reported": NaN,
        "Diluted Average Shares": NaN,
        "Basic Average Shares": NaN,
        "Diluted EPS": NaN,
        "Basic EPS": NaN,
        "Diluted NI Availto Com Stockholders": NaN,
        "Net Income Common Stockholders": NaN,
        "Net Income": NaN,
        "Minority Interests": NaN,
        "Net Income Including Noncontrolling Interests": NaN,
        "Net Income Continuous Operations": NaN,
        "Tax Provision": NaN,
        "Pretax Income": NaN,
        "Other Income Expense": NaN,
        "Other Non Operating Income Expenses": NaN,
        "Special Income Charges": NaN,
        "Gain On Sale Of Ppe": NaN,
        "Gain On Sale Of Business": 0.0,
        "Other Special Charges": 81885000.0,
        "Write Off": 0.0,
        "Impairment Of Capital Assets": NaN,
        "Restructuring And Mergern Acquisition": NaN,
        "Earnings From Equity Interest": NaN,
        "Gain On Sale Of Security": NaN,
        "Net Non Operating Interest Income Expense": NaN,
        "Total Other Finance Cost": NaN,
        "Interest Expense Non Operating": NaN,
        "Operating Income": NaN,
        "Operating Expense": NaN,
        "Depreciation Amortization Depletion Income Statement": NaN,
        "Depreciation And Amortization In Income Statement": NaN,
        "Amortization": NaN,
        "Amortization Of Intangibles Income Statement": NaN,
        "Selling General And Administration": NaN,
        "General And Administrative Expense": NaN,
        "Other Gand A": NaN,
        "Salaries And Wages": NaN,
        "Gross Profit": NaN,
        "Cost Of Revenue": NaN,
        "Total Revenue": NaN,
        "Operating Revenue": NaN
    },
    "2022-12-31": {
        "Tax Effect Of Unusual Items": NaN,
        "Tax Rate For Calcs": NaN,
        "Normalized EBITDA": NaN,
        "Total Unusual Items": NaN,
        "Total Unusual Items Excluding Goodwill": NaN,
        "Net Income From Continuing Operation Net Minority Interest": NaN,
        "Reconciled Depreciation": NaN,
        "Reconciled Cost Of Revenue": NaN,
        "EBITDA": NaN,
        "EBIT": NaN,
        "Net Interest Income": NaN,
        "Interest Expense": NaN,
        "Normalized Income": NaN,
        "Net Income From Continuing And Discontinued Operation": NaN,
        "Total Expenses": NaN,
        "Total Operating Income As Reported": NaN,
        "Diluted Average Shares": NaN,
        "Basic Average Shares": NaN,
        "Diluted EPS": NaN,
        "Basic EPS": NaN,
        "Diluted NI Availto Com Stockholders": NaN,
        "Net Income Common Stockholders": NaN,
        "Net Income": NaN,
        "Minority Interests": NaN,
        "Net Income Including Noncontrolling Interests": NaN,
        "Net Income Continuous Operations": NaN,
        "Tax Provision": NaN,
        "Pretax Income": NaN,
        "Other Income Expense": NaN,
        "Other Non Operating Income Expenses": NaN,
        "Special Income Charges": NaN,
        "Gain On Sale Of Ppe": 0.0,
        "Gain On Sale Of Business": 0.0,
        "Other Special Charges": NaN,
        "Write Off": 42873000.0,
        "Impairment Of Capital Assets": NaN,
        "Restructuring And Mergern Acquisition": NaN,
        "Earnings From Equity Interest": NaN,
        "Gain On Sale Of Security": NaN,
        "Net Non Operating Interest Income Expense": NaN,
        "Total Other Finance Cost": NaN,
        "Interest Expense Non Operating": NaN,
        "Operating Income": NaN,
        "Operating Expense": NaN,
        "Depreciation Amortization Depletion Income Statement": NaN,
        "Depreciation And Amortization In Income Statement": NaN,
        "Amortization": NaN,
        "Amortization Of Intangibles Income Statement": NaN,
        "Selling General And Administration": NaN,
        "General And Administrative Expense": NaN,
        "Other Gand A": NaN,
        "Salaries And Wages": NaN,
        "Gross Profit": NaN,
        "Cost Of Revenue": NaN,
        "Total Revenue": NaN,
        "Operating Revenue": NaN
    },
    "2022-09-30": {
        "Tax Effect Of Unusual Items": NaN,
        "Tax Rate For Calcs": NaN,
        "Normalized EBITDA": NaN,
        "Total Unusual Items": NaN,
        "Total Unusual Items Excluding Goodwill": NaN,
        "Net Income From Continuing Operation Net Minority Interest": NaN,
        "Reconciled Depreciation": NaN,
        "Reconciled Cost Of Revenue": NaN,
        "EBITDA": NaN,
        "EBIT": NaN,
        "Net Interest Income": NaN,
        "Interest Expense": NaN,
        "Normalized Income": NaN,
        "Net Income From Continuing And Discontinued Operation": NaN,
        "Total Expenses": NaN,
        "Total Operating Income As Reported": NaN,
        "Diluted Average Shares": NaN,
        "Basic Average Shares": NaN,
        "Diluted EPS": NaN,
        "Basic EPS": NaN,
        "Diluted NI Availto Com Stockholders": NaN,
        "Net Income Common Stockholders": NaN,
        "Net Income": NaN,
        "Minority Interests": NaN,
        "Net Income Including Noncontrolling Interests": NaN,
        "Net Income Continuous Operations": NaN,
        "Tax Provision": NaN,
        "Pretax Income": NaN,
        "Other Income Expense": NaN,
        "Other Non Operating Income Expenses": NaN,
        "Special Income Charges": NaN,
        "Gain On Sale Of Ppe": 0.0,
        "Gain On Sale Of Business": NaN,
        "Other Special Charges": NaN,
        "Write Off": 379000.0,
        "Impairment Of Capital Assets": NaN,
        "Restructuring And Mergern Acquisition": NaN,
        "Earnings From Equity Interest": NaN,
        "Gain On Sale Of Security": NaN,
        "Net Non Operating Interest Income Expense": NaN,
        "Total Other Finance Cost": NaN,
        "Interest Expense Non Operating": NaN,
        "Operating Income": NaN,
        "Operating Expense": NaN,
        "Depreciation Amortization Depletion Income Statement": NaN,
        "Depreciation And Amortization In Income Statement": NaN,
        "Amortization": NaN,
        "Amortization Of Intangibles Income Statement": NaN,
        "Selling General And Administration": NaN,
        "Gross Profit": NaN,
        "Cost Of Revenue": NaN,
        "Total Revenue": NaN,
        "Operating Revenue": NaN
    },
    "2022-06-30": {
        "Tax Effect Of Unusual Items": 11508000.0,
        "Tax Rate For Calcs": 0.4,
        "Normalized EBITDA": -11050000.0,
        "Total Unusual Items": 28770000.0,
        "Total Unusual Items Excluding Goodwill": 28770000.0,
        "Net Income From Continuing Operation Net Minority Interest": -33247000.0,
        "Reconciled Depreciation": 31412000.0,
        "Reconciled Cost Of Revenue": 560866000.0,
        "EBITDA": 17720000.0,
        "EBIT": -13692000.0,
        "Net Interest Income": -18568000.0,
        "Interest Expense": 18454000.0,
        "Normalized Income": -50509000.0,
        "Net Income From Continuing And Discontinued Operation": -33247000.0,
        "Total Expenses": 644560000.0,
        "Total Operating Income As Reported": -8737000.0,
        "Diluted Average Shares": 17189128.0,
        "Basic Average Shares": 17189128.0,
        "Diluted EPS": -1.93,
        "Basic EPS": -1.93,
        "Diluted NI Availto Com Stockholders": -33247000.0,
        "Net Income Common Stockholders": -33247000.0,
        "Net Income": -33247000.0,
        "Minority Interests": 904000.0,
        "Net Income Including Noncontrolling Interests": -34151000.0,
        "Net Income Continuous Operations": -34151000.0,
        "Tax Provision": 2005000.0,
        "Pretax Income": -32146000.0,
        "Other Income Expense": 25065000.0,
        "Other Non Operating Income Expenses": -259000.0,
        "Special Income Charges": 29906000.0,
        "Gain On Sale Of Ppe": 33391000.0,
        "Gain On Sale Of Business": 0.0,
        "Other Special Charges": NaN,
        "Write Off": 3000.0,
        "Restructuring And Mergern Acquisition": 3482000.0,
        "Earnings From Equity Interest": -3446000.0,
        "Gain On Sale Of Security": -1136000.0,
        "Net Non Operating Interest Income Expense": -18568000.0,
        "Total Other Finance Cost": 114000.0,
        "Interest Expense Non Operating": 18454000.0,
        "Operating Income": -38643000.0,
        "Operating Expense": 54019000.0,
        "Depreciation Amortization Depletion Income Statement": 1737000.0,
        "Depreciation And Amortization In Income Statement": 1737000.0,
        "Amortization": 1737000.0,
        "Amortization Of Intangibles Income Statement": 1737000.0,
        "Selling General And Administration": 52282000.0,
        "General And Administrative Expense": NaN,
        "Other Gand A": NaN,
        "Salaries And Wages": NaN,
        "Gross Profit": 15376000.0,
        "Cost Of Revenue": 590541000.0,
        "Total Revenue": 605917000.0,
        "Operating Revenue": 605917000.0
    },
    "2022-03-31": {
        "Diluted EPS": -3.58,
        "Total Revenue": 613,
        "Gross Profit": 22,
        "Operating Income": -40,
        "EBIT": -8,
        "Net Income": -61
    },
    "2021-12-31": {
        "Diluted EPS": -6.01,
        "Total Revenue": 601,
        "Gross Profit": 28,
        "Operating Income": -59,
        "EBIT": -25,
        "Net Income": -102
    },
    "2021-09-30": {
        "Diluted EPS": -7.2,
        "Total Revenue": 527,
        "Gross Profit": -8,
        "Operating Income": -73,
        "EBIT": -37,
        "Net Income": -123
    },
    "2021-06-30": {
        "Diluted EPS": -3.73,
        "Total Revenue": 533,
        "Gross Profit": -1,
        "Operating Income": -66,
        "EBIT": -30,
        "Net Income": -64
    },
    "2021-03-31": {
        "Diluted EPS": -2.0,
        "Total Revenue": 669,
        "Gross Profit": 68,
        "Operating Income": -12,
        "EBIT": 22,
        "Net Income": -34
    },
    "2020-12-31": {
        "Diluted EPS": -1.6,
        "Total Revenue": 697,
        "Gross Profit": 80,
        "Operating Income": -19,
        "EBIT": 19,
        "Net Income": -27
    },
    "2020-09-30": {
        "Diluted EPS": 0.26,
        "Total Revenue": 683,
        "Gross Profit": 84,
        "Operating Income": 19,
        "EBIT": 55,
        "Net Income": 4
    },
    "2020-06-30": {
        "Diluted EPS": -7.93,
        "Total Revenue": 340,
        "Gross Profit": -60,
        "Operating Income": -154,
        "EBIT": -112,
        "Net Income": -134
    },
    "2020-03-31": {
        "Diluted EPS": -6.55,
        "Total Revenue": 655,
        "Gross Profit": 43,
        "Operating Income": -114,
        "EBIT": -77,
        "Net Income": -111
    },
    "2019-12-31": {
        "Diluted EPS": -3.84,
        "Total Revenue": 726,
        "Gross Profit": 66,
        "Operating Income": -55,
        "EBIT": -15,
        "Net Income": -67
    },
    "2019-09-30": {
        "Diluted EPS": -0.29,
        "Total Revenue": 740,
        "Gross Profit": 80,
        "Operating Income": 4,
        "EBIT": 41,
        "Net Income": -5
    },
    "2019-06-30": {
        "Diluted EPS": 8.36,
        "Total Revenue": 765,
        "Gross Profit": 98,
        "Operating Income": 200,
        "EBIT": 238,
        "Net Income": 145
    },
    "2019-03-31": {
        "Diluted EPS": -0.31,
        "Total Revenue": 878,
        "Gross Profit": 116,
        "Operating Income": 7,
        "EBIT": 44,
        "Net Income": -5
    },
    "2018-12-31": {
        "Diluted EPS": -1.46,
        "Total Revenue": 867,
        "Gross Profit": 106,
        "Operating Income": -73,
        "EBIT": -36,
        "Net Income": -27
    },
    "2018-09-30": {
        "Diluted EPS": 1.77,
        "Total Revenue": 862,
        "Gross Profit": 120,
        "Operating Income": 42,
        "EBIT": 78,
        "Net Income": 32
    },
    "2018-06-30": {
        "Diluted EPS": 2.28,
        "Total Revenue": 928,
        "Gross Profit": 151,
        "Operating Income": 62,
        "EBIT": 99,
        "Net Income": 42
    },
    "2018-03-31": {
        "Diluted EPS": 3.07,
        "Total Revenue": 967,
        "Gross Profit": 171,
        "Operating Income": 80,
        "EBIT": 116,
        "Net Income": 57
    },
    "2017-12-31": {
        "Diluted EPS": 1.69,
        "Total Revenue": 938,
        "Gross Profit": 178,
        "Operating Income": 77,
        "EBIT": 115,
        "Net Income": 31
    },
    "2017-09-30": {
        "Diluted EPS": 1.32,
        "Total Revenue": 869,
        "Gross Profit": 151,
        "Operating Income": 50,
        "EBIT": 84,
        "Net Income": 25
    },
    "2017-06-30": {
        "Diluted EPS": 2.14,
        "Total Revenue": 909,
        "Gross Profit": 172,
        "Operating Income": 75,
        "EBIT": 108,
        "Net Income": 40
    },
    "2017-03-31": {
        "Diluted EPS": 2.2,
        "Total Revenue": 902,
        "Gross Profit": 170,
        "Operating Income": 65,
        "EBIT": 97,
        "Net Income": 42
    },
    "2016-12-31": {
        "Diluted EPS": 1.65,
        "Total Revenue": 875,
        "Gross Profit": 168,
        "Operating Income": 63,
        "EBIT": 94,
        "Net Income": 31
    },
    "2016-09-30": {
        "Diluted EPS": 1.94,
        "Total Revenue": 856,
        "Gross Profit": 165,
        "Operating Income": 58,
        "EBIT": 90,
        "Net Income": 36
    },
    "2016-06-30": {
        "Diluted EPS": 2.16,
        "Total Revenue": 879,
        "Gross Profit": 172,
        "Operating Income": 64,
        "EBIT": 94,
        "Net Income": 40
    },
    "2016-03-31": {
        "Diluted EPS": 1.67,
        "Total Revenue": 862,
        "Gross Profit": 160,
        "Operating Income": 62,
        "EBIT": 92,
        "Net Income": 31
    },
    "2015-12-31": {
        "Diluted EPS": 1.17,
        "Total Revenue": 854,
        "Gross Profit": 154,
        "Operating Income": 28,
        "EBIT": 57,
        "Net Income": 22
    },
    "2015-09-30": {
        "Diluted EPS": 1.78,
        "Total Revenue": 828,
        "Gross Profit": 148,
        "Operating Income": 57,
        "EBIT": 87,
        "Net Income": 33
    },
    "2015-06-30": {
        "Diluted EPS": 1.98,
        "Total Revenue": 861,
        "Gross Profit": 154,
        "Operating Income": 59,
        "EBIT": 88,
        "Net Income": 36
    },
    "2015-03-31": {
        "Diluted EPS": 1.15,
        "Total Revenue": 800,
        "Gross Profit": 131,
        "Operating Income": 32,
        "EBIT": 59,
        "Net Income": 21
    },
    "2014-12-31": {
        "Diluted EPS": -0.66,
        "Total Revenue": 768,
        "Gross Profit": 118,
        "Operating Income": 7,
        "EBIT": 35,
        "Net Income": -13
    },
    "2014-09-30": {
        "Diluted EPS": 1.23,
        "Total Revenue": 781,
        "Gross Profit": 111,
        "Operating Income": 54,
        "EBIT": 82,
        "Net Income": 23
    },
    "2014-06-30": {
        "Diluted EPS": 0.72,
        "Total Revenue": 858,
        "Gross Profit": 146,
        "Operating Income": 56,
        "EBIT": 85,
        "Net Income": 13
    },
    "2014-03-31": {
        "Diluted EPS": 1.1,
        "Total Revenue": 838,
        "Gross Profit": 134,
        "Operating Income": 47,
        "EBIT": 75,
        "Net Income": 20
    },
    "2013-12-31": {
        "Diluted EPS": -1.04,
        "Total Revenue": 794,
        "Gross Profit": 105,
        "Operating Income": 15,
        "EBIT": 42,
        "Net Income": -16
    },
    "2013-09-30": {
        "Diluted EPS": 1.08,
        "Total Revenue": 764,
        "Gross Profit": 115,
        "Operating Income": 36,
        "EBIT": 62,
        "Net Income": 15
    },
    "2013-06-30": {
        "Diluted EPS": 1.34,
        "Total Revenue": 785,
        "Gross Profit": 132,
        "Operating Income": 55,
        "EBIT": 83,
        "Net Income": 21
    },
    "2013-03-31": {
        "Diluted EPS": 0.86,
        "Total Revenue": 748,
        "Gross Profit": 120,
        "Operating Income": 37,
        "EBIT": 66,
        "Net Income": 15
    },
    "2012-12-31": {
        "Diluted EPS": -0.48,
        "Total Revenue": 697,
        "Gross Profit": 100,
        "Operating Income": -2,
        "EBIT": 29,
        "Net Income": -10
    },
    "2012-09-30": {
        "Diluted EPS": 0.44,
        "Total Revenue": 684,
        "Gross Profit": 103,
        "Operating Income": 24,
        "EBIT": 53,
        "Net Income": 8
    },
    "2012-06-30": {
        "Diluted EPS": 3.28,
        "Total Revenue": 735,
        "Gross Profit": 114,
        "Operating Income": 42,
        "EBIT": 72,
        "Net Income": 61
    },
    "2012-03-31": {
        "Diluted EPS": 0.9,
        "Total Revenue": 765,
        "Gross Profit": 122,
        "Operating Income": 40,
        "EBIT": 72,
        "Net Income": 17
    },
    "2011-12-31": {
        "Diluted EPS": 0.86,
        "Total Revenue": 696,
        "Gross Profit": 98,
        "Operating Income": 23,
        "EBIT": 54,
        "Net Income": 16
    },
    "2011-09-30": {
        "Diluted EPS": 0.58,
        "Total Revenue": 709,
        "Gross Profit": 109,
        "Operating Income": 34,
        "EBIT": 66,
        "Net Income": 11
    },
    "2011-06-30": {
        "Diluted EPS": 0.71,
        "Total Revenue": 760,
        "Gross Profit": 124,
        "Operating Income": 17,
        "EBIT": 49,
        "Net Income": 14
    },
    "2011-03-31": {
        "Diluted EPS": 1.78,
        "Total Revenue": 689,
        "Gross Profit": 121,
        "Operating Income": 51,
        "EBIT": 81,
        "Net Income": 35
    },
    "2010-12-31": {
        "Diluted EPS": 0.39,
        "Total Revenue": 604,
        "Gross Profit": 97,
        "Operating Income": 26,
        "EBIT": 56,
        "Net Income": 10
    },
    "2010-09-30": {
        "Diluted EPS": 0.83,
        "Total Revenue": 586,
        "Gross Profit": 102,
        "Operating Income": 29,
        "EBIT": 57,
        "Net Income": 15
    },
    "2010-06-30": {
        "Diluted EPS": 15.38,
        "Total Revenue": 628,
        "Gross Profit": 106,
        "Operating Income": 37,
        "EBIT": 63,
        "Net Income": 280
    },
    "2010-03-31": {
        "Diluted EPS": 0.0,
        "Total Revenue": 596,
        "Gross Profit": 105,
        "Operating Income": 51,
        "EBIT": 81,
        "Net Income": 3
    },
    "2009-12-31": {
        "Diluted EPS": 0.0,
        "Total Revenue": 578,
        "Gross Profit": 91,
        "Operating Income": 37,
        "EBIT": 68,
        "Net Income": 37
    },
    "2009-09-30": {
        "Diluted EPS": 0.0,
        "Total Revenue": 518,
        "Gross Profit": 82,
        "Operating Income": 25,
        "EBIT": 54,
        "Net Income": 11
    },
    "2009-06-30": {
        "Diluted EPS": 0.0,
        "Total Revenue": 448,
        "Gross Profit": 55,
        "Operating Income": -369,
        "EBIT": -336,
        "Net Income": -349
    },
    "2009-03-31": {
        "Diluted EPS": 0.0,
        "Total Revenue": 402,
        "Gross Profit": 38,
        "Operating Income": -37,
        "EBIT": -6,
        "Net Income": -55
    },
    "2023-06-30": {
        "Tax Effect Of Unusual Items": NaN,
        "Tax Rate For Calcs": NaN,
        "Normalized EBITDA": NaN,
        "Total Unusual Items": NaN,
        "Total Unusual Items Excluding Goodwill": NaN,
        "Net Income From Continuing Operation Net Minority Interest": NaN,
        "Reconciled Depreciation": NaN,
        "Reconciled Cost Of Revenue": NaN,
        "EBITDA": NaN,
        "EBIT": NaN,
        "Net Interest Income": NaN,
        "Interest Expense": NaN,
        "Normalized Income": NaN,
        "Net Income From Continuing And Discontinued Operation": NaN,
        "Total Expenses": NaN,
        "Total Operating Income As Reported": NaN,
        "Diluted Average Shares": NaN,
        "Basic Average Shares": NaN,
        "Diluted EPS": NaN,
        "Basic EPS": NaN,
        "Diluted NI Availto Com Stockholders": NaN,
        "Net Income Common Stockholders": NaN,
        "Net Income": NaN,
        "Minority Interests": NaN,
        "Net Income Including Noncontrolling Interests": NaN,
        "Net Income Continuous Operations": NaN,
        "Tax Provision": NaN,
        "Pretax Income": NaN,
        "Other Income Expense": NaN,
        "Other Non Operating Income Expenses": NaN,
        "Special Income Charges": NaN,
        "Gain On Sale Of Ppe": 0.0,
        "Gain On Sale Of Business": 0.0,
        "Other Special Charges": NaN,
        "Write Off": 654000.0,
        "Impairment Of Capital Assets": 654000.0,
        "Restructuring And Mergern Acquisition": NaN,
        "Earnings From Equity Interest": NaN,
        "Gain On Sale Of Security": NaN,
        "Net Non Operating Interest Income Expense": NaN,
        "Total Other Finance Cost": NaN,
        "Interest Expense Non Operating": NaN,
        "Operating Income": NaN,
        "Operating Expense": NaN,
        "Depreciation Amortization Depletion Income Statement": NaN,
        "Depreciation And Amortization In Income Statement": NaN,
        "Amortization": NaN,
        "Amortization Of Intangibles Income Statement": NaN,
        "Selling General And Administration": NaN,
        "General And Administrative Expense": NaN,
        "Gross Profit": NaN,
        "Cost Of Revenue": NaN,
        "Total Revenue": NaN,
        "Operating Revenue": NaN
    },
    "2023-09-30": {
        "Tax Effect Of Unusual Items": NaN,
        "Tax Rate For Calcs": NaN,
        "Normalized EBITDA": NaN,
        "Total Unusual Items": NaN,
        "Total Unusual Items Excluding Goodwill": NaN,
        "Net Income From Continuing Operation Net Minority Interest": NaN,
        "Reconciled Depreciation": NaN,
        "Reconciled Cost Of Revenue": NaN,
        "EBITDA": NaN,
        "EBIT": NaN,
        "Net Interest Income": NaN,
        "Interest Expense": NaN,
        "Normalized Income": NaN,
        "Net Income From Continuing And Discontinued Operation": NaN,
        "Total Expenses": NaN,
        "Total Operating Income As Reported": NaN,
        "Diluted Average Shares": NaN,
        "Basic Average Shares": NaN,
        "Diluted EPS": NaN,
        "Basic EPS": NaN,
        "Diluted NI Availto Com Stockholders": NaN,
        "Net Income Common Stockholders": NaN,
        "Net Income": NaN,
        "Minority Interests": NaN,
        "Net Income Including Noncontrolling Interests": NaN,
        "Net Income Continuous Operations": NaN,
        "Tax Provision": NaN,
        "Pretax Income": NaN,
        "Other Income Expense": NaN,
        "Other Non Operating Income Expenses": NaN,
        "Special Income Charges": NaN,
        "Gain On Sale Of Ppe": 0.0,
        "Gain On Sale Of Business": -334000.0,
        "Other Special Charges": NaN,
        "Write Off": 0.0,
        "Impairment Of Capital Assets": 0.0,
        "Restructuring And Mergern Acquisition": NaN,
        "Earnings From Equity Interest": NaN,
        "Gain On Sale Of Security": NaN,
        "Net Non Operating Interest Income Expense": NaN,
        "Total Other Finance Cost": NaN,
        "Interest Expense Non Operating": NaN,
        "Operating Income": NaN,
        "Operating Expense": NaN,
        "Depreciation Amortization Depletion Income Statement": NaN,
        "Depreciation And Amortization In Income Statement": NaN,
        "Amortization": NaN,
        "Amortization Of Intangibles Income Statement": NaN,
        "Selling General And Administration": NaN,
        "General And Administrative Expense": NaN,
        "Other Gand A": NaN,
        "Salaries And Wages": NaN,
        "Gross Profit": NaN,
        "Cost Of Revenue": NaN,
        "Total Revenue": NaN,
        "Operating Revenue": NaN
    },
    "2023-12-31": {
        "Tax Effect Of Unusual Items": NaN,
        "Tax Rate For Calcs": NaN,
        "Normalized EBITDA": NaN,
        "Total Unusual Items": NaN,
        "Total Unusual Items Excluding Goodwill": NaN,
        "Net Income From Continuing Operation Net Minority Interest": NaN,
        "Reconciled Depreciation": NaN,
        "Reconciled Cost Of Revenue": NaN,
        "EBITDA": NaN,
        "EBIT": NaN,
        "Net Interest Income": NaN,
        "Interest Expense": NaN,
        "Normalized Income": NaN,
        "Net Income From Continuing And Discontinued Operation": NaN,
        "Total Expenses": NaN,
        "Total Operating Income As Reported": NaN,
        "Diluted Average Shares": NaN,
        "Basic Average Shares": NaN,
        "Diluted EPS": NaN,
        "Basic EPS": NaN,
        "Diluted NI Availto Com Stockholders": NaN,
        "Net Income Common Stockholders": NaN,
        "Net Income": NaN,
        "Minority Interests": NaN,
        "Net Income Including Noncontrolling Interests": NaN,
        "Net Income Continuous Operations": NaN,
        "Tax Provision": NaN,
        "Pretax Income": NaN,
        "Other Income Expense": NaN,
        "Other Non Operating Income Expenses": NaN,
        "Special Income Charges": NaN,
        "Gain On Sale Of Ppe": 0.0,
        "Gain On Sale Of Business": 920000.0,
        "Other Special Charges": 0.0,
        "Impairment Of Capital Assets": 4114000.0,
        "Restructuring And Mergern Acquisition": NaN,
        "Earnings From Equity Interest": NaN,
        "Gain On Sale Of Security": NaN,
        "Net Non Operating Interest Income Expense": NaN,
        "Total Other Finance Cost": NaN,
        "Interest Expense Non Operating": NaN,
        "Operating Income": NaN,
        "Operating Expense": NaN,
        "Depreciation Amortization Depletion Income Statement": NaN,
        "Depreciation And Amortization In Income Statement": NaN,
        "Amortization": NaN,
        "Amortization Of Intangibles Income Statement": NaN,
        "Selling General And Administration": NaN,
        "General And Administrative Expense": NaN,
        "Other Gand A": NaN,
        "Salaries And Wages": NaN,
        "Gross Profit": NaN,
        "Cost Of Revenue": NaN,
        "Total Revenue": NaN,
        "Operating Revenue": NaN
    },
    "2024-03-31": {
        "Tax Effect Of Unusual Items": NaN,
        "Tax Rate For Calcs": NaN,
        "Normalized EBITDA": NaN,
        "Total Unusual Items": NaN,
        "Total Unusual Items Excluding Goodwill": NaN,
        "Net Income From Continuing Operation Net Minority Interest": NaN,
        "Reconciled Depreciation": NaN,
        "Reconciled Cost Of Revenue": NaN,
        "EBITDA": NaN,
        "EBIT": NaN,
        "Net Interest Income": NaN,
        "Interest Expense": NaN,
        "Normalized Income": NaN,
        "Net Income From Continuing And Discontinued Operation": NaN,
        "Total Expenses": NaN,
        "Total Operating Income As Reported": NaN,
        "Diluted Average Shares": 17462136.0,
        "Basic Average Shares": 17462136.0,
        "Diluted EPS": -1.81,
        "Basic EPS": -1.81,
        "Diluted NI Availto Com Stockholders": NaN,
        "Net Income Common Stockholders": NaN,
        "Net Income": NaN,
        "Minority Interests": NaN,
        "Net Income Including Noncontrolling Interests": NaN,
        "Net Income Continuous Operations": NaN,
        "Tax Provision": NaN,
        "Pretax Income": NaN,
        "Other Income Expense": NaN,
        "Other Non Operating Income Expenses": NaN,
        "Special Income Charges": NaN,
        "Gain On Sale Of Ppe": NaN,
        "Gain On Sale Of Business": NaN,
        "Other Special Charges": NaN,
        "Impairment Of Capital Assets": NaN,
        "Restructuring And Mergern Acquisition": NaN,
        "Earnings From Equity Interest": NaN,
        "Gain On Sale Of Security": NaN,
        "Net Non Operating Interest Income Expense": NaN,
        "Total Other Finance Cost": NaN,
        "Interest Expense Non Operating": NaN,
        "Operating Income": NaN,
        "Operating Expense": NaN,
        "Depreciation Amortization Depletion Income Statement": NaN,
        "Depreciation And Amortization In Income Statement": NaN,
        "Amortization": NaN,
        "Amortization Of Intangibles Income Statement": NaN,
        "Selling General And Administration": NaN,
        "General And Administrative Expense": NaN,
        "Other Gand A": NaN,
        "Salaries And Wages": NaN,
        "Gross Profit": NaN,
        "Cost Of Revenue": NaN,
        "Total Revenue": NaN,
        "Operating Revenue": NaN
    },
    "2024-06-30": {
        "Tax Effect Of Unusual Items": NaN,
        "Tax Rate For Calcs": NaN,
        "Normalized EBITDA": NaN,
        "Total Unusual Items": NaN,
        "Total Unusual Items Excluding Goodwill": NaN,
        "Net Income From Continuing Operation Net Minority Interest": NaN,
        "Reconciled Depreciation": NaN,
        "Reconciled Cost Of Revenue": NaN,
        "EBITDA": NaN,
        "EBIT": NaN,
        "Net Interest Income": NaN,
        "Interest Expense": NaN,
        "Normalized Income": NaN,
        "Net Income From Continuing And Discontinued Operation": NaN,
        "Total Expenses": NaN,
        "Total Operating Income As Reported": NaN,
        "Diluted Average Shares": NaN,
        "Basic Average Shares": NaN,
        "Diluted EPS": NaN,
        "Basic EPS": NaN,
        "Diluted NI Availto Com Stockholders": NaN,
        "Net Income Common Stockholders": NaN,
        "Net Income": NaN,
        "Minority Interests": NaN,
        "Net Income Including Noncontrolling Interests": NaN,
        "Net Income Continuous Operations": NaN,
        "Tax Provision": NaN,
        "Pretax Income": NaN,
        "Other Income Expense": NaN,
        "Other Non Operating Income Expenses": NaN,
        "Special Income Charges": NaN,
        "Gain On Sale Of Business": NaN,
        "Impairment Of Capital Assets": 0.0,
        "Restructuring And Mergern Acquisition": NaN,
        "Earnings From Equity Interest": NaN,
        "Gain On Sale Of Security": NaN,
        "Net Non Operating Interest Income Expense": NaN,
        "Total Other Finance Cost": NaN,
        "Interest Expense Non Operating": NaN,
        "Operating Income": NaN,
        "Operating Expense": NaN,
        "Depreciation Amortization Depletion Income Statement": NaN,
        "Depreciation And Amortization In Income Statement": NaN,
        "Amortization": NaN,
        "Amortization Of Intangibles Income Statement": NaN,
        "Selling General And Administration": NaN,
        "General And Administrative Expense": 52408000.0,
        "Other Gand A": 52408000.0,
        "Salaries And Wages": 46787000.0,
        "Gross Profit": NaN,
        "Cost Of Revenue": NaN,
        "Total Revenue": NaN,
        "Operating Revenue": NaN
    },
    "2024-09-30": {
        "Tax Effect Of Unusual Items": -1274700.0,
        "Tax Rate For Calcs": 0.21,
        "Normalized EBITDA": 53079000.0,
        "Total Unusual Items": -6070000.0,
        "Total Unusual Items Excluding Goodwill": -6070000.0,
        "Net Income From Continuing Operation Net Minority Interest": -11057000.0,
        "Reconciled Depreciation": 25916000.0,
        "Reconciled Cost Of Revenue": 584753000.0,
        "EBITDA": 47009000.0,
        "EBIT": 21093000.0,
        "Net Interest Income": -29821000.0,
        "Interest Expense": 29125000.0,
        "Normalized Income": -6261700.0,
        "Net Income From Continuing And Discontinued Operation": -11057000.0,
        "Total Expenses": 660367000.0,
        "Total Operating Income As Reported": 23470000.0,
        "Diluted Average Shares": 17612001.0,
        "Basic Average Shares": 17612001.0,
        "Diluted EPS": -0.63,
        "Basic EPS": -0.63,
        "Diluted NI Availto Com Stockholders": -11057000.0,
        "Net Income Common Stockholders": -11057000.0,
        "Net Income": -11057000.0,
        "Minority Interests": -164000.0,
        "Net Income Including Noncontrolling Interests": -10893000.0,
        "Net Income Continuous Operations": -10893000.0,
        "Tax Provision": 2861000.0,
        "Pretax Income": -8032000.0,
        "Other Income Expense": -3197000.0,
        "Other Non Operating Income Expenses": 1615000.0,
        "Special Income Charges": -1516000.0,
        "Gain On Sale Of Business": 0.0,
        "Impairment Of Capital Assets": 0.0,
        "Restructuring And Mergern Acquisition": 1516000.0,
        "Earnings From Equity Interest": 1258000.0,
        "Gain On Sale Of Security": -4554000.0,
        "Net Non Operating Interest Income Expense": -29821000.0,
        "Total Other Finance Cost": 696000.0,
        "Interest Expense Non Operating": 29125000.0,
        "Operating Income": 24986000.0,
        "Operating Expense": 51326000.0,
        "Depreciation Amortization Depletion Income Statement": 1628000.0,
        "Depreciation And Amortization In Income Statement": 1628000.0,
        "Amortization": 1628000.0,
        "Amortization Of Intangibles Income Statement": 1628000.0,
        "Selling General And Administration": 49698000.0,
        "General And Administrative Expense": NaN,
        "Other Gand A": NaN,
        "Salaries And Wages": NaN,
        "Gross Profit": 76312000.0,
        "Cost Of Revenue": 609041000.0,
        "Total Revenue": 685353000.0,
        "Operating Revenue": 664386000.0
    },
    "2024-12-31": {
        "Tax Effect Of Unusual Items": -79170.0,
        "Tax Rate For Calcs": 0.21,
        "Normalized EBITDA": 56122000.0,
        "Total Unusual Items": -377000.0,
        "Total Unusual Items Excluding Goodwill": -377000.0,
        "Net Income From Continuing Operation Net Minority Interest": 40214000.0,
        "Reconciled Depreciation": 25313000.0,
        "Reconciled Cost Of Revenue": 555038000.0,
        "EBITDA": 55745000.0,
        "EBIT": 30432000.0,
        "Net Interest Income": -29386000.0,
        "Interest Expense": 28598000.0,
        "Normalized Income": 40511830.0,
        "Net Income From Continuing And Discontinued Operation": 40214000.0,
        "Total Expenses": 630432000.0,
        "Total Operating Income As Reported": 31725000.0,
        "Diluted Average Shares": 17992409.0,
        "Basic Average Shares": 17616787.0,
        "Diluted EPS": 2.24,
        "Basic EPS": 2.28,
        "Diluted NI Availto Com Stockholders": 40214000.0,
        "Net Income Common Stockholders": 40214000.0,
        "Net Income": 40214000.0,
        "Minority Interests": -40000.0,
        "Net Income Including Noncontrolling Interests": 40254000.0,
        "Net Income Continuous Operations": 40254000.0,
        "Tax Provision": -38420000.0,
        "Pretax Income": 1834000.0,
        "Other Income Expense": 899000.0,
        "Other Non Operating Income Expenses": -722000.0,
        "Special Income Charges": 1404000.0,
        "Gain On Sale Of Business": 1971000.0,
        "Impairment Of Capital Assets": 713000.0,
        "Restructuring And Mergern Acquisition": 3171000.0,
        "Earnings From Equity Interest": 1998000.0,
        "Gain On Sale Of Security": -1781000.0,
        "Net Non Operating Interest Income Expense": -29386000.0,
        "Total Other Finance Cost": 788000.0,
        "Interest Expense Non Operating": 28598000.0,
        "Operating Income": 30321000.0,
        "Operating Expense": 51699000.0,
        "Depreciation Amortization Depletion Income Statement": 1618000.0,
        "Depreciation And Amortization In Income Statement": 1618000.0,
        "Amortization": 1618000.0,
        "Amortization Of Intangibles Income Statement": 1618000.0,
        "Selling General And Administration": 50081000.0,
        "General And Administrative Expense": NaN,
        "Other Gand A": NaN,
        "Salaries And Wages": NaN,
        "Gross Profit": 82020000.0,
        "Cost Of Revenue": 578733000.0,
        "Total Revenue": 660753000.0,
        "Operating Revenue": 660753000.0
    },
    "2025-03-31": {
        "Tax Effect Of Unusual Items": -421680.0,
        "Tax Rate For Calcs": 0.21,
        "Normalized EBITDA": 58760000.0,
        "Total Unusual Items": -2008000.0,
        "Total Unusual Items Excluding Goodwill": -2008000.0,
        "Net Income From Continuing Operation Net Minority Interest": 1552000.0,
        "Reconciled Depreciation": 23828000.0,
        "Reconciled Cost Of Revenue": 567675000.0,
        "EBITDA": 56752000.0,
        "EBIT": 32924000.0,
        "Net Interest Income": -29217000.0,
        "Interest Expense": 28619000.0,
        "Normalized Income": 3138320.0,
        "Net Income From Continuing And Discontinued Operation": 1552000.0,
        "Total Expenses": 642694000.0,
        "Total Operating Income As Reported": 22264000.0,
        "Diluted Average Shares": 17911855.0,
        "Basic Average Shares": 17712568.0,
        "Diluted EPS": 0.09,
        "Basic EPS": 0.09,
        "Diluted NI Availto Com Stockholders": 1552000.0,
        "Net Income Common Stockholders": 1552000.0,
        "Net Income": 1552000.0,
        "Minority Interests": -50000.0,
        "Net Income Including Noncontrolling Interests": 1602000.0,
        "Net Income Continuous Operations": 1602000.0,
        "Tax Provision": 2703000.0,
        "Pretax Income": 4305000.0,
        "Other Income Expense": 9147000.0,
        "Other Non Operating Income Expenses": 9379000.0,
        "Special Income Charges": -2111000.0,
        "Gain On Sale Of Business": NaN,
        "Impairment Of Capital Assets": NaN,
        "Restructuring And Mergern Acquisition": 2111000.0,
        "Earnings From Equity Interest": 1776000.0,
        "Gain On Sale Of Security": 103000.0,
        "Net Non Operating Interest Income Expense": -29217000.0,
        "Total Other Finance Cost": 598000.0,
        "Interest Expense Non Operating": 28619000.0,
        "Operating Income": 24375000.0,
        "Operating Expense": 52803000.0,
        "Depreciation Amortization Depletion Income Statement": 1612000.0,
        "Depreciation And Amortization In Income Statement": 1612000.0,
        "Amortization": 1612000.0,
        "Amortization Of Intangibles Income Statement": 1612000.0,
        "Selling General And Administration": 51191000.0,
        "General And Administrative Expense": NaN,
        "Other Gand A": NaN,
        "Salaries And Wages": NaN,
        "Gross Profit": 77178000.0,
        "Cost Of Revenue": 589891000.0,
        "Total Revenue": 667069000.0,
        "Operating Revenue": 647625000.0
    },
    "2025-06-30": {
        "Tax Effect Of Unusual Items": -1111740.0,
        "Tax Rate For Calcs": 0.21,
        "Normalized EBITDA": 65135000.0,
        "Total Unusual Items": -5294000.0,
        "Total Unusual Items Excluding Goodwill": -5294000.0,
        "Net Income From Continuing Operation Net Minority Interest": -1401000.0,
        "Reconciled Depreciation": 24521000.0,
        "Reconciled Cost Of Revenue": 590111000.0,
        "EBITDA": 59841000.0,
        "EBIT": 35320000.0,
        "Net Interest Income": -29371000.0,
        "Interest Expense": 28712000.0,
        "Normalized Income": 2781260.0,
        "Net Income From Continuing And Discontinued Operation": -1401000.0,
        "Total Expenses": 665842000.0,
        "Total Operating Income As Reported": 37279000.0,
        "Diluted Average Shares": 17882361.0,
        "Basic Average Shares": 17882361.0,
        "Diluted EPS": -0.08,
        "Basic EPS": -0.08,
        "Diluted NI Availto Com Stockholders": -1401000.0,
        "Net Income Common Stockholders": -1401000.0,
        "Net Income": -1401000.0,
        "Minority Interests": 72000.0,
        "Net Income Including Noncontrolling Interests": -1473000.0,
        "Net Income Continuous Operations": -1473000.0,
        "Tax Provision": 8081000.0,
        "Pretax Income": 6608000.0,
        "Other Income Expense": -4152000.0,
        "Other Non Operating Income Expenses": -566000.0,
        "Special Income Charges": -2852000.0,
        "Gain On Sale Of Business": NaN,
        "Impairment Of Capital Assets": NaN,
        "Restructuring And Mergern Acquisition": 2852000.0,
        "Earnings From Equity Interest": 1708000.0,
        "Gain On Sale Of Security": -2442000.0,
        "Net Non Operating Interest Income Expense": -29371000.0,
        "Total Other Finance Cost": 659000.0,
        "Interest Expense Non Operating": 28712000.0,
        "Operating Income": 40131000.0,
        "Operating Expense": 52920000.0,
        "Depreciation Amortization Depletion Income Statement": 1710000.0,
        "Depreciation And Amortization In Income Statement": 1710000.0,
        "Amortization": 1710000.0,
        "Amortization Of Intangibles Income Statement": 1710000.0,
        "Selling General And Administration": 51210000.0,
        "General And Administrative Expense": 51210000.0,
        "Other Gand A": 51210000.0,
        "Salaries And Wages": NaN,
        "Gross Profit": 93051000.0,
        "Cost Of Revenue": 612922000.0,
        "Total Revenue": 705973000.0,
        "Operating Revenue": 685934000.0
    },
    "2025-09-30": {
        "Tax Effect Of Unusual Items": -1072050.0,
        "Tax Rate For Calcs": 0.21,
        "Normalized EBITDA": 54845000.0,
        "Total Unusual Items": -5105000.0,
        "Total Unusual Items Excluding Goodwill": -5105000.0,
        "Net Income From Continuing Operation Net Minority Interest": -7644000.0,
        "Reconciled Depreciation": 24883000.0,
        "Reconciled Cost Of Revenue": 585224000.0,
        "EBITDA": 49740000.0,
        "EBIT": 24857000.0,
        "Net Interest Income": -29086000.0,
        "Interest Expense": 28614000.0,
        "Normalized Income": -3611050.0,
        "Net Income From Continuing And Discontinued Operation": -7644000.0,
        "Total Expenses": 665503000.0,
        "Total Operating Income As Reported": 26464000.0,
        "Diluted Average Shares": 17925510.0,
        "Basic Average Shares": 17925510.0,
        "Diluted EPS": -0.43,
        "Basic EPS": -0.43,
        "Diluted NI Availto Com Stockholders": -7644000.0,
        "Net Income Common Stockholders": -7644000.0,
        "Net Income": -7644000.0,
        "Minority Interests": -23000.0,
        "Net Income Including Noncontrolling Interests": -7621000.0,
        "Net Income Continuous Operations": -7621000.0,
        "Tax Provision": 3864000.0,
        "Pretax Income": -3757000.0,
        "Other Income Expense": -4670000.0,
        "Other Non Operating Income Expenses": -815000.0,
        "Special Income Charges": -3535000.0,
        "Gain On Sale Of Business": NaN,
        "Impairment Of Capital Assets": NaN,
        "Restructuring And Mergern Acquisition": 3535000.0,
        "Earnings From Equity Interest": 1250000.0,
        "Gain On Sale Of Security": -1570000.0,
        "Net Non Operating Interest Income Expense": -29086000.0,
        "Total Other Finance Cost": 472000.0,
        "Interest Expense Non Operating": 28614000.0,
        "Operating Income": 29999000.0,
        "Operating Expense": 57142000.0,
        "Depreciation Amortization Depletion Income Statement": 1746000.0,
        "Depreciation And Amortization In Income Statement": 1746000.0,
        "Amortization": 1746000.0,
        "Amortization Of Intangibles Income Statement": 1746000.0,
        "Selling General And Administration": 55396000.0,
        "General And Administrative Expense": NaN,
        "Other Gand A": NaN,
        "Salaries And Wages": NaN,
        "Gross Profit": 87141000.0,
        "Cost Of Revenue": 608361000.0,
        "Total Revenue": 695502000.0,
        "Operating Revenue": 675864000.0
    }
}