{
    "2023-06-30": {
        "Tax Effect Of Unusual Items": NaN,
        "Tax Rate For Calcs": NaN,
        "Normalized EBITDA": NaN,
        "Total Unusual Items": NaN,
        "Total Unusual Items Excluding Goodwill": NaN,
        "Net Income From Continuing Operation Net Minority Interest": NaN,
        "Reconciled Depreciation": NaN,
        "Reconciled Cost Of Revenue": NaN,
        "EBITDA": NaN,
        "EBIT": NaN,
        "Net Interest Income": NaN,
        "Interest Expense": NaN,
        "Interest Income": NaN,
        "Normalized Income": NaN,
        "Net Income From Continuing And Discontinued Operation": NaN,
        "Total Expenses": NaN,
        "Total Operating Income As Reported": NaN,
        "Diluted Average Shares": 71900000.0,
        "Basic Average Shares": 69700000.0,
        "Diluted EPS": 1.35,
        "Basic EPS": 1.39,
        "Diluted NI Availto Com Stockholders": NaN,
        "Net Income Common Stockholders": NaN,
        "Net Income": NaN,
        "Net Income Including Noncontrolling Interests": NaN,
        "Net Income Continuous Operations": NaN,
        "Tax Provision": NaN,
        "Pretax Income": NaN,
        "Other Income Expense": NaN,
        "Other Non Operating Income Expenses": NaN,
        "Special Income Charges": NaN,
        "Gain On Sale Of Ppe": NaN,
        "Other Special Charges": NaN,
        "Impairment Of Capital Assets": NaN,
        "Earnings From Equity Interest": NaN,
        "Gain On Sale Of Security": NaN,
        "Net Non Operating Interest Income Expense": NaN,
        "Interest Expense Non Operating": NaN,
        "Interest Income Non Operating": NaN,
        "Operating Income": NaN,
        "Operating Expense": NaN,
        "Other Operating Expenses": NaN,
        "Other Taxes": NaN,
        "Selling General And Administration": NaN,
        "General And Administrative Expense": NaN,
        "Other Gand A": NaN,
        "Gross Profit": NaN,
        "Cost Of Revenue": NaN,
        "Total Revenue": NaN,
        "Operating Revenue": NaN
    },
    "2023-03-31": {
        "Tax Effect Of Unusual Items": NaN,
        "Tax Rate For Calcs": NaN,
        "Normalized EBITDA": NaN,
        "Total Unusual Items": NaN,
        "Total Unusual Items Excluding Goodwill": NaN,
        "Net Income From Continuing Operation Net Minority Interest": NaN,
        "Reconciled Depreciation": NaN,
        "Reconciled Cost Of Revenue": NaN,
        "EBITDA": NaN,
        "EBIT": NaN,
        "Net Interest Income": NaN,
        "Interest Expense": NaN,
        "Interest Income": 12000000.0,
        "Normalized Income": NaN,
        "Net Income From Continuing And Discontinued Operation": NaN,
        "Total Expenses": NaN,
        "Total Operating Income As Reported": NaN,
        "Diluted Average Shares": 73500000.0,
        "Basic Average Shares": 71300000.0,
        "Diluted EPS": 4.09,
        "Basic EPS": 4.22,
        "Diluted NI Availto Com Stockholders": NaN,
        "Net Income Common Stockholders": NaN,
        "Net Income": NaN,
        "Net Income Including Noncontrolling Interests": NaN,
        "Net Income Continuous Operations": NaN,
        "Tax Provision": NaN,
        "Pretax Income": NaN,
        "Other Income Expense": NaN,
        "Other Non Operating Income Expenses": NaN,
        "Special Income Charges": NaN,
        "Gain On Sale Of Ppe": NaN,
        "Impairment Of Capital Assets": NaN,
        "Earnings From Equity Interest": NaN,
        "Gain On Sale Of Security": NaN,
        "Net Non Operating Interest Income Expense": NaN,
        "Interest Expense Non Operating": NaN,
        "Interest Income Non Operating": 12000000.0,
        "Operating Income": NaN,
        "Operating Expense": NaN,
        "Other Operating Expenses": NaN,
        "Other Taxes": NaN,
        "Selling General And Administration": NaN,
        "General And Administrative Expense": NaN,
        "Other Gand A": NaN,
        "Gross Profit": NaN,
        "Cost Of Revenue": NaN,
        "Total Revenue": NaN,
        "Operating Revenue": NaN
    },
    "2022-12-31": {
        "Tax Effect Of Unusual Items": NaN,
        "Tax Rate For Calcs": NaN,
        "Normalized EBITDA": NaN,
        "Total Unusual Items": NaN,
        "Total Unusual Items Excluding Goodwill": NaN,
        "Net Income From Continuing Operation Net Minority Interest": NaN,
        "Reconciled Depreciation": NaN,
        "Reconciled Cost Of Revenue": NaN,
        "EBITDA": NaN,
        "EBIT": NaN,
        "Net Interest Income": NaN,
        "Interest Expense": NaN,
        "Interest Income": NaN,
        "Normalized Income": NaN,
        "Net Income From Continuing And Discontinued Operation": NaN,
        "Total Expenses": NaN,
        "Total Operating Income As Reported": NaN,
        "Diluted Average Shares": NaN,
        "Basic Average Shares": NaN,
        "Diluted EPS": NaN,
        "Basic EPS": NaN,
        "Diluted NI Availto Com Stockholders": NaN,
        "Net Income Common Stockholders": NaN,
        "Net Income": NaN,
        "Minority Interests": 0.0,
        "Net Income Including Noncontrolling Interests": NaN,
        "Net Income Continuous Operations": NaN,
        "Tax Provision": NaN,
        "Pretax Income": NaN,
        "Other Income Expense": NaN,
        "Other Non Operating Income Expenses": NaN,
        "Special Income Charges": NaN,
        "Gain On Sale Of Ppe": NaN,
        "Impairment Of Capital Assets": NaN,
        "Restructuring And Mergern Acquisition": 0.0,
        "Earnings From Equity Interest": NaN,
        "Gain On Sale Of Security": NaN,
        "Net Non Operating Interest Income Expense": NaN,
        "Interest Expense Non Operating": NaN,
        "Interest Income Non Operating": NaN,
        "Operating Income": NaN,
        "Operating Expense": NaN,
        "Other Operating Expenses": NaN,
        "Other Taxes": NaN,
        "Selling General And Administration": NaN,
        "General And Administrative Expense": NaN,
        "Other Gand A": NaN,
        "Gross Profit": NaN,
        "Cost Of Revenue": NaN,
        "Total Revenue": NaN,
        "Operating Revenue": NaN
    },
    "2022-09-30": {
        "Tax Effect Of Unusual Items": NaN,
        "Tax Rate For Calcs": NaN,
        "Normalized EBITDA": NaN,
        "Total Unusual Items": NaN,
        "Total Unusual Items Excluding Goodwill": NaN,
        "Net Income From Continuing Operation Net Minority Interest": NaN,
        "Reconciled Depreciation": NaN,
        "Reconciled Cost Of Revenue": NaN,
        "EBITDA": NaN,
        "EBIT": NaN,
        "Net Interest Income": NaN,
        "Interest Expense": NaN,
        "Interest Income": NaN,
        "Normalized Income": NaN,
        "Net Income From Continuing And Discontinued Operation": NaN,
        "Total Expenses": NaN,
        "Total Operating Income As Reported": NaN,
        "Diluted Average Shares": NaN,
        "Basic Average Shares": NaN,
        "Diluted EPS": NaN,
        "Basic EPS": NaN,
        "Diluted NI Availto Com Stockholders": NaN,
        "Net Income Common Stockholders": NaN,
        "Net Income": NaN,
        "Minority Interests": 0.0,
        "Net Income Including Noncontrolling Interests": NaN,
        "Net Income Continuous Operations": NaN,
        "Tax Provision": NaN,
        "Pretax Income": NaN,
        "Other Income Expense": NaN,
        "Other Non Operating Income Expenses": NaN,
        "Special Income Charges": NaN,
        "Gain On Sale Of Ppe": NaN,
        "Impairment Of Capital Assets": NaN,
        "Restructuring And Mergern Acquisition": 0.0,
        "Earnings From Equity Interest": NaN,
        "Gain On Sale Of Security": NaN,
        "Net Non Operating Interest Income Expense": NaN,
        "Interest Expense Non Operating": NaN,
        "Interest Income Non Operating": NaN,
        "Operating Income": NaN,
        "Operating Expense": NaN,
        "Other Operating Expenses": NaN,
        "Other Taxes": NaN,
        "Selling General And Administration": NaN,
        "General And Administrative Expense": NaN,
        "Other Gand A": NaN,
        "Gross Profit": NaN,
        "Cost Of Revenue": NaN,
        "Total Revenue": NaN,
        "Operating Revenue": NaN
    },
    "2022-06-30": {
        "Tax Effect Of Unusual Items": -28420000.0,
        "Tax Rate For Calcs": 0.29,
        "Normalized EBITDA": 377000000.0,
        "Total Unusual Items": -98000000.0,
        "Total Unusual Items Excluding Goodwill": -98000000.0,
        "Net Income From Continuing Operation Net Minority Interest": 190000000.0,
        "Reconciled Depreciation": 50000000.0,
        "Reconciled Cost Of Revenue": 352000000.0,
        "EBITDA": 279000000.0,
        "EBIT": 279000000.0,
        "Net Interest Income": -13000000.0,
        "Interest Expense": 13000000.0,
        "Normalized Income": 259580000.0,
        "Net Income From Continuing And Discontinued Operation": 190000000.0,
        "Total Expenses": 471000000.0,
        "Total Operating Income As Reported": 278000000.0,
        "Diluted Average Shares": 78800000.0,
        "Basic Average Shares": 76700000.0,
        "Diluted EPS": 2.41,
        "Basic EPS": 2.48,
        "Diluted NI Availto Com Stockholders": 190000000.0,
        "Net Income Common Stockholders": 190000000.0,
        "Net Income": 190000000.0,
        "Minority Interests": 0.0,
        "Net Income Including Noncontrolling Interests": 190000000.0,
        "Net Income Continuous Operations": 190000000.0,
        "Tax Provision": 76000000.0,
        "Pretax Income": 266000000.0,
        "Other Income Expense": -97000000.0,
        "Other Non Operating Income Expenses": 1000000.0,
        "Special Income Charges": 2000000.0,
        "Gain On Sale Of Ppe": 4000000.0,
        "Impairment Of Capital Assets": 2000000.0,
        "Restructuring And Mergern Acquisition": 0.0,
        "Earnings From Equity Interest": NaN,
        "Gain On Sale Of Security": -100000000.0,
        "Net Non Operating Interest Income Expense": -13000000.0,
        "Interest Expense Non Operating": 13000000.0,
        "Operating Income": 376000000.0,
        "Operating Expense": 119000000.0,
        "Other Operating Expenses": 21000000.0,
        "Other Taxes": 42000000.0,
        "Selling General And Administration": 56000000.0,
        "General And Administrative Expense": 56000000.0,
        "Other Gand A": 56000000.0,
        "Gross Profit": 495000000.0,
        "Cost Of Revenue": 352000000.0,
        "Total Revenue": 847000000.0,
        "Operating Revenue": 793000000.0
    },
    "2022-03-31": {
        "Diluted EPS": -2.23,
        "Total Revenue": 153,
        "Gross Profit": -74,
        "Operating Income": -189,
        "EBIT": -140,
        "Net Income": -175
    },
    "2021-12-31": {
        "Diluted EPS": 8.59,
        "Total Revenue": 634,
        "Gross Profit": 374,
        "Operating Income": 334,
        "EBIT": 387,
        "Net Income": 714
    },
    "2021-09-30": {
        "Diluted EPS": 1.25,
        "Total Revenue": 588,
        "Gross Profit": 316,
        "Operating Income": 122,
        "EBIT": 176,
        "Net Income": 103
    },
    "2021-06-30": {
        "Diluted EPS": -1.34,
        "Total Revenue": 304,
        "Gross Profit": 88,
        "Operating Income": -90,
        "EBIT": -36,
        "Net Income": -111
    },
    "2021-03-31": {
        "Diluted EPS": -1.13,
        "Total Revenue": 363,
        "Gross Profit": 114,
        "Operating Income": -73,
        "EBIT": -21,
        "Net Income": -94
    },
    "2020-12-31": {
        "Diluted EPS": 60.9,
        "Total Revenue": 301,
        "Gross Profit": 18,
        "Operating Income": -108,
        "EBIT": -42,
        "Net Income": NaN
    },
    "2020-09-30": {
        "Diluted EPS": 2.2,
        "Total Revenue": 409,
        "Gross Profit": 251,
        "Operating Income": -13,
        "EBIT": 70,
        "Net Income": 109
    },
    "2020-06-30": {
        "Diluted EPS": -5.47,
        "Total Revenue": 276,
        "Gross Profit": 135,
        "Operating Income": -115,
        "EBIT": -43,
        "Net Income": -271
    },
    "2020-03-31": {
        "Diluted EPS": -36.43,
        "Total Revenue": 573,
        "Gross Profit": 365,
        "Operating Income": NaN,
        "EBIT": NaN,
        "Net Income": NaN
    },
    "2019-12-31": {
        "Diluted EPS": -1.32,
        "Total Revenue": 610,
        "Gross Profit": 148,
        "Operating Income": 102,
        "EBIT": 200,
        "Net Income": -67
    },
    "2019-09-30": {
        "Diluted EPS": 1.89,
        "Total Revenue": 681,
        "Gross Profit": 442,
        "Operating Income": 148,
        "EBIT": 248,
        "Net Income": 94
    },
    "2019-06-30": {
        "Diluted EPS": 0.24,
        "Total Revenue": 653,
        "Gross Profit": 423,
        "Operating Income": 122,
        "EBIT": 225,
        "Net Income": 12
    },
    "2019-03-31": {
        "Diluted EPS": -1.38,
        "Total Revenue": 690,
        "Gross Profit": 457,
        "Operating Income": 57,
        "EBIT": 157,
        "Net Income": -67
    },
    "2018-12-31": {
        "Diluted EPS": 7.2,
        "Total Revenue": NaN,
        "Gross Profit": 784,
        "Operating Income": 465,
        "EBIT": 577,
        "Net Income": 347
    },
    "2018-09-30": {
        "Diluted EPS": 1.32,
        "Total Revenue": 828,
        "Gross Profit": 592,
        "Operating Income": 185,
        "EBIT": 293,
        "Net Income": 65
    },
    "2018-06-30": {
        "Diluted EPS": -1.7,
        "Total Revenue": 549,
        "Gross Profit": 318,
        "Operating Income": 11,
        "EBIT": 117,
        "Net Income": -82
    },
    "2018-03-31": {
        "Diluted EPS": -0.05,
        "Total Revenue": 609,
        "Gross Profit": 397,
        "Operating Income": 108,
        "EBIT": 208,
        "Net Income": -2
    },
    "2017-12-31": {
        "Diluted EPS": -3.24,
        "Total Revenue": 455,
        "Gross Profit": 228,
        "Operating Income": -38,
        "EBIT": 75,
        "Net Income": -138
    },
    "2017-09-30": {
        "Diluted EPS": -3.11,
        "Total Revenue": 445,
        "Gross Profit": 223,
        "Operating Income": -45,
        "EBIT": 71,
        "Net Income": -133
    },
    "2017-06-30": {
        "Diluted EPS": -1.13,
        "Total Revenue": 516,
        "Gross Profit": 300,
        "Operating Income": 41,
        "EBIT": 160,
        "Net Income": -48
    },
    "2017-03-31": {
        "Diluted EPS": 1.22,
        "Total Revenue": 590,
        "Gross Profit": 379,
        "Operating Income": 115,
        "EBIT": 237,
        "Net Income": 53
    },
    "2016-12-31": {
        "Diluted EPS": -1.47,
        "Total Revenue": 452,
        "Gross Profit": 235,
        "Operating Income": 10,
        "EBIT": 129,
        "Net Income": -63
    },
    "2016-09-30": {
        "Diluted EPS": 13.04,
        "Total Revenue": 456,
        "Gross Profit": 245,
        "Operating Income": -19,
        "EBIT": 94,
        "Net Income": 532
    },
    "2016-06-30": {
        "Diluted EPS": -3.51,
        "Total Revenue": 317,
        "Gross Profit": 129,
        "Operating Income": -141,
        "EBIT": -17,
        "Net Income": -140
    },
    "2016-03-31": {
        "Diluted EPS": -1.3,
        "Total Revenue": 322,
        "Gross Profit": 138,
        "Operating Income": -143,
        "EBIT": -11,
        "Net Income": -50
    },
    "2015-12-31": {
        "Diluted EPS": -88.03,
        "Total Revenue": 566,
        "Gross Profit": 345,
        "Operating Income": NaN,
        "EBIT": NaN,
        "Net Income": NaN
    },
    "2015-09-30": {
        "Diluted EPS": -2.72,
        "Total Revenue": 626,
        "Gross Profit": 380,
        "Operating Income": -49,
        "EBIT": 204,
        "Net Income": -104
    },
    "2015-06-30": {
        "Diluted EPS": -1.78,
        "Total Revenue": 634,
        "Gross Profit": 392,
        "Operating Income": -4,
        "EBIT": 247,
        "Net Income": -68
    },
    "2015-03-31": {
        "Diluted EPS": -0.26,
        "Total Revenue": 577,
        "Gross Profit": 335,
        "Operating Income": -66,
        "EBIT": 187,
        "Net Income": -100
    },
    "2014-12-31": {
        "Diluted EPS": -39.22,
        "Total Revenue": 820,
        "Gross Profit": 560,
        "Operating Income": NaN,
        "EBIT": NaN,
        "Net Income": NaN
    },
    "2014-09-30": {
        "Diluted EPS": 0.48,
        "Total Revenue": NaN,
        "Gross Profit": 821,
        "Operating Income": 358,
        "EBIT": 662,
        "Net Income": 188
    },
    "2014-06-30": {
        "Diluted EPS": 0.63,
        "Total Revenue": NaN,
        "Gross Profit": 870,
        "Operating Income": 436,
        "EBIT": 729,
        "Net Income": 242
    },
    "2014-03-31": {
        "Diluted EPS": 0.57,
        "Total Revenue": NaN,
        "Gross Profit": 865,
        "Operating Income": 416,
        "EBIT": 705,
        "Net Income": 219
    },
    "2013-09-30": {
        "Diluted EPS": 0.61,
        "Total Revenue": NaN,
        "Gross Profit": 863,
        "Operating Income": 429,
        "EBIT": 429,
        "Net Income": 235
    },
    "2023-09-30": {
        "Tax Effect Of Unusual Items": NaN,
        "Tax Rate For Calcs": NaN,
        "Normalized EBITDA": NaN,
        "Total Unusual Items": NaN,
        "Total Unusual Items Excluding Goodwill": NaN,
        "Net Income From Continuing Operation Net Minority Interest": NaN,
        "Reconciled Depreciation": NaN,
        "Reconciled Cost Of Revenue": NaN,
        "EBITDA": NaN,
        "EBIT": NaN,
        "Net Interest Income": NaN,
        "Interest Expense": NaN,
        "Interest Income": NaN,
        "Normalized Income": NaN,
        "Net Income From Continuing And Discontinued Operation": NaN,
        "Total Expenses": NaN,
        "Total Operating Income As Reported": NaN,
        "Diluted Average Shares": NaN,
        "Basic Average Shares": NaN,
        "Diluted EPS": NaN,
        "Basic EPS": NaN,
        "Diluted NI Availto Com Stockholders": NaN,
        "Net Income Common Stockholders": NaN,
        "Net Income": NaN,
        "Net Income Including Noncontrolling Interests": NaN,
        "Net Income Continuous Operations": NaN,
        "Tax Provision": NaN,
        "Pretax Income": NaN,
        "Other Income Expense": NaN,
        "Other Non Operating Income Expenses": NaN,
        "Special Income Charges": NaN,
        "Gain On Sale Of Ppe": NaN,
        "Other Special Charges": NaN,
        "Impairment Of Capital Assets": 0.0,
        "Earnings From Equity Interest": NaN,
        "Gain On Sale Of Security": NaN,
        "Net Non Operating Interest Income Expense": NaN,
        "Interest Expense Non Operating": NaN,
        "Interest Income Non Operating": NaN,
        "Operating Income": NaN,
        "Operating Expense": NaN,
        "Other Operating Expenses": NaN,
        "Other Taxes": NaN,
        "Selling General And Administration": NaN,
        "General And Administrative Expense": NaN,
        "Other Gand A": NaN,
        "Gross Profit": NaN,
        "Cost Of Revenue": NaN,
        "Total Revenue": NaN,
        "Operating Revenue": NaN
    },
    "2023-12-31": {
        "Tax Effect Of Unusual Items": NaN,
        "Tax Rate For Calcs": NaN,
        "Normalized EBITDA": NaN,
        "Total Unusual Items": NaN,
        "Total Unusual Items Excluding Goodwill": NaN,
        "Net Income From Continuing Operation Net Minority Interest": NaN,
        "Reconciled Depreciation": NaN,
        "Reconciled Cost Of Revenue": NaN,
        "EBITDA": NaN,
        "EBIT": NaN,
        "Net Interest Income": NaN,
        "Interest Expense": NaN,
        "Interest Income": NaN,
        "Normalized Income": NaN,
        "Net Income From Continuing And Discontinued Operation": NaN,
        "Total Expenses": NaN,
        "Total Operating Income As Reported": NaN,
        "Diluted Average Shares": NaN,
        "Basic Average Shares": NaN,
        "Diluted EPS": NaN,
        "Basic EPS": NaN,
        "Diluted NI Availto Com Stockholders": NaN,
        "Net Income Common Stockholders": NaN,
        "Net Income": NaN,
        "Net Income Including Noncontrolling Interests": NaN,
        "Net Income Continuous Operations": NaN,
        "Tax Provision": NaN,
        "Pretax Income": NaN,
        "Other Income Expense": NaN,
        "Other Non Operating Income Expenses": NaN,
        "Special Income Charges": NaN,
        "Gain On Sale Of Ppe": NaN,
        "Other Special Charges": NaN,
        "Impairment Of Capital Assets": 0.0,
        "Earnings From Equity Interest": NaN,
        "Gain On Sale Of Security": NaN,
        "Net Non Operating Interest Income Expense": NaN,
        "Interest Expense Non Operating": NaN,
        "Interest Income Non Operating": NaN,
        "Operating Income": NaN,
        "Operating Expense": NaN,
        "Other Operating Expenses": NaN,
        "Other Taxes": NaN,
        "Selling General And Administration": NaN,
        "General And Administrative Expense": NaN,
        "Other Gand A": NaN,
        "Gross Profit": NaN,
        "Cost Of Revenue": NaN,
        "Total Revenue": NaN,
        "Operating Revenue": NaN
    },
    "2024-03-31": {
        "Tax Effect Of Unusual Items": NaN,
        "Tax Rate For Calcs": NaN,
        "Normalized EBITDA": NaN,
        "Total Unusual Items": NaN,
        "Total Unusual Items Excluding Goodwill": NaN,
        "Net Income From Continuing Operation Net Minority Interest": NaN,
        "Reconciled Depreciation": NaN,
        "Reconciled Cost Of Revenue": NaN,
        "EBITDA": NaN,
        "EBIT": NaN,
        "Net Interest Income": NaN,
        "Interest Expense": NaN,
        "Interest Income": NaN,
        "Normalized Income": NaN,
        "Net Income From Continuing And Discontinued Operation": NaN,
        "Total Expenses": NaN,
        "Total Operating Income As Reported": NaN,
        "Diluted Average Shares": NaN,
        "Basic Average Shares": NaN,
        "Diluted EPS": NaN,
        "Basic EPS": NaN,
        "Diluted NI Availto Com Stockholders": NaN,
        "Net Income Common Stockholders": NaN,
        "Net Income": NaN,
        "Net Income Including Noncontrolling Interests": NaN,
        "Net Income Continuous Operations": NaN,
        "Tax Provision": NaN,
        "Pretax Income": NaN,
        "Other Income Expense": NaN,
        "Other Non Operating Income Expenses": 1000000.0,
        "Special Income Charges": NaN,
        "Gain On Sale Of Ppe": NaN,
        "Other Special Charges": NaN,
        "Impairment Of Capital Assets": 0.0,
        "Earnings From Equity Interest": NaN,
        "Gain On Sale Of Security": NaN,
        "Net Non Operating Interest Income Expense": NaN,
        "Interest Expense Non Operating": NaN,
        "Interest Income Non Operating": NaN,
        "Operating Income": NaN,
        "Operating Expense": NaN,
        "Other Operating Expenses": NaN,
        "Other Taxes": NaN,
        "Selling General And Administration": NaN,
        "General And Administrative Expense": NaN,
        "Other Gand A": NaN,
        "Gross Profit": NaN,
        "Cost Of Revenue": NaN,
        "Total Revenue": NaN,
        "Operating Revenue": NaN
    },
    "2024-06-30": {
        "Tax Effect Of Unusual Items": -2181818.181818,
        "Tax Rate For Calcs": 0.272727,
        "Normalized EBITDA": 89000000.0,
        "Total Unusual Items": -8000000.0,
        "Total Unusual Items Excluding Goodwill": -8000000.0,
        "Net Income From Continuing Operation Net Minority Interest": 8000000.0,
        "Reconciled Depreciation": 53000000.0,
        "Reconciled Cost Of Revenue": 266000000.0,
        "EBITDA": 81000000.0,
        "EBIT": 28000000.0,
        "Net Interest Income": -7000000.0,
        "Interest Expense": 17000000.0,
        "Interest Income": 10000000.0,
        "Normalized Income": 13818181.818182,
        "Net Income From Continuing And Discontinued Operation": 8000000.0,
        "Total Expenses": 463000000.0,
        "Total Operating Income As Reported": 38000000.0,
        "Diluted Average Shares": 70000000.0,
        "Basic Average Shares": 68100000.0,
        "Diluted EPS": 0.11,
        "Basic EPS": 0.12,
        "Diluted NI Availto Com Stockholders": 8000000.0,
        "Net Income Common Stockholders": 8000000.0,
        "Net Income": 8000000.0,
        "Net Income Including Noncontrolling Interests": 8000000.0,
        "Net Income Continuous Operations": 8000000.0,
        "Tax Provision": 3000000.0,
        "Pretax Income": 11000000.0,
        "Other Income Expense": -18000000.0,
        "Other Non Operating Income Expenses": -6000000.0,
        "Special Income Charges": -12000000.0,
        "Gain On Sale Of Ppe": 1000000.0,
        "Other Special Charges": NaN,
        "Impairment Of Capital Assets": 13000000.0,
        "Earnings From Equity Interest": -4000000.0,
        "Gain On Sale Of Security": 4000000.0,
        "Net Non Operating Interest Income Expense": -7000000.0,
        "Interest Expense Non Operating": 17000000.0,
        "Interest Income Non Operating": 10000000.0,
        "Operating Income": 36000000.0,
        "Operating Expense": 197000000.0,
        "Other Operating Expenses": 95000000.0,
        "Other Taxes": 39000000.0,
        "Selling General And Administration": 63000000.0,
        "General And Administrative Expense": 63000000.0,
        "Other Gand A": 63000000.0,
        "Gross Profit": 233000000.0,
        "Cost Of Revenue": 266000000.0,
        "Total Revenue": 499000000.0,
        "Operating Revenue": 499000000.0
    },
    "2024-09-30": {
        "Tax Effect Of Unusual Items": 101790000.0,
        "Tax Rate For Calcs": 0.29,
        "Normalized EBITDA": 301000000.0,
        "Total Unusual Items": 351000000.0,
        "Total Unusual Items Excluding Goodwill": 351000000.0,
        "Net Income From Continuing Operation Net Minority Interest": 345000000.0,
        "Reconciled Depreciation": 140000000.0,
        "Reconciled Cost Of Revenue": 503000000.0,
        "EBITDA": 652000000.0,
        "EBIT": 512000000.0,
        "Net Interest Income": -22000000.0,
        "Interest Expense": 29000000.0,
        "Interest Income": 7000000.0,
        "Normalized Income": 95790000.0,
        "Net Income From Continuing And Discontinued Operation": 345000000.0,
        "Total Expenses": 835000000.0,
        "Total Operating Income As Reported": 518000000.0,
        "Diluted Average Shares": 91200000.0,
        "Basic Average Shares": 89400000.0,
        "Diluted EPS": 3.78,
        "Basic EPS": 3.86,
        "Diluted NI Availto Com Stockholders": 345000000.0,
        "Net Income Common Stockholders": 345000000.0,
        "Net Income": 345000000.0,
        "Net Income Including Noncontrolling Interests": 345000000.0,
        "Net Income Continuous Operations": 345000000.0,
        "Tax Provision": 138000000.0,
        "Pretax Income": 483000000.0,
        "Other Income Expense": 350000000.0,
        "Other Non Operating Income Expenses": 1000000.0,
        "Special Income Charges": -5000000.0,
        "Gain On Sale Of Ppe": 0.0,
        "Other Special Charges": 5000000.0,
        "Impairment Of Capital Assets": 0.0,
        "Earnings From Equity Interest": -2000000.0,
        "Gain On Sale Of Security": 356000000.0,
        "Net Non Operating Interest Income Expense": -22000000.0,
        "Interest Expense Non Operating": 29000000.0,
        "Interest Income Non Operating": 7000000.0,
        "Operating Income": 155000000.0,
        "Operating Expense": 332000000.0,
        "Other Operating Expenses": 141000000.0,
        "Other Taxes": 85000000.0,
        "Selling General And Administration": 106000000.0,
        "General And Administrative Expense": 106000000.0,
        "Other Gand A": 106000000.0,
        "Gross Profit": 487000000.0,
        "Cost Of Revenue": 503000000.0,
        "Total Revenue": 990000000.0,
        "Operating Revenue": 990000000.0
    },
    "2024-12-31": {
        "Tax Effect Of Unusual Items": -14829268.292683,
        "Tax Rate For Calcs": 0.195122,
        "Normalized EBITDA": 287000000.0,
        "Total Unusual Items": -76000000.0,
        "Total Unusual Items Excluding Goodwill": -76000000.0,
        "Net Income From Continuing Operation Net Minority Interest": 33000000.0,
        "Reconciled Depreciation": 142000000.0,
        "Reconciled Cost Of Revenue": 527000000.0,
        "EBITDA": 211000000.0,
        "EBIT": 69000000.0,
        "Net Interest Income": -26000000.0,
        "Interest Expense": 28000000.0,
        "Interest Income": 2000000.0,
        "Normalized Income": 94170731.707317,
        "Net Income From Continuing And Discontinued Operation": 33000000.0,
        "Total Expenses": 782000000.0,
        "Total Operating Income As Reported": 68000000.0,
        "Diluted Average Shares": 92200000.0,
        "Basic Average Shares": 90800000.0,
        "Diluted EPS": 0.36,
        "Basic EPS": 0.36,
        "Diluted NI Availto Com Stockholders": 33000000.0,
        "Net Income Common Stockholders": 33000000.0,
        "Net Income": 33000000.0,
        "Net Income Including Noncontrolling Interests": 33000000.0,
        "Net Income Continuous Operations": 33000000.0,
        "Tax Provision": 8000000.0,
        "Pretax Income": 41000000.0,
        "Other Income Expense": -75000000.0,
        "Other Non Operating Income Expenses": 2000000.0,
        "Special Income Charges": 3000000.0,
        "Gain On Sale Of Ppe": 4000000.0,
        "Other Special Charges": 0.0,
        "Impairment Of Capital Assets": NaN,
        "Earnings From Equity Interest": -1000000.0,
        "Gain On Sale Of Security": -79000000.0,
        "Net Non Operating Interest Income Expense": -26000000.0,
        "Interest Expense Non Operating": 28000000.0,
        "Interest Income Non Operating": 2000000.0,
        "Operating Income": 142000000.0,
        "Operating Expense": 255000000.0,
        "Other Operating Expenses": 80000000.0,
        "Other Taxes": 80000000.0,
        "Selling General And Administration": 95000000.0,
        "General And Administrative Expense": 95000000.0,
        "Other Gand A": 95000000.0,
        "Gross Profit": 397000000.0,
        "Cost Of Revenue": 527000000.0,
        "Total Revenue": 924000000.0,
        "Operating Revenue": 924000000.0
    },
    "2025-03-31": {
        "Tax Effect Of Unusual Items": 3190000.0,
        "Tax Rate For Calcs": 0.29,
        "Normalized EBITDA": 309000000.0,
        "Total Unusual Items": 11000000.0,
        "Total Unusual Items Excluding Goodwill": 11000000.0,
        "Net Income From Continuing Operation Net Minority Interest": 115000000.0,
        "Reconciled Depreciation": 131000000.0,
        "Reconciled Cost Of Revenue": 507000000.0,
        "EBITDA": 320000000.0,
        "EBIT": 189000000.0,
        "Net Interest Income": -21000000.0,
        "Interest Expense": 27000000.0,
        "Interest Income": 6000000.0,
        "Normalized Income": 107190000.0,
        "Net Income From Continuing And Discontinued Operation": 115000000.0,
        "Total Expenses": 732000000.0,
        "Total Operating Income As Reported": 186000000.0,
        "Diluted Average Shares": 91200000.0,
        "Basic Average Shares": 90600000.0,
        "Diluted EPS": 1.26,
        "Basic EPS": 1.27,
        "Diluted NI Availto Com Stockholders": 115000000.0,
        "Net Income Common Stockholders": 115000000.0,
        "Net Income": 115000000.0,
        "Net Income Including Noncontrolling Interests": 115000000.0,
        "Net Income Continuous Operations": 115000000.0,
        "Tax Provision": 47000000.0,
        "Pretax Income": 162000000.0,
        "Other Income Expense": 15000000.0,
        "Other Non Operating Income Expenses": 5000000.0,
        "Special Income Charges": -1000000.0,
        "Gain On Sale Of Ppe": 0.0,
        "Other Special Charges": 1000000.0,
        "Impairment Of Capital Assets": NaN,
        "Earnings From Equity Interest": -1000000.0,
        "Gain On Sale Of Security": 12000000.0,
        "Net Non Operating Interest Income Expense": -21000000.0,
        "Interest Expense Non Operating": 27000000.0,
        "Interest Income Non Operating": 6000000.0,
        "Operating Income": 168000000.0,
        "Operating Expense": 225000000.0,
        "Other Operating Expenses": 83000000.0,
        "Other Taxes": 70000000.0,
        "Selling General And Administration": 72000000.0,
        "General And Administrative Expense": 72000000.0,
        "Other Gand A": 72000000.0,
        "Gross Profit": 393000000.0,
        "Cost Of Revenue": 507000000.0,
        "Total Revenue": 900000000.0,
        "Operating Revenue": 900000000.0
    },
    "2025-06-30": {
        "Tax Effect Of Unusual Items": 44545454.545455,
        "Tax Rate For Calcs": 0.289256,
        "Normalized EBITDA": 241000000.0,
        "Total Unusual Items": 154000000.0,
        "Total Unusual Items Excluding Goodwill": 154000000.0,
        "Net Income From Continuing Operation Net Minority Interest": 172000000.0,
        "Reconciled Depreciation": 128000000.0,
        "Reconciled Cost Of Revenue": 469000000.0,
        "EBITDA": 395000000.0,
        "EBIT": 267000000.0,
        "Net Interest Income": -20000000.0,
        "Interest Expense": 25000000.0,
        "Interest Income": 5000000.0,
        "Normalized Income": 62545454.545455,
        "Net Income From Continuing And Discontinued Operation": 172000000.0,
        "Total Expenses": 708000000.0,
        "Total Operating Income As Reported": 267000000.0,
        "Diluted Average Shares": 89400000.0,
        "Basic Average Shares": 89000000.0,
        "Diluted EPS": 1.92,
        "Basic EPS": 1.93,
        "Diluted NI Availto Com Stockholders": 172000000.0,
        "Net Income Common Stockholders": 172000000.0,
        "Net Income": 172000000.0,
        "Net Income Including Noncontrolling Interests": 172000000.0,
        "Net Income Continuous Operations": 172000000.0,
        "Tax Provision": 70000000.0,
        "Pretax Income": 242000000.0,
        "Other Income Expense": 154000000.0,
        "Other Non Operating Income Expenses": NaN,
        "Special Income Charges": 0.0,
        "Gain On Sale Of Ppe": 0.0,
        "Other Special Charges": NaN,
        "Impairment Of Capital Assets": 0.0,
        "Earnings From Equity Interest": 0.0,
        "Gain On Sale Of Security": 154000000.0,
        "Net Non Operating Interest Income Expense": -20000000.0,
        "Interest Expense Non Operating": 25000000.0,
        "Interest Income Non Operating": 5000000.0,
        "Operating Income": 108000000.0,
        "Operating Expense": 239000000.0,
        "Other Operating Expenses": 113000000.0,
        "Other Taxes": 47000000.0,
        "Selling General And Administration": 79000000.0,
        "General And Administrative Expense": 79000000.0,
        "Other Gand A": 79000000.0,
        "Gross Profit": 347000000.0,
        "Cost Of Revenue": 469000000.0,
        "Total Revenue": 816000000.0,
        "Operating Revenue": 816000000.0
    }
}