{
    "2023-03-31": {
        "Tax Effect Of Unusual Items": NaN,
        "Tax Rate For Calcs": NaN,
        "Normalized EBITDA": NaN,
        "Total Unusual Items": NaN,
        "Total Unusual Items Excluding Goodwill": NaN,
        "Net Income From Continuing Operation Net Minority Interest": NaN,
        "Reconciled Depreciation": NaN,
        "Reconciled Cost Of Revenue": NaN,
        "EBITDA": NaN,
        "EBIT": NaN,
        "Net Interest Income": NaN,
        "Interest Expense": NaN,
        "Interest Income": NaN,
        "Normalized Income": NaN,
        "Net Income From Continuing And Discontinued Operation": NaN,
        "Total Expenses": NaN,
        "Rent Expense Supplemental": NaN,
        "Total Operating Income As Reported": NaN,
        "Diluted Average Shares": 60099863.0,
        "Basic Average Shares": 60099863.0,
        "Diluted EPS": 491.432069,
        "Basic EPS": 491.432069,
        "Diluted NI Availto Com Stockholders": NaN,
        "Net Income Common Stockholders": NaN,
        "Net Income": NaN,
        "Minority Interests": NaN,
        "Net Income Including Noncontrolling Interests": NaN,
        "Net Income Continuous Operations": NaN,
        "Tax Provision": NaN,
        "Pretax Income": NaN,
        "Other Income Expense": NaN,
        "Other Non Operating Income Expenses": NaN,
        "Special Income Charges": NaN,
        "Gain On Sale Of Ppe": NaN,
        "Gain On Sale Of Business": NaN,
        "Other Special Charges": NaN,
        "Impairment Of Capital Assets": NaN,
        "Earnings From Equity Interest": NaN,
        "Gain On Sale Of Security": NaN,
        "Net Non Operating Interest Income Expense": NaN,
        "Total Other Finance Cost": NaN,
        "Interest Expense Non Operating": NaN,
        "Interest Income Non Operating": NaN,
        "Operating Income": NaN,
        "Operating Expense": NaN,
        "Other Operating Expenses": NaN,
        "Other Taxes": NaN,
        "Provision For Doubtful Accounts": NaN,
        "Depreciation Amortization Depletion Income Statement": NaN,
        "Depreciation And Amortization In Income Statement": NaN,
        "Selling General And Administration": NaN,
        "Selling And Marketing Expense": NaN,
        "General And Administrative Expense": NaN,
        "Other Gand A": NaN,
        "Rent And Landing Fees": NaN,
        "Salaries And Wages": NaN,
        "Gross Profit": NaN,
        "Cost Of Revenue": NaN,
        "Total Revenue": NaN,
        "Operating Revenue": NaN
    },
    "2022-12-31": {
        "Tax Effect Of Unusual Items": NaN,
        "Tax Rate For Calcs": NaN,
        "Normalized EBITDA": NaN,
        "Total Unusual Items": NaN,
        "Total Unusual Items Excluding Goodwill": NaN,
        "Net Income From Continuing Operation Net Minority Interest": NaN,
        "Reconciled Depreciation": NaN,
        "Reconciled Cost Of Revenue": NaN,
        "EBITDA": NaN,
        "EBIT": NaN,
        "Net Interest Income": NaN,
        "Interest Expense": NaN,
        "Interest Income": NaN,
        "Normalized Income": NaN,
        "Net Income From Continuing And Discontinued Operation": NaN,
        "Total Expenses": NaN,
        "Rent Expense Supplemental": NaN,
        "Total Operating Income As Reported": NaN,
        "Diluted Average Shares": 69072306.0,
        "Basic Average Shares": 59078180.0,
        "Diluted EPS": 293.2,
        "Basic EPS": 342.8,
        "Diluted NI Availto Com Stockholders": NaN,
        "Net Income Common Stockholders": NaN,
        "Net Income": NaN,
        "Minority Interests": -20545000000.0,
        "Net Income Including Noncontrolling Interests": NaN,
        "Net Income Continuous Operations": NaN,
        "Tax Provision": NaN,
        "Pretax Income": NaN,
        "Other Income Expense": NaN,
        "Other Non Operating Income Expenses": NaN,
        "Special Income Charges": NaN,
        "Gain On Sale Of Ppe": NaN,
        "Gain On Sale Of Business": NaN,
        "Other Special Charges": NaN,
        "Earnings From Equity Interest": NaN,
        "Gain On Sale Of Security": NaN,
        "Net Non Operating Interest Income Expense": NaN,
        "Total Other Finance Cost": NaN,
        "Interest Expense Non Operating": NaN,
        "Interest Income Non Operating": NaN,
        "Operating Income": NaN,
        "Operating Expense": NaN,
        "Other Operating Expenses": NaN,
        "Other Taxes": NaN,
        "Provision For Doubtful Accounts": NaN,
        "Depreciation Amortization Depletion Income Statement": NaN,
        "Depreciation And Amortization In Income Statement": NaN,
        "Selling General And Administration": NaN,
        "Selling And Marketing Expense": NaN,
        "General And Administrative Expense": NaN,
        "Other Gand A": NaN,
        "Rent And Landing Fees": NaN,
        "Salaries And Wages": NaN,
        "Gross Profit": NaN,
        "Cost Of Revenue": NaN,
        "Total Revenue": NaN,
        "Operating Revenue": NaN
    },
    "2022-09-30": {
        "Tax Effect Of Unusual Items": NaN,
        "Tax Rate For Calcs": NaN,
        "Normalized EBITDA": NaN,
        "Total Unusual Items": NaN,
        "Total Unusual Items Excluding Goodwill": NaN,
        "Net Income From Continuing Operation Net Minority Interest": NaN,
        "Reconciled Depreciation": NaN,
        "Reconciled Cost Of Revenue": NaN,
        "EBITDA": NaN,
        "EBIT": NaN,
        "Net Interest Income": NaN,
        "Interest Expense": NaN,
        "Interest Income": NaN,
        "Normalized Income": NaN,
        "Net Income From Continuing And Discontinued Operation": NaN,
        "Total Expenses": NaN,
        "Rent Expense Supplemental": 7380000000.0,
        "Total Operating Income As Reported": NaN,
        "Diluted Average Shares": NaN,
        "Basic Average Shares": NaN,
        "Diluted EPS": NaN,
        "Basic EPS": NaN,
        "Diluted NI Availto Com Stockholders": NaN,
        "Net Income Common Stockholders": NaN,
        "Net Income": NaN,
        "Minority Interests": NaN,
        "Net Income Including Noncontrolling Interests": NaN,
        "Net Income Continuous Operations": NaN,
        "Tax Provision": NaN,
        "Pretax Income": NaN,
        "Other Income Expense": NaN,
        "Other Non Operating Income Expenses": 1852000000.0,
        "Special Income Charges": NaN,
        "Gain On Sale Of Ppe": NaN,
        "Gain On Sale Of Business": 0.0,
        "Other Special Charges": NaN,
        "Earnings From Equity Interest": NaN,
        "Gain On Sale Of Security": NaN,
        "Net Non Operating Interest Income Expense": NaN,
        "Total Other Finance Cost": NaN,
        "Interest Expense Non Operating": NaN,
        "Interest Income Non Operating": NaN,
        "Operating Income": NaN,
        "Operating Expense": NaN,
        "Other Operating Expenses": NaN,
        "Other Taxes": 869000000.0,
        "Provision For Doubtful Accounts": -21000000.0,
        "Depreciation Amortization Depletion Income Statement": 115000000.0,
        "Depreciation And Amortization In Income Statement": 115000000.0,
        "Selling General And Administration": NaN,
        "Selling And Marketing Expense": NaN,
        "General And Administrative Expense": NaN,
        "Other Gand A": NaN,
        "Rent And Landing Fees": 48000000.0,
        "Salaries And Wages": 2077000000.0,
        "Gross Profit": NaN,
        "Cost Of Revenue": NaN,
        "Total Revenue": NaN,
        "Operating Revenue": NaN
    },
    "2022-06-30": {
        "Tax Effect Of Unusual Items": 7718400000.0,
        "Tax Rate For Calcs": 0.4,
        "Normalized EBITDA": -10364000000.0,
        "Total Unusual Items": 19296000000.0,
        "Total Unusual Items Excluding Goodwill": 19296000000.0,
        "Net Income From Continuing Operation Net Minority Interest": -2938000000.0,
        "Reconciled Depreciation": 3210000000.0,
        "Reconciled Cost Of Revenue": -4247000000.0,
        "EBITDA": 8932000000.0,
        "EBIT": 5722000000.0,
        "Net Interest Income": 5756000000.0,
        "Interest Expense": -5131000000.0,
        "Interest Income": 731000000.0,
        "Normalized Income": -14515600000.0,
        "Net Income From Continuing And Discontinued Operation": -2938000000.0,
        "Total Expenses": -8294000000.0,
        "Rent Expense Supplemental": -2273000000.0,
        "Total Operating Income As Reported": 22500000000.0,
        "Diluted Average Shares": 60298511.0,
        "Basic Average Shares": 60298511.0,
        "Diluted EPS": -49.785858,
        "Basic EPS": -48.726111,
        "Diluted NI Availto Com Stockholders": -2938000000.0,
        "Net Income Common Stockholders": -2938000000.0,
        "Net Income": -2938000000.0,
        "Minority Interests": -1264000000.0,
        "Net Income Including Noncontrolling Interests": -1674000000.0,
        "Net Income Continuous Operations": -1674000000.0,
        "Tax Provision": 12527000000.0,
        "Pretax Income": 10853000000.0,
        "Other Income Expense": 17555000000.0,
        "Other Non Operating Income Expenses": -2625000000.0,
        "Special Income Charges": -4280000000.0,
        "Gain On Sale Of Ppe": -4062000000.0,
        "Other Special Charges": 218000000.0,
        "Earnings From Equity Interest": 884000000.0,
        "Gain On Sale Of Security": 23576000000.0,
        "Net Non Operating Interest Income Expense": 5756000000.0,
        "Total Other Finance Cost": 106000000.0,
        "Interest Expense Non Operating": -5131000000.0,
        "Interest Income Non Operating": 731000000.0,
        "Operating Income": -12458000000.0,
        "Operating Expense": -4047000000.0,
        "Other Operating Expenses": 467000000.0,
        "Other Taxes": NaN,
        "Provision For Doubtful Accounts": NaN,
        "Depreciation Amortization Depletion Income Statement": NaN,
        "Depreciation And Amortization In Income Statement": NaN,
        "Selling General And Administration": -8002000000.0,
        "Selling And Marketing Expense": -4988000000.0,
        "General And Administrative Expense": -3014000000.0,
        "Other Gand A": -9580000000.0,
        "Rent And Landing Fees": NaN,
        "Salaries And Wages": NaN,
        "Gross Profit": -16505000000.0,
        "Cost Of Revenue": -4247000000.0,
        "Total Revenue": -20752000000.0,
        "Operating Revenue": -17586000000.0
    },
    "2021-12-31": {
        "Diluted EPS": 2.67,
        "Total Revenue": 170,
        "Gross Profit": 83,
        "Operating Income": 371,
        "EBIT": 373,
        "Net Income": 190
    },
    "2021-09-30": {
        "Diluted EPS": 0.49,
        "Total Revenue": 177,
        "Gross Profit": 59,
        "Operating Income": -29,
        "EBIT": -27,
        "Net Income": 21
    },
    "2021-06-30": {
        "Diluted EPS": -1.8,
        "Total Revenue": 218,
        "Gross Profit": 89,
        "Operating Income": 68,
        "EBIT": 103,
        "Net Income": -105
    },
    "2021-03-31": {
        "Diluted EPS": -0.13,
        "Total Revenue": 37,
        "Gross Profit": 97,
        "Operating Income": -106,
        "EBIT": -104,
        "Net Income": -7
    },
    "2020-12-31": {
        "Diluted EPS": -1.52,
        "Total Revenue": 117,
        "Gross Profit": 42,
        "Operating Income": -230,
        "EBIT": -229,
        "Net Income": -78
    },
    "2020-09-30": {
        "Diluted EPS": 0.75,
        "Total Revenue": 133,
        "Gross Profit": 40,
        "Operating Income": 334,
        "EBIT": 337,
        "Net Income": 40
    },
    "2020-06-30": {
        "Diluted EPS": 4.57,
        "Total Revenue": 614,
        "Gross Profit": 173,
        "Operating Income": 668,
        "EBIT": 753,
        "Net Income": 232
    },
    "2020-03-31": {
        "Diluted EPS": -1.64,
        "Total Revenue": 456,
        "Gross Profit": 166,
        "Operating Income": 74,
        "EBIT": 148,
        "Net Income": -83
    },
    "2019-12-31": {
        "Diluted EPS": -0.72,
        "Total Revenue": 462,
        "Gross Profit": 175,
        "Operating Income": -112,
        "EBIT": -55,
        "Net Income": -36
    },
    "2019-09-30": {
        "Diluted EPS": -0.95,
        "Total Revenue": 505,
        "Gross Profit": 171,
        "Operating Income": 255,
        "EBIT": 316,
        "Net Income": -47
    },
    "2019-06-30": {
        "Diluted EPS": -7.74,
        "Total Revenue": 786,
        "Gross Profit": 329,
        "Operating Income": -777,
        "EBIT": -715,
        "Net Income": -399
    },
    "2019-03-31": {
        "Diluted EPS": -1.23,
        "Total Revenue": 497,
        "Gross Profit": 192,
        "Operating Income": 92,
        "EBIT": 148,
        "Net Income": -64
    },
    "2018-12-31": {
        "Diluted EPS": -1.89,
        "Total Revenue": 470,
        "Gross Profit": 125,
        "Operating Income": -304,
        "EBIT": -258,
        "Net Income": -96
    },
    "2018-09-30": {
        "Diluted EPS": 1.25,
        "Total Revenue": 421,
        "Gross Profit": 172,
        "Operating Income": 599,
        "EBIT": 636,
        "Net Income": 66
    },
    "2018-06-30": {
        "Diluted EPS": 0.08,
        "Total Revenue": NaN,
        "Gross Profit": -434,
        "Operating Income": 382,
        "EBIT": 382,
        "Net Income": -12
    },
    "2018-03-31": {
        "Diluted EPS": 0.14,
        "Total Revenue": NaN,
        "Gross Profit": 396,
        "Operating Income": 193,
        "EBIT": 246,
        "Net Income": 25
    },
    "2017-12-31": {
        "Diluted EPS": 4.48,
        "Total Revenue": NaN,
        "Gross Profit": 436,
        "Operating Income": 587,
        "EBIT": 669,
        "Net Income": 251
    },
    "2017-09-30": {
        "Diluted EPS": 0.24,
        "Total Revenue": NaN,
        "Gross Profit": 400,
        "Operating Income": 343,
        "EBIT": 417,
        "Net Income": 13
    },
    "2017-06-30": {
        "Diluted EPS": 0.58,
        "Total Revenue": NaN,
        "Gross Profit": 418,
        "Operating Income": 491,
        "EBIT": 491,
        "Net Income": 32
    },
    "2017-03-31": {
        "Diluted EPS": 0.13,
        "Total Revenue": NaN,
        "Gross Profit": 353,
        "Operating Income": 35,
        "EBIT": 35,
        "Net Income": 7
    },
    "2016-12-31": {
        "Diluted EPS": 1.67,
        "Total Revenue": NaN,
        "Gross Profit": 361,
        "Operating Income": 55,
        "EBIT": 55,
        "Net Income": 91
    },
    "2016-09-30": {
        "Diluted EPS": -0.6,
        "Total Revenue": NaN,
        "Gross Profit": 370,
        "Operating Income": 72,
        "EBIT": 169,
        "Net Income": -32
    },
    "2016-06-30": {
        "Diluted EPS": -1.35,
        "Total Revenue": NaN,
        "Gross Profit": 501,
        "Operating Income": 107,
        "EBIT": 107,
        "Net Income": 1
    },
    "2016-03-31": {
        "Diluted EPS": -0.2,
        "Total Revenue": NaN,
        "Gross Profit": 313,
        "Operating Income": 77,
        "EBIT": 77,
        "Net Income": -11
    },
    "2015-12-31": {
        "Diluted EPS": -0.89,
        "Total Revenue": 177,
        "Gross Profit": 94,
        "Operating Income": 149,
        "EBIT": 149,
        "Net Income": -49
    },
    "2015-09-30": {
        "Diluted EPS": -0.58,
        "Total Revenue": 176,
        "Gross Profit": 67,
        "Operating Income": 31,
        "EBIT": 39,
        "Net Income": -32
    },
    "2015-06-30": {
        "Diluted EPS": 1.22,
        "Total Revenue": 93,
        "Gross Profit": -21,
        "Operating Income": 12,
        "EBIT": -11,
        "Net Income": 67
    },
    "2015-03-31": {
        "Diluted EPS": -0.57,
        "Total Revenue": 130,
        "Gross Profit": 56,
        "Operating Income": 30,
        "EBIT": 52,
        "Net Income": -31
    },
    "2014-12-31": {
        "Diluted EPS": -0.2,
        "Total Revenue": 164,
        "Gross Profit": 67,
        "Operating Income": 44,
        "EBIT": 44,
        "Net Income": -11
    },
    "2014-09-30": {
        "Diluted EPS": -0.26,
        "Total Revenue": 184,
        "Gross Profit": 65,
        "Operating Income": 34,
        "EBIT": 34,
        "Net Income": -14
    },
    "2014-06-30": {
        "Diluted EPS": -1.18,
        "Total Revenue": 170,
        "Gross Profit": 34,
        "Operating Income": -11,
        "EBIT": 33,
        "Net Income": -47
    },
    "2014-03-31": {
        "Diluted EPS": 0.0,
        "Total Revenue": 137,
        "Gross Profit": 87,
        "Operating Income": 58,
        "EBIT": 35,
        "Net Income": -23
    },
    "2013-12-31": {
        "Diluted EPS": -0.54,
        "Total Revenue": 36,
        "Gross Profit": -60,
        "Operating Income": -96,
        "EBIT": -72,
        "Net Income": -30
    },
    "2013-09-30": {
        "Diluted EPS": -0.3,
        "Total Revenue": 84,
        "Gross Profit": -54,
        "Operating Income": -90,
        "EBIT": -90,
        "Net Income": -16
    },
    "2013-06-30": {
        "Diluted EPS": -0.31,
        "Total Revenue": 207,
        "Gross Profit": 79,
        "Operating Income": 61,
        "EBIT": 113,
        "Net Income": -20
    },
    "2013-03-31": {
        "Diluted EPS": 0.07,
        "Total Revenue": 147,
        "Gross Profit": 8,
        "Operating Income": -18,
        "EBIT": -42,
        "Net Income": 5
    },
    "2012-12-31": {
        "Diluted EPS": 0.25,
        "Total Revenue": 171,
        "Gross Profit": 77,
        "Operating Income": 51,
        "EBIT": 65,
        "Net Income": 15
    },
    "2012-09-30": {
        "Diluted EPS": -0.05,
        "Total Revenue": 157,
        "Gross Profit": 63,
        "Operating Income": 25,
        "EBIT": 40,
        "Net Income": -3
    },
    "2012-06-30": {
        "Diluted EPS": 0.05,
        "Total Revenue": 282,
        "Gross Profit": 79,
        "Operating Income": 2,
        "EBIT": 17,
        "Net Income": 3
    },
    "2012-03-31": {
        "Diluted EPS": 0.11,
        "Total Revenue": 148,
        "Gross Profit": 62,
        "Operating Income": 31,
        "EBIT": 31,
        "Net Income": 6
    },
    "2011-12-31": {
        "Diluted EPS": 0.0,
        "Total Revenue": 172,
        "Gross Profit": 76,
        "Operating Income": 46,
        "EBIT": 46,
        "Net Income": 10
    },
    "2011-09-30": {
        "Diluted EPS": 0.01,
        "Total Revenue": 171,
        "Gross Profit": 36,
        "Operating Income": 9,
        "EBIT": 19,
        "Net Income": 0
    },
    "2011-06-30": {
        "Diluted EPS": 0.3,
        "Total Revenue": 188,
        "Gross Profit": 188,
        "Operating Income": 188,
        "EBIT": 188,
        "Net Income": 18
    },
    "2011-03-31": {
        "Diluted EPS": 0.14,
        "Total Revenue": 22,
        "Gross Profit": 22,
        "Operating Income": 22,
        "EBIT": 22,
        "Net Income": 8
    },
    "2010-12-31": {
        "Diluted EPS": 0.22,
        "Total Revenue": 136,
        "Gross Profit": 136,
        "Operating Income": 136,
        "EBIT": 136,
        "Net Income": 14
    },
    "2010-09-30": {
        "Diluted EPS": 0.18,
        "Total Revenue": 129,
        "Gross Profit": 66,
        "Operating Income": 39,
        "EBIT": 39,
        "Net Income": 13
    },
    "2010-06-30": {
        "Diluted EPS": 0.0,
        "Total Revenue": 678,
        "Gross Profit": 678,
        "Operating Income": 678,
        "EBIT": 678,
        "Net Income": 1
    },
    "2010-03-31": {
        "Diluted EPS": 0.19,
        "Total Revenue": 99,
        "Gross Profit": 99,
        "Operating Income": 99,
        "EBIT": 99,
        "Net Income": 11
    },
    "2009-12-31": {
        "Diluted EPS": 0.36,
        "Total Revenue": 127,
        "Gross Profit": 127,
        "Operating Income": 127,
        "EBIT": 127,
        "Net Income": 21
    },
    "2009-09-30": {
        "Diluted EPS": 0.27,
        "Total Revenue": 90,
        "Gross Profit": 40,
        "Operating Income": 14,
        "EBIT": 26,
        "Net Income": 16
    },
    "2009-06-30": {
        "Diluted EPS": 0.0,
        "Total Revenue": 333,
        "Gross Profit": 138,
        "Operating Income": 53,
        "EBIT": 92,
        "Net Income": 49
    },
    "2009-03-31": {
        "Diluted EPS": -0.03,
        "Total Revenue": 99,
        "Gross Profit": 63,
        "Operating Income": 45,
        "EBIT": 45,
        "Net Income": -2
    },
    "2023-06-30": {
        "Tax Effect Of Unusual Items": NaN,
        "Tax Rate For Calcs": NaN,
        "Normalized EBITDA": NaN,
        "Total Unusual Items": NaN,
        "Total Unusual Items Excluding Goodwill": NaN,
        "Net Income From Continuing Operation Net Minority Interest": NaN,
        "Reconciled Depreciation": NaN,
        "Reconciled Cost Of Revenue": NaN,
        "EBITDA": NaN,
        "EBIT": NaN,
        "Net Interest Income": NaN,
        "Interest Expense": NaN,
        "Interest Income": NaN,
        "Normalized Income": NaN,
        "Net Income From Continuing And Discontinued Operation": NaN,
        "Total Expenses": NaN,
        "Rent Expense Supplemental": 93224000000.0,
        "Total Operating Income As Reported": NaN,
        "Diluted Average Shares": NaN,
        "Basic Average Shares": NaN,
        "Diluted EPS": NaN,
        "Basic EPS": NaN,
        "Diluted NI Availto Com Stockholders": NaN,
        "Net Income Common Stockholders": NaN,
        "Net Income": NaN,
        "Minority Interests": NaN,
        "Net Income Including Noncontrolling Interests": NaN,
        "Net Income Continuous Operations": NaN,
        "Tax Provision": NaN,
        "Pretax Income": NaN,
        "Other Income Expense": NaN,
        "Other Non Operating Income Expenses": -1235000000.0,
        "Special Income Charges": NaN,
        "Gain On Sale Of Ppe": NaN,
        "Gain On Sale Of Business": NaN,
        "Other Special Charges": NaN,
        "Impairment Of Capital Assets": NaN,
        "Earnings From Equity Interest": NaN,
        "Gain On Sale Of Security": NaN,
        "Net Non Operating Interest Income Expense": NaN,
        "Total Other Finance Cost": NaN,
        "Interest Expense Non Operating": NaN,
        "Interest Income Non Operating": NaN,
        "Operating Income": NaN,
        "Operating Expense": NaN,
        "Other Operating Expenses": NaN,
        "Other Taxes": 2551000000.0,
        "Provision For Doubtful Accounts": 69000000.0,
        "Depreciation Amortization Depletion Income Statement": 384000000.0,
        "Depreciation And Amortization In Income Statement": 384000000.0,
        "Selling General And Administration": NaN,
        "Selling And Marketing Expense": NaN,
        "General And Administrative Expense": NaN,
        "Other Gand A": NaN,
        "Rent And Landing Fees": 126000000.0,
        "Salaries And Wages": 12970000000.0,
        "Gross Profit": NaN,
        "Cost Of Revenue": NaN,
        "Total Revenue": NaN,
        "Operating Revenue": NaN
    },
    "2023-09-30": {
        "Tax Effect Of Unusual Items": NaN,
        "Tax Rate For Calcs": NaN,
        "Normalized EBITDA": NaN,
        "Total Unusual Items": NaN,
        "Total Unusual Items Excluding Goodwill": NaN,
        "Net Income From Continuing Operation Net Minority Interest": NaN,
        "Reconciled Depreciation": NaN,
        "Reconciled Cost Of Revenue": NaN,
        "EBITDA": NaN,
        "EBIT": NaN,
        "Net Interest Income": NaN,
        "Interest Expense": NaN,
        "Interest Income": NaN,
        "Normalized Income": NaN,
        "Net Income From Continuing And Discontinued Operation": NaN,
        "Total Expenses": NaN,
        "Rent Expense Supplemental": 23755000000.0,
        "Total Operating Income As Reported": NaN,
        "Diluted Average Shares": NaN,
        "Basic Average Shares": NaN,
        "Diluted EPS": NaN,
        "Basic EPS": NaN,
        "Diluted NI Availto Com Stockholders": NaN,
        "Net Income Common Stockholders": NaN,
        "Net Income": NaN,
        "Minority Interests": NaN,
        "Net Income Including Noncontrolling Interests": NaN,
        "Net Income Continuous Operations": NaN,
        "Tax Provision": NaN,
        "Pretax Income": NaN,
        "Other Income Expense": NaN,
        "Other Non Operating Income Expenses": -105000000.0,
        "Special Income Charges": NaN,
        "Gain On Sale Of Ppe": NaN,
        "Gain On Sale Of Business": -1725000000.0,
        "Other Special Charges": NaN,
        "Impairment Of Capital Assets": 0.0,
        "Earnings From Equity Interest": NaN,
        "Gain On Sale Of Security": NaN,
        "Net Non Operating Interest Income Expense": NaN,
        "Total Other Finance Cost": NaN,
        "Interest Expense Non Operating": NaN,
        "Interest Income Non Operating": NaN,
        "Operating Income": NaN,
        "Operating Expense": NaN,
        "Other Operating Expenses": NaN,
        "Other Taxes": 2881000000.0,
        "Provision For Doubtful Accounts": 56000000.0,
        "Depreciation Amortization Depletion Income Statement": 330000000.0,
        "Depreciation And Amortization In Income Statement": 330000000.0,
        "Selling General And Administration": NaN,
        "Selling And Marketing Expense": NaN,
        "General And Administrative Expense": NaN,
        "Other Gand A": NaN,
        "Rent And Landing Fees": 61000000.0,
        "Salaries And Wages": 185000000.0,
        "Gross Profit": NaN,
        "Cost Of Revenue": NaN,
        "Total Revenue": NaN,
        "Operating Revenue": NaN
    },
    "2023-12-31": {
        "Tax Effect Of Unusual Items": NaN,
        "Tax Rate For Calcs": NaN,
        "Normalized EBITDA": NaN,
        "Total Unusual Items": NaN,
        "Total Unusual Items Excluding Goodwill": NaN,
        "Net Income From Continuing Operation Net Minority Interest": NaN,
        "Reconciled Depreciation": NaN,
        "Reconciled Cost Of Revenue": NaN,
        "EBITDA": NaN,
        "EBIT": NaN,
        "Net Interest Income": NaN,
        "Interest Expense": NaN,
        "Interest Income": 10395000000.0,
        "Normalized Income": NaN,
        "Net Income From Continuing And Discontinued Operation": NaN,
        "Total Expenses": NaN,
        "Rent Expense Supplemental": NaN,
        "Total Operating Income As Reported": NaN,
        "Diluted Average Shares": 60102657.0,
        "Basic Average Shares": 60102657.0,
        "Diluted EPS": -496.8,
        "Basic EPS": -496.8,
        "Diluted NI Availto Com Stockholders": NaN,
        "Net Income Common Stockholders": NaN,
        "Net Income": NaN,
        "Minority Interests": NaN,
        "Net Income Including Noncontrolling Interests": NaN,
        "Net Income Continuous Operations": NaN,
        "Tax Provision": NaN,
        "Pretax Income": NaN,
        "Other Income Expense": NaN,
        "Other Non Operating Income Expenses": NaN,
        "Special Income Charges": NaN,
        "Gain On Sale Of Ppe": NaN,
        "Gain On Sale Of Business": NaN,
        "Other Special Charges": NaN,
        "Impairment Of Capital Assets": NaN,
        "Earnings From Equity Interest": NaN,
        "Gain On Sale Of Security": NaN,
        "Net Non Operating Interest Income Expense": NaN,
        "Total Other Finance Cost": NaN,
        "Interest Expense Non Operating": NaN,
        "Interest Income Non Operating": 10395000000.0,
        "Operating Income": NaN,
        "Operating Expense": NaN,
        "Other Operating Expenses": NaN,
        "Other Taxes": NaN,
        "Provision For Doubtful Accounts": NaN,
        "Depreciation Amortization Depletion Income Statement": NaN,
        "Depreciation And Amortization In Income Statement": NaN,
        "Selling General And Administration": NaN,
        "Selling And Marketing Expense": NaN,
        "General And Administrative Expense": NaN,
        "Other Gand A": NaN,
        "Rent And Landing Fees": NaN,
        "Salaries And Wages": NaN,
        "Gross Profit": NaN,
        "Cost Of Revenue": NaN,
        "Total Revenue": NaN,
        "Operating Revenue": NaN
    },
    "2024-03-31": {
        "Tax Effect Of Unusual Items": NaN,
        "Tax Rate For Calcs": NaN,
        "Normalized EBITDA": NaN,
        "Total Unusual Items": NaN,
        "Total Unusual Items Excluding Goodwill": NaN,
        "Net Income From Continuing Operation Net Minority Interest": NaN,
        "Reconciled Depreciation": NaN,
        "Reconciled Cost Of Revenue": NaN,
        "EBITDA": NaN,
        "EBIT": NaN,
        "Net Interest Income": NaN,
        "Interest Expense": NaN,
        "Interest Income": 50486000000.0,
        "Normalized Income": NaN,
        "Net Income From Continuing And Discontinued Operation": NaN,
        "Total Expenses": NaN,
        "Rent Expense Supplemental": NaN,
        "Total Operating Income As Reported": NaN,
        "Diluted Average Shares": 58823737.0,
        "Basic Average Shares": 58823737.0,
        "Diluted EPS": -1369.192168,
        "Basic EPS": -1369.192168,
        "Diluted NI Availto Com Stockholders": NaN,
        "Net Income Common Stockholders": NaN,
        "Net Income": NaN,
        "Minority Interests": NaN,
        "Net Income Including Noncontrolling Interests": NaN,
        "Net Income Continuous Operations": NaN,
        "Tax Provision": NaN,
        "Pretax Income": NaN,
        "Other Income Expense": NaN,
        "Other Non Operating Income Expenses": NaN,
        "Special Income Charges": NaN,
        "Gain On Sale Of Ppe": NaN,
        "Gain On Sale Of Business": NaN,
        "Other Special Charges": NaN,
        "Write Off": NaN,
        "Impairment Of Capital Assets": NaN,
        "Earnings From Equity Interest": NaN,
        "Gain On Sale Of Security": NaN,
        "Net Non Operating Interest Income Expense": NaN,
        "Total Other Finance Cost": NaN,
        "Interest Expense Non Operating": NaN,
        "Interest Income Non Operating": 50486000000.0,
        "Operating Income": NaN,
        "Operating Expense": NaN,
        "Other Operating Expenses": NaN,
        "Other Taxes": NaN,
        "Provision For Doubtful Accounts": NaN,
        "Depreciation Amortization Depletion Income Statement": NaN,
        "Depreciation And Amortization In Income Statement": NaN,
        "Selling General And Administration": NaN,
        "Selling And Marketing Expense": NaN,
        "General And Administrative Expense": NaN,
        "Other Gand A": NaN,
        "Rent And Landing Fees": NaN,
        "Salaries And Wages": NaN,
        "Gross Profit": NaN,
        "Cost Of Revenue": NaN,
        "Total Revenue": NaN,
        "Operating Revenue": NaN
    },
    "2024-06-30": {
        "Tax Effect Of Unusual Items": 19492155671.764698,
        "Tax Rate For Calcs": 0.158044,
        "Normalized EBITDA": 43596000000.0,
        "Total Unusual Items": 123334000000.0,
        "Total Unusual Items Excluding Goodwill": 123334000000.0,
        "Net Income From Continuing Operation Net Minority Interest": 56120000000.0,
        "Reconciled Depreciation": 3938000000.0,
        "Reconciled Cost Of Revenue": 172432000000.0,
        "EBITDA": 166930000000.0,
        "EBIT": 162992000000.0,
        "Net Interest Income": 4658000000.0,
        "Interest Expense": 20911000000.0,
        "Interest Income": 31607000000.0,
        "Normalized Income": -47721844328.235306,
        "Net Income From Continuing And Discontinued Operation": 56120000000.0,
        "Total Expenses": 249744000000.0,
        "Rent Expense Supplemental": 24043000000.0,
        "Total Operating Income As Reported": 96988000000.0,
        "Diluted Average Shares": NaN,
        "Basic Average Shares": NaN,
        "Diluted EPS": NaN,
        "Basic EPS": NaN,
        "Diluted NI Availto Com Stockholders": 56120000000.0,
        "Net Income Common Stockholders": 56120000000.0,
        "Net Income": 56120000000.0,
        "Minority Interests": -63506000000.0,
        "Net Income Including Noncontrolling Interests": 119626000000.0,
        "Net Income Continuous Operations": 119626000000.0,
        "Tax Provision": 22455000000.0,
        "Pretax Income": 142081000000.0,
        "Other Income Expense": 126607000000.0,
        "Other Non Operating Income Expenses": NaN,
        "Special Income Charges": 16024000000.0,
        "Gain On Sale Of Ppe": 46137000000.0,
        "Gain On Sale Of Business": -155000000.0,
        "Other Special Charges": 29958000000.0,
        "Write Off": NaN,
        "Impairment Of Capital Assets": NaN,
        "Earnings From Equity Interest": 3273000000.0,
        "Gain On Sale Of Security": 107310000000.0,
        "Net Non Operating Interest Income Expense": 4658000000.0,
        "Total Other Finance Cost": 6038000000.0,
        "Interest Expense Non Operating": 20911000000.0,
        "Interest Income Non Operating": 31607000000.0,
        "Operating Income": 10816000000.0,
        "Operating Expense": 74731000000.0,
        "Other Operating Expenses": 9478000000.0,
        "Other Taxes": 9213000000.0,
        "Provision For Doubtful Accounts": 568000000.0,
        "Depreciation Amortization Depletion Income Statement": 1357000000.0,
        "Depreciation And Amortization In Income Statement": 1357000000.0,
        "Selling General And Administration": 54115000000.0,
        "Selling And Marketing Expense": 9695000000.0,
        "General And Administrative Expense": 44420000000.0,
        "Other Gand A": 4305000000.0,
        "Rent And Landing Fees": 390000000.0,
        "Salaries And Wages": 39725000000.0,
        "Gross Profit": 85547000000.0,
        "Cost Of Revenue": 175013000000.0,
        "Total Revenue": 260560000000.0,
        "Operating Revenue": 260560000000.0
    },
    "2024-09-30": {
        "Tax Effect Of Unusual Items": -69451900000.0,
        "Tax Rate For Calcs": 0.35,
        "Normalized EBITDA": 66101000000.0,
        "Total Unusual Items": -198434000000.0,
        "Total Unusual Items Excluding Goodwill": -198434000000.0,
        "Net Income From Continuing Operation Net Minority Interest": -34655000000.0,
        "Reconciled Depreciation": 4057000000.0,
        "Reconciled Cost Of Revenue": 182743000000.0,
        "EBITDA": -132333000000.0,
        "EBIT": -136390000000.0,
        "Net Interest Income": -8372000000.0,
        "Interest Expense": 21632000000.0,
        "Interest Income": 6205000000.0,
        "Normalized Income": 94327100000.0,
        "Net Income From Continuing And Discontinued Operation": -34655000000.0,
        "Total Expenses": 230363000000.0,
        "Rent Expense Supplemental": 32348000000.0,
        "Total Operating Income As Reported": -227447000000.0,
        "Diluted Average Shares": 59676423.0,
        "Basic Average Shares": 59676423.0,
        "Diluted EPS": -580.715101,
        "Basic EPS": -580.715101,
        "Diluted NI Availto Com Stockholders": -34655000000.0,
        "Net Income Common Stockholders": -34655000000.0,
        "Net Income": -34655000000.0,
        "Minority Interests": 43232000000.0,
        "Net Income Including Noncontrolling Interests": -77887000000.0,
        "Net Income Continuous Operations": -77887000000.0,
        "Tax Provision": -80135000000.0,
        "Pretax Income": -158022000000.0,
        "Other Income Expense": -188988000000.0,
        "Other Non Operating Income Expenses": -168000000.0,
        "Special Income Charges": 19459000000.0,
        "Gain On Sale Of Ppe": 28942000000.0,
        "Gain On Sale Of Business": 1247000000.0,
        "Other Special Charges": 1504000000.0,
        "Write Off": NaN,
        "Impairment Of Capital Assets": 9226000000.0,
        "Earnings From Equity Interest": 9446000000.0,
        "Gain On Sale Of Security": -217893000000.0,
        "Net Non Operating Interest Income Expense": -8372000000.0,
        "Total Other Finance Cost": -7055000000.0,
        "Interest Expense Non Operating": 21632000000.0,
        "Interest Income Non Operating": 6205000000.0,
        "Operating Income": 39338000000.0,
        "Operating Expense": 47620000000.0,
        "Other Operating Expenses": -2581000000.0,
        "Other Taxes": 6741000000.0,
        "Provision For Doubtful Accounts": 390000000.0,
        "Depreciation Amortization Depletion Income Statement": 956000000.0,
        "Depreciation And Amortization In Income Statement": 956000000.0,
        "Selling General And Administration": 50201000000.0,
        "Selling And Marketing Expense": 24155000000.0,
        "General And Administrative Expense": 26046000000.0,
        "Other Gand A": 26046000000.0,
        "Rent And Landing Fees": 326000000.0,
        "Salaries And Wages": 14582000000.0,
        "Gross Profit": 86958000000.0,
        "Cost Of Revenue": 182743000000.0,
        "Total Revenue": 269701000000.0,
        "Operating Revenue": 269701000000.0
    },
    "2024-12-31": {
        "Tax Effect Of Unusual Items": -5167050000.0,
        "Tax Rate For Calcs": 0.35,
        "Normalized EBITDA": 93043000000.0,
        "Total Unusual Items": -14763000000.0,
        "Total Unusual Items Excluding Goodwill": -14763000000.0,
        "Net Income From Continuing Operation Net Minority Interest": -18804000000.0,
        "Reconciled Depreciation": 2679000000.0,
        "Reconciled Cost Of Revenue": 122289000000.0,
        "EBITDA": 78280000000.0,
        "EBIT": 75601000000.0,
        "Net Interest Income": 17014000000.0,
        "Interest Expense": 18756000000.0,
        "Interest Income": NaN,
        "Normalized Income": -9208050000.0,
        "Net Income From Continuing And Discontinued Operation": -18804000000.0,
        "Total Expenses": 165787000000.0,
        "Rent Expense Supplemental": NaN,
        "Total Operating Income As Reported": 50877000000.0,
        "Diluted Average Shares": 59600634.0,
        "Basic Average Shares": 59600634.0,
        "Diluted EPS": -315.5,
        "Basic EPS": -315.5,
        "Diluted NI Availto Com Stockholders": -18804000000.0,
        "Net Income Common Stockholders": -18804000000.0,
        "Net Income": -18804000000.0,
        "Minority Interests": -32594000000.0,
        "Net Income Including Noncontrolling Interests": 13790000000.0,
        "Net Income Continuous Operations": 13790000000.0,
        "Tax Provision": 43055000000.0,
        "Pretax Income": 56845000000.0,
        "Other Income Expense": 1146000000.0,
        "Other Non Operating Income Expenses": NaN,
        "Special Income Charges": -26955000000.0,
        "Gain On Sale Of Ppe": 0.0,
        "Gain On Sale Of Business": NaN,
        "Other Special Charges": 26955000000.0,
        "Write Off": NaN,
        "Impairment Of Capital Assets": NaN,
        "Earnings From Equity Interest": 15909000000.0,
        "Gain On Sale Of Security": 12192000000.0,
        "Net Non Operating Interest Income Expense": 17014000000.0,
        "Total Other Finance Cost": -35770000000.0,
        "Interest Expense Non Operating": 18756000000.0,
        "Interest Income Non Operating": NaN,
        "Operating Income": 38685000000.0,
        "Operating Expense": 43498000000.0,
        "Other Operating Expenses": 1073000000.0,
        "Other Taxes": NaN,
        "Provision For Doubtful Accounts": NaN,
        "Depreciation Amortization Depletion Income Statement": NaN,
        "Depreciation And Amortization In Income Statement": NaN,
        "Selling General And Administration": 42425000000.0,
        "Selling And Marketing Expense": 16673000000.0,
        "General And Administrative Expense": 25752000000.0,
        "Other Gand A": 25752000000.0,
        "Rent And Landing Fees": NaN,
        "Salaries And Wages": NaN,
        "Gross Profit": 82183000000.0,
        "Cost Of Revenue": 122289000000.0,
        "Total Revenue": 204472000000.0,
        "Operating Revenue": 204472000000.0
    },
    "2025-03-31": {
        "Tax Effect Of Unusual Items": 58616847031.136856,
        "Tax Rate For Calcs": 0.35732,
        "Normalized EBITDA": 51144000000.0,
        "Total Unusual Items": 164046000000.0,
        "Total Unusual Items Excluding Goodwill": 164046000000.0,
        "Net Income From Continuing Operation Net Minority Interest": 89042000000.0,
        "Reconciled Depreciation": 4485000000.0,
        "Reconciled Cost Of Revenue": 107044000000.0,
        "EBITDA": 215190000000.0,
        "EBIT": 210705000000.0,
        "Net Interest Income": 5337000000.0,
        "Interest Expense": 11841000000.0,
        "Interest Income": 2250000000.0,
        "Normalized Income": -16387152968.863144,
        "Net Income From Continuing And Discontinued Operation": 89042000000.0,
        "Total Expenses": 154358000000.0,
        "Rent Expense Supplemental": NaN,
        "Total Operating Income As Reported": 155109000000.0,
        "Diluted Average Shares": 59865165.0,
        "Basic Average Shares": 59865165.0,
        "Diluted EPS": 1487.375839,
        "Basic EPS": 1487.375839,
        "Diluted NI Availto Com Stockholders": 89042000000.0,
        "Net Income Common Stockholders": 89042000000.0,
        "Net Income": 89042000000.0,
        "Minority Interests": -38764000000.0,
        "Net Income Including Noncontrolling Interests": 127806000000.0,
        "Net Income Continuous Operations": 127806000000.0,
        "Tax Provision": 71058000000.0,
        "Pretax Income": 198864000000.0,
        "Other Income Expense": 148376000000.0,
        "Other Non Operating Income Expenses": NaN,
        "Special Income Charges": 54101000000.0,
        "Gain On Sale Of Ppe": 13000000.0,
        "Gain On Sale Of Business": NaN,
        "Other Special Charges": -54088000000.0,
        "Write Off": NaN,
        "Impairment Of Capital Assets": NaN,
        "Earnings From Equity Interest": -15670000000.0,
        "Gain On Sale Of Security": 109945000000.0,
        "Net Non Operating Interest Income Expense": 5337000000.0,
        "Total Other Finance Cost": -14928000000.0,
        "Interest Expense Non Operating": 11841000000.0,
        "Interest Income Non Operating": 2250000000.0,
        "Operating Income": 45151000000.0,
        "Operating Expense": 47314000000.0,
        "Other Operating Expenses": 2771000000.0,
        "Other Taxes": NaN,
        "Provision For Doubtful Accounts": NaN,
        "Depreciation Amortization Depletion Income Statement": NaN,
        "Depreciation And Amortization In Income Statement": NaN,
        "Selling General And Administration": 44543000000.0,
        "Selling And Marketing Expense": 18888000000.0,
        "General And Administrative Expense": 25655000000.0,
        "Other Gand A": 25655000000.0,
        "Rent And Landing Fees": NaN,
        "Salaries And Wages": NaN,
        "Gross Profit": 92465000000.0,
        "Cost Of Revenue": 107044000000.0,
        "Total Revenue": 199509000000.0,
        "Operating Revenue": 199509000000.0
    },
    "2025-09-30": {
        "Tax Effect Of Unusual Items": 62138300000.0,
        "Tax Rate For Calcs": 0.35,
        "Normalized EBITDA": 56707000000.0,
        "Total Unusual Items": 177538000000.0,
        "Total Unusual Items Excluding Goodwill": 177538000000.0,
        "Net Income From Continuing Operation Net Minority Interest": 36844000000.0,
        "Reconciled Depreciation": 4305000000.0,
        "Reconciled Cost Of Revenue": 201410000000.0,
        "EBITDA": 234245000000.0,
        "EBIT": 229940000000.0,
        "Net Interest Income": -42947000000.0,
        "Interest Expense": 39100000000.0,
        "Interest Income": 4287000000.0,
        "Normalized Income": -78555700000.0,
        "Net Income From Continuing And Discontinued Operation": 36844000000.0,
        "Total Expenses": 257617000000.0,
        "Rent Expense Supplemental": 36292000000.0,
        "Total Operating Income As Reported": 264985000000.0,
        "Diluted Average Shares": 62650100.0,
        "Basic Average Shares": 62650100.0,
        "Diluted EPS": 588.091639,
        "Basic EPS": 588.091639,
        "Diluted NI Availto Com Stockholders": 36844000000.0,
        "Net Income Common Stockholders": 36844000000.0,
        "Net Income": 36844000000.0,
        "Minority Interests": -73289000000.0,
        "Net Income Including Noncontrolling Interests": 110133000000.0,
        "Net Income Continuous Operations": 110133000000.0,
        "Tax Provision": 80707000000.0,
        "Pretax Income": 190840000000.0,
        "Other Income Expense": 172875000000.0,
        "Other Non Operating Income Expenses": NaN,
        "Special Income Charges": -7227000000.0,
        "Gain On Sale Of Ppe": 6000000.0,
        "Gain On Sale Of Business": 0.0,
        "Other Special Charges": 6329000000.0,
        "Write Off": 904000000.0,
        "Impairment Of Capital Assets": 0.0,
        "Earnings From Equity Interest": -4663000000.0,
        "Gain On Sale Of Security": 184765000000.0,
        "Net Non Operating Interest Income Expense": -42947000000.0,
        "Total Other Finance Cost": 8134000000.0,
        "Interest Expense Non Operating": 39100000000.0,
        "Interest Income Non Operating": 4287000000.0,
        "Operating Income": 60912000000.0,
        "Operating Expense": 53263000000.0,
        "Other Operating Expenses": 1794000000.0,
        "Other Taxes": 10138000000.0,
        "Provision For Doubtful Accounts": NaN,
        "Depreciation Amortization Depletion Income Statement": 1361000000.0,
        "Depreciation And Amortization In Income Statement": 1361000000.0,
        "Selling General And Administration": 39970000000.0,
        "Selling And Marketing Expense": 14847000000.0,
        "General And Administrative Expense": 25123000000.0,
        "Other Gand A": 3156000000.0,
        "Rent And Landing Fees": 654000000.0,
        "Salaries And Wages": 21313000000.0,
        "Gross Profit": 114175000000.0,
        "Cost Of Revenue": 204354000000.0,
        "Total Revenue": 318529000000.0,
        "Operating Revenue": 318529000000.0
    }
}