{
    "2023-03-31": {
        "Tax Effect Of Unusual Items": 349650.0,
        "Tax Rate For Calcs": 0.21,
        "Normalized EBITDA": -8019000.0,
        "Total Unusual Items": 1665000.0,
        "Total Unusual Items Excluding Goodwill": 1665000.0,
        "Net Income From Continuing Operation Net Minority Interest": -9212000.0,
        "Reconciled Depreciation": 1210000.0,
        "Reconciled Cost Of Revenue": 186828000.0,
        "EBITDA": -6354000.0,
        "EBIT": -7564000.0,
        "Net Interest Income": -1538000.0,
        "Interest Expense": 1538000.0,
        "Normalized Income": -10527350.0,
        "Net Income From Continuing And Discontinued Operation": -9212000.0,
        "Total Expenses": 203169000.0,
        "Total Operating Income As Reported": -9620000.0,
        "Diluted Average Shares": 207060000.0,
        "Basic Average Shares": 207060000.0,
        "Diluted EPS": -0.05,
        "Basic EPS": -0.05,
        "Diluted NI Availto Com Stockholders": -9574000.0,
        "Net Income Common Stockholders": -9574000.0,
        "Otherunder Preferred Stock Dividend": 0.0,
        "Preferred Stock Dividends": 362000.0,
        "Net Income": -9212000.0,
        "Net Income Including Noncontrolling Interests": -9212000.0,
        "Net Income Continuous Operations": -9212000.0,
        "Tax Provision": 110000.0,
        "Pretax Income": -9102000.0,
        "Other Income Expense": 2056000.0,
        "Other Non Operating Income Expenses": 391000.0,
        "Special Income Charges": NaN,
        "Write Off": NaN,
        "Impairment Of Capital Assets": NaN,
        "Gain On Sale Of Security": 1665000.0,
        "Net Non Operating Interest Income Expense": -1538000.0,
        "Interest Expense Non Operating": 1538000.0,
        "Operating Income": -9620000.0,
        "Operating Expense": 16341000.0,
        "Depreciation Amortization Depletion Income Statement": 1210000.0,
        "Depreciation And Amortization In Income Statement": 1210000.0,
        "Selling General And Administration": 15131000.0,
        "General And Administrative Expense": 15131000.0,
        "Other Gand A": 3811000.0,
        "Salaries And Wages": 11320000.0,
        "Gross Profit": 6721000.0,
        "Cost Of Revenue": 186828000.0,
        "Total Revenue": 193549000.0,
        "Operating Revenue": 193549000.0
    },
    "2022-12-31": {
        "Tax Effect Of Unusual Items": 1019878.02,
        "Tax Rate For Calcs": 0.21,
        "Normalized EBITDA": -8152843.0,
        "Total Unusual Items": 4856562.0,
        "Total Unusual Items Excluding Goodwill": 4856562.0,
        "Net Income From Continuing Operation Net Minority Interest": -11941201.0,
        "Reconciled Depreciation": 4631960.0,
        "Reconciled Cost Of Revenue": 160401985.0,
        "EBITDA": -3296281.0,
        "EBIT": -7928241.0,
        "Net Interest Income": -1965156.0,
        "Interest Expense": 1965156.0,
        "Normalized Income": -15777884.98,
        "Net Income From Continuing And Discontinued Operation": -11941201.0,
        "Total Expenses": 180693043.0,
        "Total Operating Income As Reported": -12735674.0,
        "Diluted Average Shares": NaN,
        "Basic Average Shares": NaN,
        "Diluted EPS": NaN,
        "Basic EPS": NaN,
        "Diluted NI Availto Com Stockholders": -12367630.0,
        "Net Income Common Stockholders": -12367630.0,
        "Otherunder Preferred Stock Dividend": -317.0,
        "Preferred Stock Dividends": 426746.0,
        "Net Income": -11941201.0,
        "Net Income Including Noncontrolling Interests": -11941201.0,
        "Net Income Continuous Operations": -11941201.0,
        "Tax Provision": 2047804.0,
        "Pretax Income": -9893397.0,
        "Other Income Expense": 4807433.0,
        "Other Non Operating Income Expenses": -49129.0,
        "Special Income Charges": -797000.0,
        "Write Off": NaN,
        "Impairment Of Capital Assets": 797000.0,
        "Gain On Sale Of Security": 5653562.0,
        "Net Non Operating Interest Income Expense": -1965156.0,
        "Interest Expense Non Operating": 1965156.0,
        "Operating Income": -12735674.0,
        "Operating Expense": 20291058.0,
        "Depreciation Amortization Depletion Income Statement": 4631960.0,
        "Depreciation And Amortization In Income Statement": 4631960.0,
        "Selling General And Administration": 15659098.0,
        "General And Administrative Expense": 15659098.0,
        "Other Gand A": 4681738.0,
        "Salaries And Wages": 10977360.0,
        "Gross Profit": 7555384.0,
        "Cost Of Revenue": 160401985.0,
        "Total Revenue": 167957369.0,
        "Operating Revenue": 167957369.0
    },
    "2022-09-30": {
        "Tax Effect Of Unusual Items": 11410801.6,
        "Tax Rate For Calcs": 0.4,
        "Normalized EBITDA": -12887517.0,
        "Total Unusual Items": 28527004.0,
        "Total Unusual Items Excluding Goodwill": 28527004.0,
        "Net Income From Continuing Operation Net Minority Interest": 14374355.0,
        "Reconciled Depreciation": 432921.0,
        "Reconciled Cost Of Revenue": 178950754.0,
        "EBITDA": 15639487.0,
        "EBIT": 15206566.0,
        "Net Interest Income": -1015395.0,
        "Interest Expense": 1015395.0,
        "Normalized Income": -2741847.4,
        "Net Income From Continuing And Discontinued Operation": 14374355.0,
        "Total Expenses": 195831105.0,
        "Total Operating Income As Reported": -9973976.0,
        "Diluted Average Shares": 231388000.0,
        "Basic Average Shares": 206225000.0,
        "Diluted EPS": 0.06,
        "Basic EPS": 0.07,
        "Diluted NI Availto Com Stockholders": 11974836.0,
        "Average Dilution Earnings": 533227.0,
        "Net Income Common Stockholders": 11441609.0,
        "Otherunder Preferred Stock Dividend": 2630305.0,
        "Preferred Stock Dividends": 302441.0,
        "Net Income": 14374355.0,
        "Net Income Including Noncontrolling Interests": 14374355.0,
        "Net Income Continuous Operations": 14374355.0,
        "Tax Provision": -183184.0,
        "Pretax Income": 14191171.0,
        "Other Income Expense": 25180542.0,
        "Other Non Operating Income Expenses": -3346462.0,
        "Special Income Charges": 0.0,
        "Write Off": NaN,
        "Impairment Of Capital Assets": 0.0,
        "Gain On Sale Of Security": 28527004.0,
        "Net Non Operating Interest Income Expense": -1015395.0,
        "Interest Expense Non Operating": 1015395.0,
        "Operating Income": -9973976.0,
        "Operating Expense": 16880351.0,
        "Depreciation Amortization Depletion Income Statement": 432921.0,
        "Depreciation And Amortization In Income Statement": 432921.0,
        "Selling General And Administration": 16447430.0,
        "General And Administrative Expense": 16447430.0,
        "Other Gand A": 4183138.0,
        "Salaries And Wages": 12264292.0,
        "Gross Profit": 6906375.0,
        "Cost Of Revenue": 178950754.0,
        "Total Revenue": 185857129.0,
        "Operating Revenue": 185857129.0
    },
    "2022-06-30": {
        "Tax Effect Of Unusual Items": -742.958,
        "Tax Rate For Calcs": 0.001,
        "Normalized EBITDA": -10647767.0,
        "Total Unusual Items": -742958.0,
        "Total Unusual Items Excluding Goodwill": -742958.0,
        "Net Income From Continuing Operation Net Minority Interest": -19642252.0,
        "Reconciled Depreciation": 1103065.0,
        "Reconciled Cost Of Revenue": 173759629.0,
        "EBITDA": -11390725.0,
        "EBIT": -12493790.0,
        "Net Interest Income": -7159799.0,
        "Interest Expense": 7159799.0,
        "Normalized Income": -18900036.958,
        "Net Income From Continuing And Discontinued Operation": -19642252.0,
        "Total Expenses": 193506682.0,
        "Total Operating Income As Reported": -12466070.0,
        "Diluted Average Shares": 193508000.0,
        "Basic Average Shares": 193508000.0,
        "Diluted EPS": -0.26,
        "Basic EPS": -0.26,
        "Diluted NI Availto Com Stockholders": -52836395.0,
        "Average Dilution Earnings": NaN,
        "Net Income Common Stockholders": -52836395.0,
        "Otherunder Preferred Stock Dividend": 32841317.0,
        "Preferred Stock Dividends": 352826.0,
        "Net Income": -19642252.0,
        "Net Income Including Noncontrolling Interests": -19642252.0,
        "Net Income Continuous Operations": -19642252.0,
        "Tax Provision": -11337.0,
        "Pretax Income": -19653589.0,
        "Other Income Expense": -27720.0,
        "Other Non Operating Income Expenses": 715238.0,
        "Special Income Charges": NaN,
        "Write Off": NaN,
        "Impairment Of Capital Assets": NaN,
        "Gain On Sale Of Security": -742958.0,
        "Net Non Operating Interest Income Expense": -7159799.0,
        "Interest Expense Non Operating": 7159799.0,
        "Operating Income": -12466070.0,
        "Operating Expense": 19747053.0,
        "Depreciation Amortization Depletion Income Statement": 1103065.0,
        "Depreciation And Amortization In Income Statement": 1103065.0,
        "Selling General And Administration": 18643988.0,
        "General And Administrative Expense": 18643988.0,
        "Other Gand A": 4755953.0,
        "Salaries And Wages": 13888035.0,
        "Gross Profit": 7280983.0,
        "Cost Of Revenue": 173759629.0,
        "Total Revenue": 181040612.0,
        "Operating Revenue": 181040612.0
    },
    "2022-03-31": {
        "Diluted EPS": -0.08,
        "Total Revenue": 163,
        "Gross Profit": 6,
        "Operating Income": -9,
        "EBIT": -8,
        "Net Income": -14
    },
    "2021-12-31": {
        "Diluted EPS": -0.13,
        "Total Revenue": 119,
        "Gross Profit": 4,
        "Operating Income": -12,
        "EBIT": -11,
        "Net Income": -22
    },
    "2021-09-30": {
        "Diluted EPS": -0.17,
        "Total Revenue": 117,
        "Gross Profit": 4,
        "Operating Income": -9,
        "EBIT": -7,
        "Net Income": -25
    },
    "2021-06-30": {
        "Diluted EPS": -0.07,
        "Total Revenue": 130,
        "Gross Profit": 2,
        "Operating Income": -12,
        "EBIT": -11,
        "Net Income": -10
    },
    "2021-03-31": {
        "Diluted EPS": -0.01,
        "Total Revenue": 111,
        "Gross Profit": 2,
        "Operating Income": -5,
        "EBIT": -5,
        "Net Income": -2
    },
    "2020-12-31": {
        "Diluted EPS": 0.0,
        "Total Revenue": NaN,
        "Gross Profit": NaN,
        "Operating Income": NaN,
        "EBIT": NaN,
        "Net Income": NaN
    },
    "2020-09-30": {
        "Diluted EPS": -0.05,
        "Total Revenue": NaN,
        "Gross Profit": NaN,
        "Operating Income": 0,
        "EBIT": 0,
        "Net Income": -1
    },
    "2023-06-30": {
        "Tax Effect Of Unusual Items": 152460.0,
        "Tax Rate For Calcs": 0.21,
        "Normalized EBITDA": -6650000.0,
        "Total Unusual Items": 726000.0,
        "Total Unusual Items Excluding Goodwill": 726000.0,
        "Net Income From Continuing Operation Net Minority Interest": -8846000.0,
        "Reconciled Depreciation": 1192000.0,
        "Reconciled Cost Of Revenue": 139838000.0,
        "EBITDA": -5924000.0,
        "EBIT": -7116000.0,
        "Net Interest Income": -1488000.0,
        "Interest Expense": 1488000.0,
        "Normalized Income": -9419540.0,
        "Net Income From Continuing And Discontinued Operation": -8846000.0,
        "Total Expenses": 156065000.0,
        "Total Operating Income As Reported": -8479000.0,
        "Diluted Average Shares": 212858000.0,
        "Basic Average Shares": 212858000.0,
        "Diluted EPS": -0.04,
        "Basic EPS": -0.04,
        "Diluted NI Availto Com Stockholders": -9208000.0,
        "Net Income Common Stockholders": -9208000.0,
        "Otherunder Preferred Stock Dividend": 0.0,
        "Preferred Stock Dividends": 362000.0,
        "Net Income": -8846000.0,
        "Net Income Including Noncontrolling Interests": -8846000.0,
        "Net Income Continuous Operations": -8846000.0,
        "Tax Provision": 242000.0,
        "Pretax Income": -8604000.0,
        "Other Income Expense": 1363000.0,
        "Other Non Operating Income Expenses": 637000.0,
        "Special Income Charges": -58000.0,
        "Write Off": 58000.0,
        "Impairment Of Capital Assets": NaN,
        "Gain On Sale Of Security": 784000.0,
        "Net Non Operating Interest Income Expense": -1488000.0,
        "Interest Expense Non Operating": 1488000.0,
        "Operating Income": -8479000.0,
        "Operating Expense": 16227000.0,
        "Depreciation Amortization Depletion Income Statement": 1192000.0,
        "Depreciation And Amortization In Income Statement": 1192000.0,
        "Selling General And Administration": 15035000.0,
        "General And Administrative Expense": 15035000.0,
        "Other Gand A": 5879000.0,
        "Salaries And Wages": 9156000.0,
        "Gross Profit": 7748000.0,
        "Cost Of Revenue": 139838000.0,
        "Total Revenue": 147586000.0,
        "Operating Revenue": 147586000.0
    },
    "2023-09-30": {
        "Tax Effect Of Unusual Items": 166320.0,
        "Tax Rate For Calcs": 0.21,
        "Normalized EBITDA": -4341000.0,
        "Total Unusual Items": 792000.0,
        "Total Unusual Items Excluding Goodwill": 792000.0,
        "Net Income From Continuing Operation Net Minority Interest": -6951000.0,
        "Reconciled Depreciation": 1172000.0,
        "Reconciled Cost Of Revenue": 123255000.0,
        "EBITDA": -3549000.0,
        "EBIT": -4721000.0,
        "Net Interest Income": -1489000.0,
        "Interest Expense": 1489000.0,
        "Normalized Income": -7576680.0,
        "Net Income From Continuing And Discontinued Operation": -6951000.0,
        "Total Expenses": 138638000.0,
        "Total Operating Income As Reported": -6361000.0,
        "Diluted Average Shares": 214273000.0,
        "Basic Average Shares": 214273000.0,
        "Diluted EPS": -0.05,
        "Basic EPS": -0.05,
        "Diluted NI Availto Com Stockholders": -10198000.0,
        "Net Income Common Stockholders": -10198000.0,
        "Otherunder Preferred Stock Dividend": 2885000.0,
        "Preferred Stock Dividends": 362000.0,
        "Net Income": -6951000.0,
        "Net Income Including Noncontrolling Interests": -6951000.0,
        "Net Income Continuous Operations": -6951000.0,
        "Tax Provision": 741000.0,
        "Pretax Income": -6210000.0,
        "Other Income Expense": 1640000.0,
        "Other Non Operating Income Expenses": 848000.0,
        "Special Income Charges": -56000.0,
        "Write Off": 56000.0,
        "Impairment Of Capital Assets": NaN,
        "Gain On Sale Of Security": 848000.0,
        "Net Non Operating Interest Income Expense": -1489000.0,
        "Interest Expense Non Operating": 1489000.0,
        "Operating Income": -6361000.0,
        "Operating Expense": 15383000.0,
        "Depreciation Amortization Depletion Income Statement": 1172000.0,
        "Depreciation And Amortization In Income Statement": 1172000.0,
        "Selling General And Administration": 14211000.0,
        "General And Administrative Expense": 14211000.0,
        "Other Gand A": 5321000.0,
        "Salaries And Wages": 8890000.0,
        "Gross Profit": 9022000.0,
        "Cost Of Revenue": 123255000.0,
        "Total Revenue": 132277000.0,
        "Operating Revenue": 132277000.0
    }
}