{
    "2023-03-31": {
        "Tax Effect Of Unusual Items": NaN,
        "Tax Rate For Calcs": NaN,
        "Normalized EBITDA": NaN,
        "Total Unusual Items": NaN,
        "Total Unusual Items Excluding Goodwill": NaN,
        "Net Income From Continuing Operation Net Minority Interest": NaN,
        "Reconciled Depreciation": NaN,
        "Reconciled Cost Of Revenue": NaN,
        "EBITDA": NaN,
        "EBIT": NaN,
        "Net Interest Income": NaN,
        "Interest Expense": NaN,
        "Normalized Income": NaN,
        "Net Income From Continuing And Discontinued Operation": NaN,
        "Total Expenses": NaN,
        "Total Operating Income As Reported": NaN,
        "Diluted Average Shares": 166927515.0,
        "Basic Average Shares": 166927515.0,
        "Diluted EPS": 1.24,
        "Basic EPS": 1.24,
        "Diluted NI Availto Com Stockholders": NaN,
        "Average Dilution Earnings": NaN,
        "Net Income Common Stockholders": NaN,
        "Net Income": NaN,
        "Minority Interests": NaN,
        "Net Income Including Noncontrolling Interests": NaN,
        "Net Income Continuous Operations": NaN,
        "Tax Provision": NaN,
        "Pretax Income": NaN,
        "Other Income Expense": NaN,
        "Other Non Operating Income Expenses": NaN,
        "Special Income Charges": NaN,
        "Gain On Sale Of Ppe": 0.0,
        "Other Special Charges": NaN,
        "Restructuring And Mergern Acquisition": NaN,
        "Earnings From Equity Interest": NaN,
        "Gain On Sale Of Security": NaN,
        "Net Non Operating Interest Income Expense": NaN,
        "Interest Expense Non Operating": NaN,
        "Operating Income": NaN,
        "Operating Expense": NaN,
        "Other Operating Expenses": NaN,
        "Other Taxes": NaN,
        "Depreciation Amortization Depletion Income Statement": NaN,
        "Selling General And Administration": NaN,
        "Selling And Marketing Expense": NaN,
        "General And Administrative Expense": NaN,
        "Other Gand A": NaN,
        "Salaries And Wages": NaN,
        "Gross Profit": NaN,
        "Cost Of Revenue": NaN,
        "Total Revenue": NaN,
        "Operating Revenue": NaN
    },
    "2022-12-31": {
        "Tax Effect Of Unusual Items": NaN,
        "Tax Rate For Calcs": NaN,
        "Normalized EBITDA": NaN,
        "Total Unusual Items": NaN,
        "Total Unusual Items Excluding Goodwill": NaN,
        "Net Income From Continuing Operation Net Minority Interest": NaN,
        "Reconciled Depreciation": NaN,
        "Reconciled Cost Of Revenue": NaN,
        "EBITDA": NaN,
        "EBIT": NaN,
        "Net Interest Income": NaN,
        "Interest Expense": NaN,
        "Normalized Income": NaN,
        "Net Income From Continuing And Discontinued Operation": NaN,
        "Total Expenses": NaN,
        "Total Operating Income As Reported": NaN,
        "Diluted Average Shares": NaN,
        "Basic Average Shares": NaN,
        "Diluted EPS": NaN,
        "Basic EPS": NaN,
        "Diluted NI Availto Com Stockholders": NaN,
        "Average Dilution Earnings": NaN,
        "Net Income Common Stockholders": NaN,
        "Net Income": NaN,
        "Minority Interests": NaN,
        "Net Income Including Noncontrolling Interests": NaN,
        "Net Income Extraordinary": 0.0,
        "Net Income Continuous Operations": NaN,
        "Tax Provision": NaN,
        "Pretax Income": NaN,
        "Other Income Expense": NaN,
        "Other Non Operating Income Expenses": NaN,
        "Special Income Charges": NaN,
        "Gain On Sale Of Ppe": NaN,
        "Other Special Charges": NaN,
        "Restructuring And Mergern Acquisition": NaN,
        "Earnings From Equity Interest": NaN,
        "Gain On Sale Of Security": NaN,
        "Net Non Operating Interest Income Expense": NaN,
        "Interest Expense Non Operating": NaN,
        "Operating Income": NaN,
        "Operating Expense": NaN,
        "Other Operating Expenses": NaN,
        "Other Taxes": NaN,
        "Depreciation Amortization Depletion Income Statement": NaN,
        "Selling General And Administration": NaN,
        "Selling And Marketing Expense": NaN,
        "General And Administrative Expense": NaN,
        "Other Gand A": NaN,
        "Salaries And Wages": NaN,
        "Gross Profit": NaN,
        "Cost Of Revenue": NaN,
        "Total Revenue": NaN,
        "Operating Revenue": NaN
    },
    "2022-09-30": {
        "Tax Effect Of Unusual Items": NaN,
        "Tax Rate For Calcs": NaN,
        "Normalized EBITDA": NaN,
        "Total Unusual Items": NaN,
        "Total Unusual Items Excluding Goodwill": NaN,
        "Net Income From Continuing Operation Net Minority Interest": NaN,
        "Reconciled Depreciation": NaN,
        "Reconciled Cost Of Revenue": NaN,
        "EBITDA": NaN,
        "EBIT": NaN,
        "Net Interest Income": NaN,
        "Interest Expense": NaN,
        "Normalized Income": NaN,
        "Net Income From Continuing And Discontinued Operation": NaN,
        "Total Expenses": NaN,
        "Total Operating Income As Reported": NaN,
        "Diluted Average Shares": NaN,
        "Basic Average Shares": NaN,
        "Diluted EPS": NaN,
        "Basic EPS": NaN,
        "Diluted NI Availto Com Stockholders": NaN,
        "Average Dilution Earnings": NaN,
        "Net Income Common Stockholders": NaN,
        "Net Income": NaN,
        "Minority Interests": NaN,
        "Net Income Including Noncontrolling Interests": NaN,
        "Net Income Extraordinary": 0.0,
        "Net Income Continuous Operations": NaN,
        "Tax Provision": NaN,
        "Pretax Income": NaN,
        "Other Income Expense": NaN,
        "Other Non Operating Income Expenses": NaN,
        "Special Income Charges": NaN,
        "Gain On Sale Of Ppe": NaN,
        "Other Special Charges": NaN,
        "Restructuring And Mergern Acquisition": NaN,
        "Earnings From Equity Interest": NaN,
        "Gain On Sale Of Security": NaN,
        "Net Non Operating Interest Income Expense": NaN,
        "Interest Expense Non Operating": NaN,
        "Operating Income": NaN,
        "Operating Expense": NaN,
        "Other Operating Expenses": NaN,
        "Other Taxes": NaN,
        "Depreciation Amortization Depletion Income Statement": NaN,
        "Selling General And Administration": NaN,
        "Selling And Marketing Expense": NaN,
        "General And Administrative Expense": NaN,
        "Other Gand A": NaN,
        "Salaries And Wages": NaN,
        "Gross Profit": NaN,
        "Cost Of Revenue": NaN,
        "Total Revenue": NaN,
        "Operating Revenue": NaN
    },
    "2022-06-30": {
        "Tax Effect Of Unusual Items": -10576399.0,
        "Tax Rate For Calcs": 0.059,
        "Normalized EBITDA": 635467000.0,
        "Total Unusual Items": -179261000.0,
        "Total Unusual Items Excluding Goodwill": -179261000.0,
        "Net Income From Continuing Operation Net Minority Interest": 54523000.0,
        "Reconciled Depreciation": 131573000.0,
        "Reconciled Cost Of Revenue": 106375000.0,
        "EBITDA": 456206000.0,
        "EBIT": 324633000.0,
        "Net Interest Income": -24937000.0,
        "Interest Expense": 24937000.0,
        "Normalized Income": 223207601.0,
        "Net Income From Continuing And Discontinued Operation": 54523000.0,
        "Total Expenses": 406541000.0,
        "Total Operating Income As Reported": 499841000.0,
        "Diluted Average Shares": 169492000.0,
        "Basic Average Shares": 169490000.0,
        "Diluted EPS": 1.3,
        "Basic EPS": 1.3,
        "Diluted NI Availto Com Stockholders": 54525000.0,
        "Average Dilution Earnings": 2000.0,
        "Net Income Common Stockholders": 54523000.0,
        "Net Income": 54523000.0,
        "Minority Interests": -227375000.0,
        "Net Income Including Noncontrolling Interests": 281898000.0,
        "Net Income From Tax Loss Carryforward": NaN,
        "Net Income Extraordinary": 0.0,
        "Net Income Continuous Operations": 281898000.0,
        "Tax Provision": 17798000.0,
        "Pretax Income": 299696000.0,
        "Other Income Expense": -177260000.0,
        "Other Non Operating Income Expenses": -303000.0,
        "Special Income Charges": -2052000.0,
        "Gain On Sale Of Ppe": 197000.0,
        "Write Off": NaN,
        "Impairment Of Capital Assets": NaN,
        "Restructuring And Mergern Acquisition": 2249000.0,
        "Earnings From Equity Interest": 2304000.0,
        "Gain On Sale Of Security": -177209000.0,
        "Net Non Operating Interest Income Expense": -24937000.0,
        "Interest Expense Non Operating": 24937000.0,
        "Operating Income": 501893000.0,
        "Operating Expense": 300166000.0,
        "Other Operating Expenses": 22435000.0,
        "Other Taxes": 65496000.0,
        "Depreciation Amortization Depletion Income Statement": 131573000.0,
        "Selling General And Administration": 80662000.0,
        "Selling And Marketing Expense": 38238000.0,
        "General And Administrative Expense": 42424000.0,
        "Other Gand A": 8052000.0,
        "Salaries And Wages": 34372000.0,
        "Gross Profit": 802059000.0,
        "Cost Of Revenue": 106375000.0,
        "Total Revenue": 908434000.0,
        "Operating Revenue": 908434000.0
    },
    "2022-03-31": {
        "Diluted EPS": -2.03,
        "Total Revenue": 599,
        "Gross Profit": 599,
        "Operating Income": 263,
        "EBIT": 363,
        "Net Income": -85
    },
    "2021-12-31": {
        "Diluted EPS": 0.0,
        "Total Revenue": 463,
        "Gross Profit": 463,
        "Operating Income": 162,
        "EBIT": 242,
        "Net Income": NaN
    },
    "2021-09-30": {
        "Diluted EPS": 0.0,
        "Total Revenue": 366,
        "Gross Profit": 366,
        "Operating Income": 134,
        "EBIT": 208,
        "Net Income": 0
    },
    "2021-06-30": {
        "Diluted EPS": 0.0,
        "Total Revenue": 330,
        "Gross Profit": 330,
        "Operating Income": 100,
        "EBIT": 181,
        "Net Income": NaN
    },
    "2021-03-31": {
        "Diluted EPS": 0.0,
        "Total Revenue": 318,
        "Gross Profit": 318,
        "Operating Income": 88,
        "EBIT": 173,
        "Net Income": NaN
    },
    "2020-12-31": {
        "Diluted EPS": 0.0,
        "Total Revenue": 670,
        "Gross Profit": 670,
        "Operating Income": -203,
        "EBIT": 149,
        "Net Income": 140
    },
    "2020-09-30": {
        "Diluted EPS": -0.05,
        "Total Revenue": 31,
        "Gross Profit": 17,
        "Operating Income": 2,
        "EBIT": 8,
        "Net Income": -7
    },
    "2020-06-30": {
        "Diluted EPS": -0.21,
        "Total Revenue": 18,
        "Gross Profit": 3,
        "Operating Income": -21,
        "EBIT": -15,
        "Net Income": -28
    },
    "2020-03-31": {
        "Diluted EPS": -0.8,
        "Total Revenue": 35,
        "Gross Profit": 15,
        "Operating Income": -151,
        "EBIT": -138,
        "Net Income": -105
    },
    "2019-12-31": {
        "Diluted EPS": 0.0,
        "Total Revenue": NaN,
        "Gross Profit": NaN,
        "Operating Income": 247,
        "EBIT": 539,
        "Net Income": NaN
    },
    "2019-09-30": {
        "Diluted EPS": -0.19,
        "Total Revenue": 13,
        "Gross Profit": 7,
        "Operating Income": -9,
        "EBIT": 0,
        "Net Income": -8
    },
    "2019-06-30": {
        "Diluted EPS": -0.15,
        "Total Revenue": 13,
        "Gross Profit": 7,
        "Operating Income": -6,
        "EBIT": 1,
        "Net Income": -5
    },
    "2019-03-31": {
        "Diluted EPS": -0.26,
        "Total Revenue": 14,
        "Gross Profit": 9,
        "Operating Income": -5,
        "EBIT": 3,
        "Net Income": -9
    },
    "2018-12-31": {
        "Diluted EPS": -1.18,
        "Total Revenue": 19,
        "Gross Profit": 13,
        "Operating Income": -29,
        "EBIT": -20,
        "Net Income": -34
    },
    "2018-09-30": {
        "Diluted EPS": -3.26,
        "Total Revenue": 20,
        "Gross Profit": 13,
        "Operating Income": -79,
        "EBIT": -67,
        "Net Income": -82
    },
    "2018-06-30": {
        "Diluted EPS": -0.29,
        "Total Revenue": 18,
        "Gross Profit": 12,
        "Operating Income": -4,
        "EBIT": 5,
        "Net Income": -7
    },
    "2018-03-31": {
        "Diluted EPS": 0.04,
        "Total Revenue": 20,
        "Gross Profit": 14,
        "Operating Income": -7,
        "EBIT": 3,
        "Net Income": 1
    },
    "2017-12-31": {
        "Diluted EPS": -0.23,
        "Total Revenue": 20,
        "Gross Profit": 13,
        "Operating Income": -5,
        "EBIT": 6,
        "Net Income": -6
    },
    "2017-09-30": {
        "Diluted EPS": -0.28,
        "Total Revenue": 19,
        "Gross Profit": 12,
        "Operating Income": -6,
        "EBIT": 5,
        "Net Income": -7
    },
    "2017-06-30": {
        "Diluted EPS": -0.24,
        "Total Revenue": 20,
        "Gross Profit": 14,
        "Operating Income": -6,
        "EBIT": 6,
        "Net Income": -6
    },
    "2017-03-31": {
        "Diluted EPS": 0.04,
        "Total Revenue": 19,
        "Gross Profit": 13,
        "Operating Income": -6,
        "EBIT": 6,
        "Net Income": 1
    },
    "2016-12-31": {
        "Diluted EPS": -0.66,
        "Total Revenue": 22,
        "Gross Profit": 15,
        "Operating Income": -13,
        "EBIT": 0,
        "Net Income": -17
    },
    "2016-09-30": {
        "Diluted EPS": -0.55,
        "Total Revenue": 20,
        "Gross Profit": 11,
        "Operating Income": -13,
        "EBIT": 2,
        "Net Income": -12
    },
    "2016-06-30": {
        "Diluted EPS": -0.9,
        "Total Revenue": 19,
        "Gross Profit": 12,
        "Operating Income": -12,
        "EBIT": 5,
        "Net Income": -17
    },
    "2016-03-31": {
        "Diluted EPS": -0.6,
        "Total Revenue": 18,
        "Gross Profit": 10,
        "Operating Income": -15,
        "EBIT": 2,
        "Net Income": -11
    },
    "2015-12-31": {
        "Diluted EPS": -5.87,
        "Total Revenue": 21,
        "Gross Profit": 14,
        "Operating Income": -60,
        "EBIT": -39,
        "Net Income": -111
    },
    "2015-09-30": {
        "Diluted EPS": -9.79,
        "Total Revenue": 29,
        "Gross Profit": 20,
        "Operating Income": -261,
        "EBIT": -223,
        "Net Income": -186
    },
    "2015-06-30": {
        "Diluted EPS": -1.03,
        "Total Revenue": 35,
        "Gross Profit": 24,
        "Operating Income": -29,
        "EBIT": 10,
        "Net Income": -20
    },
    "2015-03-31": {
        "Diluted EPS": -0.98,
        "Total Revenue": 31,
        "Gross Profit": 21,
        "Operating Income": -29,
        "EBIT": 6,
        "Net Income": -19
    },
    "2014-12-31": {
        "Diluted EPS": -1.05,
        "Total Revenue": 50,
        "Gross Profit": 39,
        "Operating Income": -34,
        "EBIT": 7,
        "Net Income": -20
    },
    "2014-09-30": {
        "Diluted EPS": 0.19,
        "Total Revenue": 68,
        "Gross Profit": 54,
        "Operating Income": 4,
        "EBIT": 45,
        "Net Income": 4
    },
    "2014-06-30": {
        "Diluted EPS": 0.24,
        "Total Revenue": 78,
        "Gross Profit": 67,
        "Operating Income": 6,
        "EBIT": 45,
        "Net Income": 5
    },
    "2014-03-31": {
        "Diluted EPS": -0.53,
        "Total Revenue": 80,
        "Gross Profit": 69,
        "Operating Income": -18,
        "EBIT": 17,
        "Net Income": -10
    },
    "2013-12-31": {
        "Diluted EPS": 0.26,
        "Total Revenue": 67,
        "Gross Profit": 56,
        "Operating Income": 6,
        "EBIT": 40,
        "Net Income": 6
    },
    "2013-09-30": {
        "Diluted EPS": 1.3,
        "Total Revenue": 35,
        "Gross Profit": 29,
        "Operating Income": 15,
        "EBIT": 26,
        "Net Income": 20
    },
    "2013-06-30": {
        "Diluted EPS": 0.75,
        "Total Revenue": 31,
        "Gross Profit": 20,
        "Operating Income": 3,
        "EBIT": 13,
        "Net Income": 11
    },
    "2013-03-31": {
        "Diluted EPS": 0.25,
        "Total Revenue": 32,
        "Gross Profit": 22,
        "Operating Income": 8,
        "EBIT": 19,
        "Net Income": 4
    },
    "2012-12-31": {
        "Diluted EPS": 0.17,
        "Total Revenue": 35,
        "Gross Profit": 30,
        "Operating Income": 35,
        "EBIT": 46,
        "Net Income": 3
    },
    "2012-09-30": {
        "Diluted EPS": -1.8,
        "Total Revenue": 30,
        "Gross Profit": 23,
        "Operating Income": -42,
        "EBIT": -42,
        "Net Income": -28
    },
    "2012-06-30": {
        "Diluted EPS": 0.0,
        "Total Revenue": NaN,
        "Gross Profit": NaN,
        "Operating Income": NaN,
        "EBIT": NaN,
        "Net Income": NaN
    },
    "2012-03-31": {
        "Diluted EPS": 0.96,
        "Total Revenue": 41,
        "Gross Profit": 36,
        "Operating Income": 23,
        "EBIT": 59,
        "Net Income": 15
    },
    "2011-12-31": {
        "Diluted EPS": 1.27,
        "Total Revenue": 54,
        "Gross Profit": 47,
        "Operating Income": 54,
        "EBIT": 67,
        "Net Income": 19
    },
    "2011-09-30": {
        "Diluted EPS": 0.95,
        "Total Revenue": 44,
        "Gross Profit": 38,
        "Operating Income": 25,
        "EBIT": 25,
        "Net Income": 15
    },
    "2011-06-30": {
        "Diluted EPS": 0.0,
        "Total Revenue": NaN,
        "Gross Profit": NaN,
        "Operating Income": NaN,
        "EBIT": NaN,
        "Net Income": NaN
    },
    "2011-03-31": {
        "Diluted EPS": 1.07,
        "Total Revenue": 52,
        "Gross Profit": 46,
        "Operating Income": 26,
        "EBIT": 73,
        "Net Income": 17
    },
    "2010-12-31": {
        "Diluted EPS": 0.75,
        "Total Revenue": 48,
        "Gross Profit": 43,
        "Operating Income": 48,
        "EBIT": 64,
        "Net Income": 12
    },
    "2010-09-30": {
        "Diluted EPS": 1.2,
        "Total Revenue": 53,
        "Gross Profit": 48,
        "Operating Income": 31,
        "EBIT": 31,
        "Net Income": 19
    },
    "2010-06-30": {
        "Diluted EPS": 0.0,
        "Total Revenue": NaN,
        "Gross Profit": NaN,
        "Operating Income": NaN,
        "EBIT": NaN,
        "Net Income": NaN
    },
    "2010-03-31": {
        "Diluted EPS": 0.11,
        "Total Revenue": 38,
        "Gross Profit": 34,
        "Operating Income": 3,
        "EBIT": 28,
        "Net Income": 2
    },
    "2009-12-31": {
        "Diluted EPS": 1.18,
        "Total Revenue": 46,
        "Gross Profit": 42,
        "Operating Income": 46,
        "EBIT": 55,
        "Net Income": 19
    },
    "2009-09-30": {
        "Diluted EPS": 0.83,
        "Total Revenue": 36,
        "Gross Profit": 32,
        "Operating Income": 21,
        "EBIT": 21,
        "Net Income": 13
    },
    "2009-06-30": {
        "Diluted EPS": 0.0,
        "Total Revenue": NaN,
        "Gross Profit": NaN,
        "Operating Income": NaN,
        "EBIT": NaN,
        "Net Income": NaN
    },
    "2009-03-31": {
        "Diluted EPS": 0.05,
        "Total Revenue": 36,
        "Gross Profit": 32,
        "Operating Income": 2,
        "EBIT": 24,
        "Net Income": 1
    },
    "2023-06-30": {
        "Tax Effect Of Unusual Items": NaN,
        "Tax Rate For Calcs": NaN,
        "Normalized EBITDA": NaN,
        "Total Unusual Items": NaN,
        "Total Unusual Items Excluding Goodwill": NaN,
        "Net Income From Continuing Operation Net Minority Interest": NaN,
        "Reconciled Depreciation": NaN,
        "Reconciled Cost Of Revenue": NaN,
        "EBITDA": NaN,
        "EBIT": NaN,
        "Net Interest Income": NaN,
        "Interest Expense": NaN,
        "Normalized Income": NaN,
        "Net Income From Continuing And Discontinued Operation": NaN,
        "Total Expenses": NaN,
        "Total Operating Income As Reported": NaN,
        "Diluted Average Shares": 167359061.0,
        "Basic Average Shares": 167006924.0,
        "Diluted EPS": 0.11,
        "Basic EPS": 0.11,
        "Diluted NI Availto Com Stockholders": NaN,
        "Average Dilution Earnings": NaN,
        "Net Income Common Stockholders": NaN,
        "Net Income": NaN,
        "Minority Interests": NaN,
        "Net Income Including Noncontrolling Interests": NaN,
        "Net Income Continuous Operations": NaN,
        "Tax Provision": NaN,
        "Pretax Income": NaN,
        "Other Income Expense": NaN,
        "Other Non Operating Income Expenses": NaN,
        "Special Income Charges": NaN,
        "Gain On Sale Of Ppe": NaN,
        "Other Special Charges": NaN,
        "Restructuring And Mergern Acquisition": NaN,
        "Earnings From Equity Interest": NaN,
        "Gain On Sale Of Security": NaN,
        "Net Non Operating Interest Income Expense": NaN,
        "Interest Expense Non Operating": NaN,
        "Operating Income": NaN,
        "Operating Expense": NaN,
        "Other Operating Expenses": NaN,
        "Other Taxes": NaN,
        "Depreciation Amortization Depletion Income Statement": NaN,
        "Selling General And Administration": NaN,
        "Selling And Marketing Expense": NaN,
        "General And Administrative Expense": NaN,
        "Other Gand A": NaN,
        "Salaries And Wages": NaN,
        "Gross Profit": NaN,
        "Cost Of Revenue": NaN,
        "Total Revenue": NaN,
        "Operating Revenue": NaN
    },
    "2023-09-30": {
        "Tax Effect Of Unusual Items": NaN,
        "Tax Rate For Calcs": NaN,
        "Normalized EBITDA": NaN,
        "Total Unusual Items": NaN,
        "Total Unusual Items Excluding Goodwill": NaN,
        "Net Income From Continuing Operation Net Minority Interest": NaN,
        "Reconciled Depreciation": NaN,
        "Reconciled Cost Of Revenue": NaN,
        "EBITDA": NaN,
        "EBIT": NaN,
        "Net Interest Income": NaN,
        "Interest Expense": NaN,
        "Normalized Income": NaN,
        "Net Income From Continuing And Discontinued Operation": NaN,
        "Total Expenses": NaN,
        "Total Operating Income As Reported": NaN,
        "Diluted Average Shares": 169756924.0,
        "Basic Average Shares": 169756924.0,
        "Diluted EPS": -0.67,
        "Basic EPS": -0.67,
        "Diluted NI Availto Com Stockholders": NaN,
        "Average Dilution Earnings": NaN,
        "Net Income Common Stockholders": NaN,
        "Net Income": NaN,
        "Minority Interests": NaN,
        "Net Income Including Noncontrolling Interests": NaN,
        "Net Income Continuous Operations": NaN,
        "Tax Provision": NaN,
        "Pretax Income": NaN,
        "Other Income Expense": NaN,
        "Other Non Operating Income Expenses": NaN,
        "Special Income Charges": NaN,
        "Gain On Sale Of Ppe": 0.0,
        "Other Special Charges": NaN,
        "Restructuring And Mergern Acquisition": NaN,
        "Earnings From Equity Interest": NaN,
        "Gain On Sale Of Security": NaN,
        "Net Non Operating Interest Income Expense": NaN,
        "Interest Expense Non Operating": NaN,
        "Operating Income": NaN,
        "Operating Expense": NaN,
        "Other Operating Expenses": NaN,
        "Other Taxes": NaN,
        "Depreciation Amortization Depletion Income Statement": NaN,
        "Selling General And Administration": NaN,
        "Selling And Marketing Expense": NaN,
        "General And Administrative Expense": NaN,
        "Other Gand A": NaN,
        "Salaries And Wages": NaN,
        "Gross Profit": NaN,
        "Cost Of Revenue": NaN,
        "Total Revenue": NaN,
        "Operating Revenue": NaN
    },
    "2023-12-31": {
        "Tax Effect Of Unusual Items": 9344112.974939,
        "Tax Rate For Calcs": 0.115754,
        "Normalized EBITDA": 303674000.0,
        "Total Unusual Items": 80724000.0,
        "Total Unusual Items Excluding Goodwill": 80724000.0,
        "Net Income From Continuing Operation Net Minority Interest": 55535000.0,
        "Reconciled Depreciation": 182903000.0,
        "Reconciled Cost Of Revenue": 130584000.0,
        "EBITDA": 384398000.0,
        "EBIT": 201495000.0,
        "Net Interest Income": -43159000.0,
        "Interest Expense": 43159000.0,
        "Normalized Income": -15844887.025061,
        "Net Income From Continuing And Discontinued Operation": 55535000.0,
        "Total Expenses": 534660000.0,
        "Total Operating Income As Reported": -31399000.0,
        "Diluted Average Shares": NaN,
        "Basic Average Shares": NaN,
        "Diluted EPS": NaN,
        "Basic EPS": NaN,
        "Diluted NI Availto Com Stockholders": 56117000.0,
        "Average Dilution Earnings": 582000.0,
        "Net Income Common Stockholders": 55535000.0,
        "Net Income": 55535000.0,
        "Minority Interests": -84473000.0,
        "Net Income Including Noncontrolling Interests": 140008000.0,
        "Net Income Continuous Operations": 140008000.0,
        "Tax Provision": 18328000.0,
        "Pretax Income": 158336000.0,
        "Other Income Expense": 78427000.0,
        "Other Non Operating Income Expenses": -1488000.0,
        "Special Income Charges": -154467000.0,
        "Gain On Sale Of Ppe": 0.0,
        "Other Special Charges": NaN,
        "Restructuring And Mergern Acquisition": 972000.0,
        "Earnings From Equity Interest": -809000.0,
        "Gain On Sale Of Security": 235191000.0,
        "Net Non Operating Interest Income Expense": -43159000.0,
        "Interest Expense Non Operating": 43159000.0,
        "Operating Income": 123068000.0,
        "Operating Expense": 404076000.0,
        "Other Operating Expenses": 55180000.0,
        "Other Taxes": 46740000.0,
        "Depreciation Amortization Depletion Income Statement": 182903000.0,
        "Selling General And Administration": 119253000.0,
        "Selling And Marketing Expense": 74503000.0,
        "General And Administrative Expense": 44750000.0,
        "Other Gand A": 15423000.0,
        "Salaries And Wages": 29327000.0,
        "Gross Profit": 527144000.0,
        "Cost Of Revenue": 130584000.0,
        "Total Revenue": 657728000.0,
        "Operating Revenue": 657728000.0
    },
    "2024-03-31": {
        "Tax Effect Of Unusual Items": -14938940.529899,
        "Tax Rate For Calcs": 0.115085,
        "Normalized EBITDA": 312485000.0,
        "Total Unusual Items": -129808000.0,
        "Total Unusual Items Excluding Goodwill": -129808000.0,
        "Net Income From Continuing Operation Net Minority Interest": -24168000.0,
        "Reconciled Depreciation": 176564000.0,
        "Reconciled Cost Of Revenue": 130688000.0,
        "EBITDA": 182677000.0,
        "EBIT": 6113000.0,
        "Net Interest Income": -42686000.0,
        "Interest Expense": 42686000.0,
        "Normalized Income": 90701059.470101,
        "Net Income From Continuing And Discontinued Operation": -24168000.0,
        "Total Expenses": 521829000.0,
        "Total Operating Income As Reported": 134020000.0,
        "Diluted Average Shares": 179126154.0,
        "Basic Average Shares": 179126154.0,
        "Diluted EPS": -0.25,
        "Basic EPS": -0.25,
        "Diluted NI Availto Com Stockholders": -24168000.0,
        "Average Dilution Earnings": 0.0,
        "Net Income Common Stockholders": -24168000.0,
        "Net Income": -24168000.0,
        "Minority Interests": 8196000.0,
        "Net Income Including Noncontrolling Interests": -32364000.0,
        "Net Income Continuous Operations": -32364000.0,
        "Tax Provision": -4209000.0,
        "Pretax Income": -36573000.0,
        "Other Income Expense": -129531000.0,
        "Other Non Operating Income Expenses": 150000.0,
        "Special Income Charges": -24206000.0,
        "Gain On Sale Of Ppe": 0.0,
        "Other Special Charges": 22582000.0,
        "Impairment Of Capital Assets": 0.0,
        "Restructuring And Mergern Acquisition": 1624000.0,
        "Earnings From Equity Interest": 127000.0,
        "Gain On Sale Of Security": -105602000.0,
        "Net Non Operating Interest Income Expense": -42686000.0,
        "Interest Expense Non Operating": 42686000.0,
        "Operating Income": 135644000.0,
        "Operating Expense": 391141000.0,
        "Other Operating Expenses": 59092000.0,
        "Other Taxes": 32523000.0,
        "Depreciation Amortization Depletion Income Statement": 176564000.0,
        "Selling General And Administration": 122962000.0,
        "Selling And Marketing Expense": 69569000.0,
        "General And Administrative Expense": 53393000.0,
        "Other Gand A": 12917000.0,
        "Salaries And Wages": 40476000.0,
        "Gross Profit": 526785000.0,
        "Cost Of Revenue": 130688000.0,
        "Total Revenue": 657473000.0,
        "Operating Revenue": 657473000.0
    },
    "2024-06-30": {
        "Tax Effect Of Unusual Items": 2125293.0,
        "Tax Rate For Calcs": 0.141,
        "Normalized EBITDA": 321400000.0,
        "Total Unusual Items": 15073000.0,
        "Total Unusual Items Excluding Goodwill": 15073000.0,
        "Net Income From Continuing Operation Net Minority Interest": 37547000.0,
        "Reconciled Depreciation": 212382000.0,
        "Reconciled Cost Of Revenue": 122454000.0,
        "EBITDA": 336473000.0,
        "EBIT": 124091000.0,
        "Net Interest Income": -42359000.0,
        "Interest Expense": 42359000.0,
        "Normalized Income": 24599293.0,
        "Net Income From Continuing And Discontinued Operation": 37547000.0,
        "Total Expenses": 544840000.0,
        "Total Operating Income As Reported": 119384000.0,
        "Diluted Average Shares": 179173081.0,
        "Basic Average Shares": 177464725.0,
        "Diluted EPS": 0.33,
        "Basic EPS": 0.34,
        "Diluted NI Availto Com Stockholders": 37651000.0,
        "Average Dilution Earnings": 104000.0,
        "Net Income Common Stockholders": 37547000.0,
        "Net Income": 37547000.0,
        "Minority Interests": -32658000.0,
        "Net Income Including Noncontrolling Interests": 70205000.0,
        "Net Income Continuous Operations": 70205000.0,
        "Tax Provision": 11527000.0,
        "Pretax Income": 81732000.0,
        "Other Income Expense": 15648000.0,
        "Other Non Operating Income Expenses": 624000.0,
        "Special Income Charges": 10941000.0,
        "Gain On Sale Of Ppe": 19449000.0,
        "Other Special Charges": NaN,
        "Impairment Of Capital Assets": NaN,
        "Restructuring And Mergern Acquisition": 8508000.0,
        "Earnings From Equity Interest": -49000.0,
        "Gain On Sale Of Security": 4132000.0,
        "Net Non Operating Interest Income Expense": -42359000.0,
        "Interest Expense Non Operating": 42359000.0,
        "Operating Income": 108443000.0,
        "Operating Expense": 422386000.0,
        "Other Operating Expenses": 56875000.0,
        "Other Taxes": 31065000.0,
        "Depreciation Amortization Depletion Income Statement": 212382000.0,
        "Selling General And Administration": 122064000.0,
        "Selling And Marketing Expense": 65851000.0,
        "General And Administrative Expense": 56213000.0,
        "Other Gand A": 16341000.0,
        "Salaries And Wages": 39872000.0,
        "Gross Profit": 530829000.0,
        "Cost Of Revenue": 122454000.0,
        "Total Revenue": 653283000.0,
        "Operating Revenue": 653283000.0
    },
    "2024-09-30": {
        "Tax Effect Of Unusual Items": 1650971.0,
        "Tax Rate For Calcs": 0.227,
        "Normalized EBITDA": 298846000.0,
        "Total Unusual Items": 7273000.0,
        "Total Unusual Items Excluding Goodwill": 7273000.0,
        "Net Income From Continuing Operation Net Minority Interest": -9945000.0,
        "Reconciled Depreciation": 251498000.0,
        "Reconciled Cost Of Revenue": 129546000.0,
        "EBITDA": 306119000.0,
        "EBIT": 54621000.0,
        "Net Interest Income": -61840000.0,
        "Interest Expense": 61840000.0,
        "Normalized Income": -15567029.0,
        "Net Income From Continuing And Discontinued Operation": -9945000.0,
        "Total Expenses": 699201000.0,
        "Total Operating Income As Reported": -7422000.0,
        "Diluted Average Shares": 212567670.0,
        "Basic Average Shares": 212567670.0,
        "Diluted EPS": -0.07,
        "Basic EPS": -0.07,
        "Diluted NI Availto Com Stockholders": -9945000.0,
        "Average Dilution Earnings": 0.0,
        "Net Income Common Stockholders": -9945000.0,
        "Net Income": -9945000.0,
        "Minority Interests": -4366000.0,
        "Net Income Including Noncontrolling Interests": -5579000.0,
        "Net Income Continuous Operations": -5579000.0,
        "Tax Provision": -1640000.0,
        "Pretax Income": -7219000.0,
        "Other Income Expense": 8948000.0,
        "Other Non Operating Income Expenses": 1631000.0,
        "Special Income Charges": -89608000.0,
        "Gain On Sale Of Ppe": -12000.0,
        "Other Special Charges": 36513000.0,
        "Impairment Of Capital Assets": NaN,
        "Restructuring And Mergern Acquisition": 53083000.0,
        "Earnings From Equity Interest": 44000.0,
        "Gain On Sale Of Security": 96881000.0,
        "Net Non Operating Interest Income Expense": -61840000.0,
        "Interest Expense Non Operating": 61840000.0,
        "Operating Income": 45673000.0,
        "Operating Expense": 569655000.0,
        "Other Operating Expenses": 63640000.0,
        "Other Taxes": 43171000.0,
        "Depreciation Amortization Depletion Income Statement": 251498000.0,
        "Selling General And Administration": 211346000.0,
        "Selling And Marketing Expense": 89405000.0,
        "General And Administrative Expense": 121941000.0,
        "Other Gand A": 18011000.0,
        "Salaries And Wages": 103930000.0,
        "Gross Profit": 615328000.0,
        "Cost Of Revenue": 129546000.0,
        "Total Revenue": 744874000.0,
        "Operating Revenue": 744874000.0
    },
    "2024-12-31": {
        "Tax Effect Of Unusual Items": -47645296.209391,
        "Tax Rate For Calcs": 0.177798,
        "Normalized EBITDA": 439693000.0,
        "Total Unusual Items": -267974000.0,
        "Total Unusual Items Excluding Goodwill": -267974000.0,
        "Net Income From Continuing Operation Net Minority Interest": -118039000.0,
        "Reconciled Depreciation": 309036000.0,
        "Reconciled Cost Of Revenue": 146134000.0,
        "EBITDA": 171719000.0,
        "EBIT": -137317000.0,
        "Net Interest Income": -69378000.0,
        "Interest Expense": 69378000.0,
        "Normalized Income": 102289703.790609,
        "Net Income From Continuing And Discontinued Operation": -118039000.0,
        "Total Expenses": 744594000.0,
        "Total Operating Income As Reported": -27520000.0,
        "Diluted Average Shares": 235281000.0,
        "Basic Average Shares": 235281000.0,
        "Diluted EPS": -0.7,
        "Basic EPS": -0.7,
        "Diluted NI Availto Com Stockholders": -118185000.0,
        "Average Dilution Earnings": -146000.0,
        "Net Income Common Stockholders": -118039000.0,
        "Net Income": -118039000.0,
        "Minority Interests": 51906000.0,
        "Net Income Including Noncontrolling Interests": -169945000.0,
        "Net Income Continuous Operations": -169945000.0,
        "Tax Provision": -36750000.0,
        "Pretax Income": -206695000.0,
        "Other Income Expense": -268012000.0,
        "Other Non Operating Income Expenses": -645000.0,
        "Special Income Charges": -158215000.0,
        "Gain On Sale Of Ppe": 9993000.0,
        "Other Special Charges": 0.0,
        "Impairment Of Capital Assets": NaN,
        "Restructuring And Mergern Acquisition": 6666000.0,
        "Earnings From Equity Interest": 607000.0,
        "Gain On Sale Of Security": -109759000.0,
        "Net Non Operating Interest Income Expense": -69378000.0,
        "Interest Expense Non Operating": 69378000.0,
        "Operating Income": 130695000.0,
        "Operating Expense": 598460000.0,
        "Other Operating Expenses": 50340000.0,
        "Other Taxes": 55875000.0,
        "Depreciation Amortization Depletion Income Statement": 309036000.0,
        "Selling General And Administration": 183209000.0,
        "Selling And Marketing Expense": 88106000.0,
        "General And Administrative Expense": 95103000.0,
        "Other Gand A": 25588000.0,
        "Salaries And Wages": 69515000.0,
        "Gross Profit": 729155000.0,
        "Cost Of Revenue": 146134000.0,
        "Total Revenue": 875289000.0,
        "Operating Revenue": 875289000.0
    },
    "2025-03-31": {
        "Tax Effect Of Unusual Items": -39278687.118724,
        "Tax Rate For Calcs": 0.306546,
        "Normalized EBITDA": 492412000.0,
        "Total Unusual Items": -128133000.0,
        "Total Unusual Items Excluding Goodwill": -128133000.0,
        "Net Income From Continuing Operation Net Minority Interest": -2150000.0,
        "Reconciled Depreciation": 282573000.0,
        "Reconciled Cost Of Revenue": 161595000.0,
        "EBITDA": 364279000.0,
        "EBIT": 81706000.0,
        "Net Interest Income": -73182000.0,
        "Interest Expense": 73182000.0,
        "Normalized Income": 86704312.881276,
        "Net Income From Continuing And Discontinued Operation": -2150000.0,
        "Total Expenses": 740840000.0,
        "Total Operating Income As Reported": 172227000.0,
        "Diluted Average Shares": 256553684.0,
        "Basic Average Shares": 256553684.0,
        "Diluted EPS": -0.01,
        "Basic EPS": -0.01,
        "Diluted NI Availto Com Stockholders": -2150000.0,
        "Average Dilution Earnings": 0.0,
        "Net Income Common Stockholders": -2150000.0,
        "Net Income": -2150000.0,
        "Minority Interests": -8061000.0,
        "Net Income Including Noncontrolling Interests": 5911000.0,
        "Net Income Continuous Operations": 5911000.0,
        "Tax Provision": 2613000.0,
        "Pretax Income": 8524000.0,
        "Other Income Expense": -127626000.0,
        "Other Non Operating Income Expenses": 115000.0,
        "Special Income Charges": -36616000.0,
        "Gain On Sale Of Ppe": 10862000.0,
        "Other Special Charges": NaN,
        "Impairment Of Capital Assets": 45647000.0,
        "Restructuring And Mergern Acquisition": 1831000.0,
        "Earnings From Equity Interest": 392000.0,
        "Gain On Sale Of Security": -91517000.0,
        "Net Non Operating Interest Income Expense": -73182000.0,
        "Interest Expense Non Operating": 73182000.0,
        "Operating Income": 209332000.0,
        "Operating Expense": 579245000.0,
        "Other Operating Expenses": 60532000.0,
        "Other Taxes": 60381000.0,
        "Depreciation Amortization Depletion Income Statement": 282573000.0,
        "Selling General And Administration": 175759000.0,
        "Selling And Marketing Expense": 105287000.0,
        "General And Administrative Expense": 70472000.0,
        "Other Gand A": 27812000.0,
        "Salaries And Wages": 42660000.0,
        "Gross Profit": 788577000.0,
        "Cost Of Revenue": 161595000.0,
        "Total Revenue": 950172000.0,
        "Operating Revenue": 950172000.0
    }
}