{
    "2023-06-30": {
        "Tax Effect Of Unusual Items": NaN,
        "Tax Rate For Calcs": NaN,
        "Normalized EBITDA": NaN,
        "Total Unusual Items": NaN,
        "Total Unusual Items Excluding Goodwill": NaN,
        "Net Income From Continuing Operation Net Minority Interest": NaN,
        "Reconciled Depreciation": NaN,
        "Reconciled Cost Of Revenue": NaN,
        "EBITDA": NaN,
        "EBIT": NaN,
        "Net Interest Income": NaN,
        "Interest Expense": NaN,
        "Normalized Income": NaN,
        "Net Income From Continuing And Discontinued Operation": NaN,
        "Total Expenses": NaN,
        "Total Operating Income As Reported": NaN,
        "Diluted Average Shares": NaN,
        "Basic Average Shares": NaN,
        "Diluted EPS": NaN,
        "Basic EPS": NaN,
        "Diluted NI Availto Com Stockholders": NaN,
        "Average Dilution Earnings": NaN,
        "Net Income Common Stockholders": NaN,
        "Otherunder Preferred Stock Dividend": NaN,
        "Net Income": NaN,
        "Minority Interests": 0.0,
        "Net Income Including Noncontrolling Interests": NaN,
        "Net Income Continuous Operations": NaN,
        "Tax Provision": NaN,
        "Pretax Income": NaN,
        "Other Income Expense": NaN,
        "Other Non Operating Income Expenses": NaN,
        "Special Income Charges": NaN,
        "Gain On Sale Of Ppe": NaN,
        "Gain On Sale Of Security": NaN,
        "Net Non Operating Interest Income Expense": NaN,
        "Interest Expense Non Operating": NaN,
        "Operating Income": NaN,
        "Operating Expense": NaN,
        "Other Operating Expenses": NaN,
        "Selling General And Administration": NaN,
        "General And Administrative Expense": NaN,
        "Other Gand A": NaN,
        "Gross Profit": NaN,
        "Cost Of Revenue": NaN,
        "Total Revenue": NaN,
        "Operating Revenue": NaN
    },
    "2023-03-31": {
        "Tax Effect Of Unusual Items": NaN,
        "Tax Rate For Calcs": NaN,
        "Normalized EBITDA": NaN,
        "Total Unusual Items": NaN,
        "Total Unusual Items Excluding Goodwill": NaN,
        "Net Income From Continuing Operation Net Minority Interest": NaN,
        "Reconciled Depreciation": NaN,
        "Reconciled Cost Of Revenue": NaN,
        "EBITDA": NaN,
        "EBIT": NaN,
        "Net Interest Income": NaN,
        "Interest Expense": NaN,
        "Normalized Income": NaN,
        "Net Income From Continuing And Discontinued Operation": NaN,
        "Total Expenses": NaN,
        "Total Operating Income As Reported": NaN,
        "Diluted Average Shares": NaN,
        "Basic Average Shares": NaN,
        "Diluted EPS": NaN,
        "Basic EPS": NaN,
        "Diluted NI Availto Com Stockholders": NaN,
        "Average Dilution Earnings": NaN,
        "Net Income Common Stockholders": NaN,
        "Otherunder Preferred Stock Dividend": NaN,
        "Net Income": NaN,
        "Minority Interests": NaN,
        "Net Income Including Noncontrolling Interests": NaN,
        "Net Income Continuous Operations": NaN,
        "Tax Provision": NaN,
        "Pretax Income": NaN,
        "Other Income Expense": NaN,
        "Other Non Operating Income Expenses": NaN,
        "Special Income Charges": NaN,
        "Gain On Sale Of Ppe": NaN,
        "Gain On Sale Of Security": NaN,
        "Net Non Operating Interest Income Expense": NaN,
        "Interest Expense Non Operating": NaN,
        "Operating Income": NaN,
        "Operating Expense": NaN,
        "Other Operating Expenses": 1775000.0,
        "Selling General And Administration": NaN,
        "General And Administrative Expense": NaN,
        "Other Gand A": NaN,
        "Gross Profit": NaN,
        "Cost Of Revenue": NaN,
        "Total Revenue": NaN,
        "Operating Revenue": NaN
    },
    "2022-12-31": {
        "Tax Effect Of Unusual Items": NaN,
        "Tax Rate For Calcs": NaN,
        "Normalized EBITDA": NaN,
        "Total Unusual Items": NaN,
        "Total Unusual Items Excluding Goodwill": NaN,
        "Net Income From Continuing Operation Net Minority Interest": NaN,
        "Reconciled Depreciation": NaN,
        "Reconciled Cost Of Revenue": NaN,
        "EBITDA": NaN,
        "EBIT": NaN,
        "Net Interest Income": NaN,
        "Interest Expense": NaN,
        "Normalized Income": NaN,
        "Net Income From Continuing And Discontinued Operation": NaN,
        "Total Expenses": NaN,
        "Total Operating Income As Reported": NaN,
        "Diluted Average Shares": NaN,
        "Basic Average Shares": NaN,
        "Diluted EPS": NaN,
        "Basic EPS": NaN,
        "Diluted NI Availto Com Stockholders": NaN,
        "Average Dilution Earnings": NaN,
        "Net Income Common Stockholders": NaN,
        "Otherunder Preferred Stock Dividend": 1894000.0,
        "Preferred Stock Dividends": 2925000.0,
        "Net Income": NaN,
        "Minority Interests": NaN,
        "Net Income Including Noncontrolling Interests": NaN,
        "Net Income Continuous Operations": NaN,
        "Tax Provision": NaN,
        "Pretax Income": NaN,
        "Other Income Expense": NaN,
        "Other Non Operating Income Expenses": NaN,
        "Special Income Charges": NaN,
        "Gain On Sale Of Ppe": NaN,
        "Other Special Charges": 0.0,
        "Gain On Sale Of Security": NaN,
        "Net Non Operating Interest Income Expense": NaN,
        "Interest Expense Non Operating": NaN,
        "Operating Income": NaN,
        "Operating Expense": NaN,
        "Other Operating Expenses": 4924000.0,
        "Selling General And Administration": NaN,
        "General And Administrative Expense": NaN,
        "Other Gand A": NaN,
        "Gross Profit": NaN,
        "Cost Of Revenue": NaN,
        "Total Revenue": NaN,
        "Operating Revenue": NaN
    },
    "2022-09-30": {
        "Tax Effect Of Unusual Items": NaN,
        "Tax Rate For Calcs": NaN,
        "Normalized EBITDA": NaN,
        "Total Unusual Items": NaN,
        "Total Unusual Items Excluding Goodwill": NaN,
        "Net Income From Continuing Operation Net Minority Interest": NaN,
        "Reconciled Depreciation": NaN,
        "Reconciled Cost Of Revenue": NaN,
        "EBITDA": NaN,
        "EBIT": NaN,
        "Net Interest Income": NaN,
        "Interest Expense": NaN,
        "Normalized Income": NaN,
        "Net Income From Continuing And Discontinued Operation": NaN,
        "Total Expenses": NaN,
        "Total Operating Income As Reported": NaN,
        "Diluted Average Shares": NaN,
        "Basic Average Shares": NaN,
        "Diluted EPS": NaN,
        "Basic EPS": NaN,
        "Diluted NI Availto Com Stockholders": NaN,
        "Average Dilution Earnings": 5750000.0,
        "Net Income Common Stockholders": NaN,
        "Otherunder Preferred Stock Dividend": 1339000.0,
        "Preferred Stock Dividends": 4411000.0,
        "Net Income": NaN,
        "Minority Interests": NaN,
        "Net Income Including Noncontrolling Interests": NaN,
        "Net Income Continuous Operations": NaN,
        "Tax Provision": NaN,
        "Pretax Income": NaN,
        "Other Income Expense": NaN,
        "Other Non Operating Income Expenses": NaN,
        "Special Income Charges": NaN,
        "Gain On Sale Of Ppe": NaN,
        "Other Special Charges": NaN,
        "Gain On Sale Of Security": NaN,
        "Net Non Operating Interest Income Expense": NaN,
        "Interest Expense Non Operating": NaN,
        "Operating Income": NaN,
        "Operating Expense": NaN,
        "Other Operating Expenses": NaN,
        "Selling General And Administration": NaN,
        "General And Administrative Expense": NaN,
        "Other Gand A": NaN,
        "Gross Profit": NaN,
        "Cost Of Revenue": NaN,
        "Total Revenue": NaN,
        "Operating Revenue": NaN
    },
    "2022-06-30": {
        "Tax Effect Of Unusual Items": -26729898.094632,
        "Tax Rate For Calcs": 0.223406,
        "Normalized EBITDA": 768481000.0,
        "Total Unusual Items": -119647000.0,
        "Total Unusual Items Excluding Goodwill": -119647000.0,
        "Net Income From Continuing Operation Net Minority Interest": 376891000.0,
        "Reconciled Depreciation": 119201000.0,
        "Reconciled Cost Of Revenue": 285751000.0,
        "EBITDA": 648834000.0,
        "EBIT": 529633000.0,
        "Net Interest Income": -44320000.0,
        "Interest Expense": 44320000.0,
        "Normalized Income": 469808101.905368,
        "Net Income From Continuing And Discontinued Operation": 376891000.0,
        "Total Expenses": 297156000.0,
        "Total Operating Income As Reported": 649117000.0,
        "Diluted Average Shares": 277614000.0,
        "Basic Average Shares": 232045000.0,
        "Diluted EPS": 1.36,
        "Basic EPS": 1.6,
        "Diluted NI Availto Com Stockholders": 372528000.0,
        "Average Dilution Earnings": NaN,
        "Net Income Common Stockholders": 372528000.0,
        "Otherunder Preferred Stock Dividend": NaN,
        "Preferred Stock Dividends": 4363000.0,
        "Net Income": 376891000.0,
        "Net Income Including Noncontrolling Interests": 376891000.0,
        "Net Income Continuous Operations": 376891000.0,
        "Tax Provision": 108422000.0,
        "Pretax Income": 485313000.0,
        "Other Income Expense": -119465000.0,
        "Other Non Operating Income Expenses": 182000.0,
        "Special Income Charges": -46821000.0,
        "Gain On Sale Of Ppe": 19000.0,
        "Other Special Charges": 46840000.0,
        "Gain On Sale Of Security": -72826000.0,
        "Net Non Operating Interest Income Expense": -44320000.0,
        "Interest Expense Non Operating": 44320000.0,
        "Operating Income": 649098000.0,
        "Operating Expense": 11405000.0,
        "Other Operating Expenses": 2342000.0,
        "Selling General And Administration": 9063000.0,
        "General And Administrative Expense": 9063000.0,
        "Other Gand A": 9063000.0,
        "Gross Profit": 660503000.0,
        "Cost Of Revenue": 285751000.0,
        "Total Revenue": 946254000.0,
        "Operating Revenue": 946254000.0
    },
    "2022-03-31": {
        "Diluted EPS": -0.5,
        "Total Revenue": 525,
        "Gross Profit": 524,
        "Operating Income": 337,
        "EBIT": 448,
        "Net Income": -116
    },
    "2021-12-31": {
        "Diluted EPS": 1.54,
        "Total Revenue": 655,
        "Gross Profit": 655,
        "Operating Income": 299,
        "EBIT": 413,
        "Net Income": 356
    },
    "2021-09-30": {
        "Diluted EPS": -1.26,
        "Total Revenue": 511,
        "Gross Profit": 511,
        "Operating Income": 296,
        "EBIT": 428,
        "Net Income": -293
    },
    "2021-06-30": {
        "Diluted EPS": -0.8,
        "Total Revenue": 344,
        "Gross Profit": 344,
        "Operating Income": 146,
        "EBIT": 273,
        "Net Income": -184
    },
    "2021-03-31": {
        "Diluted EPS": -0.6,
        "Total Revenue": 340,
        "Gross Profit": 340,
        "Operating Income": 160,
        "EBIT": 277,
        "Net Income": -138
    },
    "2020-12-31": {
        "Diluted EPS": 0.32,
        "Total Revenue": 275,
        "Gross Profit": 275,
        "Operating Income": 103,
        "EBIT": 217,
        "Net Income": 78
    },
    "2020-09-30": {
        "Diluted EPS": -0.57,
        "Total Revenue": 178,
        "Gross Profit": 178,
        "Operating Income": 12,
        "EBIT": 121,
        "Net Income": -131
    },
    "2020-06-30": {
        "Diluted EPS": -0.29,
        "Total Revenue": 180,
        "Gross Profit": 180,
        "Operating Income": 4,
        "EBIT": 115,
        "Net Income": -60
    },
    "2020-03-31": {
        "Diluted EPS": 0.15,
        "Total Revenue": 226,
        "Gross Profit": 226,
        "Operating Income": 44,
        "EBIT": 162,
        "Net Income": 30
    },
    "2019-12-31": {
        "Diluted EPS": 0.2,
        "Total Revenue": 289,
        "Gross Profit": 289,
        "Operating Income": 102,
        "EBIT": 221,
        "Net Income": 40
    },
    "2019-09-30": {
        "Diluted EPS": -0.01,
        "Total Revenue": 224,
        "Gross Profit": 224,
        "Operating Income": 76,
        "EBIT": 163,
        "Net Income": -1
    },
    "2019-06-30": {
        "Diluted EPS": 0.2,
        "Total Revenue": 128,
        "Gross Profit": 128,
        "Operating Income": 44,
        "EBIT": 92,
        "Net Income": 21
    },
    "2019-03-31": {
        "Diluted EPS": 0.13,
        "Total Revenue": 127,
        "Gross Profit": 127,
        "Operating Income": 53,
        "EBIT": 92,
        "Net Income": 14
    },
    "2018-12-31": {
        "Diluted EPS": 4.79,
        "Total Revenue": 153,
        "Gross Profit": 153,
        "Operating Income": 81,
        "EBIT": 119,
        "Net Income": 50
    },
    "2018-09-30": {
        "Diluted EPS": -0.03,
        "Total Revenue": 103,
        "Gross Profit": 103,
        "Operating Income": 43,
        "EBIT": 82,
        "Net Income": -3
    },
    "2018-06-30": {
        "Diluted EPS": -2.22,
        "Total Revenue": 61,
        "Gross Profit": 61,
        "Operating Income": 8,
        "EBIT": 47,
        "Net Income": -34
    },
    "2018-03-31": {
        "Diluted EPS": -2.78,
        "Total Revenue": 73,
        "Gross Profit": 73,
        "Operating Income": -5,
        "EBIT": 33,
        "Net Income": -42
    },
    "2017-12-31": {
        "Diluted EPS": -2.88,
        "Total Revenue": 73,
        "Gross Profit": 73,
        "Operating Income": -24,
        "EBIT": 17,
        "Net Income": -42
    },
    "2017-09-30": {
        "Diluted EPS": -1.67,
        "Total Revenue": 67,
        "Gross Profit": 67,
        "Operating Income": 11,
        "EBIT": 54,
        "Net Income": -25
    },
    "2017-06-30": {
        "Diluted EPS": -1.45,
        "Total Revenue": 61,
        "Gross Profit": 61,
        "Operating Income": 10,
        "EBIT": 50,
        "Net Income": -21
    },
    "2017-03-31": {
        "Diluted EPS": -1.61,
        "Total Revenue": 54,
        "Gross Profit": 54,
        "Operating Income": 2,
        "EBIT": 38,
        "Net Income": -23
    },
    "2016-12-31": {
        "Diluted EPS": -3.9,
        "Total Revenue": 48,
        "Gross Profit": 48,
        "Operating Income": -6,
        "EBIT": 35,
        "Net Income": -55
    },
    "2016-09-30": {
        "Diluted EPS": -2.32,
        "Total Revenue": 50,
        "Gross Profit": -26,
        "Operating Income": -99,
        "EBIT": -57,
        "Net Income": -28
    },
    "2016-06-30": {
        "Diluted EPS": 0.41,
        "Total Revenue": 41,
        "Gross Profit": 41,
        "Operating Income": -23,
        "EBIT": 15,
        "Net Income": 5
    },
    "2016-03-31": {
        "Diluted EPS": -5.71,
        "Total Revenue": 37,
        "Gross Profit": 29,
        "Operating Income": -56,
        "EBIT": -16,
        "Net Income": -57
    },
    "2015-12-31": {
        "Diluted EPS": 27.27,
        "Total Revenue": 47,
        "Gross Profit": 47,
        "Operating Income": -291,
        "EBIT": -230,
        "Net Income": -289
    },
    "2015-09-30": {
        "Diluted EPS": -59.05,
        "Total Revenue": 61,
        "Gross Profit": 56,
        "Operating Income": -596,
        "EBIT": -515,
        "Net Income": -545
    },
    "2015-06-30": {
        "Diluted EPS": -73.2,
        "Total Revenue": 77,
        "Gross Profit": 54,
        "Operating Income": -182,
        "EBIT": -90,
        "Net Income": -135
    },
    "2015-03-31": {
        "Diluted EPS": -8.55,
        "Total Revenue": 67,
        "Gross Profit": 24,
        "Operating Income": -97,
        "EBIT": -4,
        "Net Income": -79
    },
    "2014-12-31": {
        "Diluted EPS": -6.3,
        "Total Revenue": 113,
        "Gross Profit": 105,
        "Operating Income": -80,
        "EBIT": 16,
        "Net Income": -59
    },
    "2014-09-30": {
        "Diluted EPS": -0.2,
        "Total Revenue": 145,
        "Gross Profit": 134,
        "Operating Income": 0,
        "EBIT": 101,
        "Net Income": -2
    },
    "2014-06-30": {
        "Diluted EPS": 0.2,
        "Total Revenue": 156,
        "Gross Profit": 156,
        "Operating Income": 28,
        "EBIT": 123,
        "Net Income": 2
    },
    "2014-03-31": {
        "Diluted EPS": 0.1,
        "Total Revenue": 142,
        "Gross Profit": 142,
        "Operating Income": 20,
        "EBIT": 110,
        "Net Income": 1
    },
    "2013-12-31": {
        "Diluted EPS": -3.65,
        "Total Revenue": 106,
        "Gross Profit": 88,
        "Operating Income": -24,
        "EBIT": 58,
        "Net Income": -39
    },
    "2013-09-30": {
        "Diluted EPS": -2.6,
        "Total Revenue": 112,
        "Gross Profit": 109,
        "Operating Income": -9,
        "EBIT": 78,
        "Net Income": -24
    },
    "2013-06-30": {
        "Diluted EPS": 13.4,
        "Total Revenue": 108,
        "Gross Profit": 98,
        "Operating Income": -18,
        "EBIT": 69,
        "Net Income": 130
    },
    "2013-03-31": {
        "Diluted EPS": -2.9,
        "Total Revenue": 95,
        "Gross Profit": 92,
        "Operating Income": -21,
        "EBIT": 66,
        "Net Income": -27
    },
    "2012-12-31": {
        "Diluted EPS": -8.4,
        "Total Revenue": 91,
        "Gross Profit": 32,
        "Operating Income": -103,
        "EBIT": -12,
        "Net Income": -78
    },
    "2012-09-30": {
        "Diluted EPS": -3.3,
        "Total Revenue": 97,
        "Gross Profit": 96,
        "Operating Income": -29,
        "EBIT": 64,
        "Net Income": -30
    },
    "2012-06-30": {
        "Diluted EPS": 0.75,
        "Total Revenue": 111,
        "Gross Profit": 111,
        "Operating Income": -12,
        "EBIT": 75,
        "Net Income": 7
    },
    "2012-03-31": {
        "Diluted EPS": 0.15,
        "Total Revenue": 110,
        "Gross Profit": 109,
        "Operating Income": -1,
        "EBIT": 77,
        "Net Income": 1
    },
    "2011-12-31": {
        "Diluted EPS": -4.45,
        "Total Revenue": 114,
        "Gross Profit": 114,
        "Operating Income": -54,
        "EBIT": 25,
        "Net Income": -41
    },
    "2011-09-30": {
        "Diluted EPS": 0.15,
        "Total Revenue": 119,
        "Gross Profit": 119,
        "Operating Income": 12,
        "EBIT": 91,
        "Net Income": 1
    },
    "2011-06-30": {
        "Diluted EPS": 0.4,
        "Total Revenue": 112,
        "Gross Profit": 112,
        "Operating Income": 8,
        "EBIT": 84,
        "Net Income": 4
    },
    "2011-03-31": {
        "Diluted EPS": 0.25,
        "Total Revenue": 88,
        "Gross Profit": 79,
        "Operating Income": -8,
        "EBIT": 54,
        "Net Income": 2
    },
    "2010-12-31": {
        "Diluted EPS": -2.25,
        "Total Revenue": 73,
        "Gross Profit": 73,
        "Operating Income": -29,
        "EBIT": 21,
        "Net Income": -21
    },
    "2010-09-30": {
        "Diluted EPS": -0.5,
        "Total Revenue": 80,
        "Gross Profit": 78,
        "Operating Income": 2,
        "EBIT": 49,
        "Net Income": -5
    },
    "2010-06-30": {
        "Diluted EPS": -0.2,
        "Total Revenue": 91,
        "Gross Profit": 91,
        "Operating Income": 0,
        "EBIT": 58,
        "Net Income": -2
    },
    "2010-03-31": {
        "Diluted EPS": 0.8,
        "Total Revenue": 106,
        "Gross Profit": 105,
        "Operating Income": 15,
        "EBIT": 75,
        "Net Income": 7
    },
    "2009-12-31": {
        "Diluted EPS": -0.75,
        "Total Revenue": 92,
        "Gross Profit": 92,
        "Operating Income": -2,
        "EBIT": 60,
        "Net Income": -7
    },
    "2009-09-30": {
        "Diluted EPS": -1.4,
        "Total Revenue": 67,
        "Gross Profit": 67,
        "Operating Income": -12,
        "EBIT": 43,
        "Net Income": -13
    },
    "2009-06-30": {
        "Diluted EPS": -1.3,
        "Total Revenue": 65,
        "Gross Profit": 65,
        "Operating Income": -13,
        "EBIT": 38,
        "Net Income": -11
    },
    "2009-03-31": {
        "Diluted EPS": -0.6,
        "Total Revenue": 68,
        "Gross Profit": 68,
        "Operating Income": -6,
        "EBIT": 42,
        "Net Income": -6
    },
    "2023-09-30": {
        "Tax Effect Of Unusual Items": NaN,
        "Tax Rate For Calcs": NaN,
        "Normalized EBITDA": NaN,
        "Total Unusual Items": NaN,
        "Total Unusual Items Excluding Goodwill": NaN,
        "Net Income From Continuing Operation Net Minority Interest": NaN,
        "Reconciled Depreciation": NaN,
        "Reconciled Cost Of Revenue": NaN,
        "EBITDA": NaN,
        "EBIT": NaN,
        "Net Interest Income": NaN,
        "Interest Expense": NaN,
        "Normalized Income": NaN,
        "Net Income From Continuing And Discontinued Operation": NaN,
        "Total Expenses": NaN,
        "Total Operating Income As Reported": NaN,
        "Diluted Average Shares": NaN,
        "Basic Average Shares": NaN,
        "Diluted EPS": NaN,
        "Basic EPS": NaN,
        "Diluted NI Availto Com Stockholders": NaN,
        "Average Dilution Earnings": 0.0,
        "Net Income Common Stockholders": NaN,
        "Otherunder Preferred Stock Dividend": 0.0,
        "Net Income": NaN,
        "Minority Interests": 0.0,
        "Net Income Including Noncontrolling Interests": NaN,
        "Net Income Continuous Operations": NaN,
        "Tax Provision": NaN,
        "Pretax Income": NaN,
        "Other Income Expense": NaN,
        "Other Non Operating Income Expenses": NaN,
        "Special Income Charges": NaN,
        "Gain On Sale Of Ppe": NaN,
        "Gain On Sale Of Security": NaN,
        "Net Non Operating Interest Income Expense": NaN,
        "Interest Expense Non Operating": NaN,
        "Operating Income": NaN,
        "Operating Expense": NaN,
        "Other Operating Expenses": NaN,
        "Selling General And Administration": NaN,
        "General And Administrative Expense": NaN,
        "Other Gand A": NaN,
        "Gross Profit": NaN,
        "Cost Of Revenue": NaN,
        "Total Revenue": NaN,
        "Operating Revenue": NaN
    },
    "2023-12-31": {
        "Tax Effect Of Unusual Items": NaN,
        "Tax Rate For Calcs": NaN,
        "Normalized EBITDA": NaN,
        "Total Unusual Items": NaN,
        "Total Unusual Items Excluding Goodwill": NaN,
        "Net Income From Continuing Operation Net Minority Interest": NaN,
        "Reconciled Depreciation": NaN,
        "Reconciled Cost Of Revenue": NaN,
        "EBITDA": NaN,
        "EBIT": NaN,
        "Net Interest Income": NaN,
        "Interest Expense": NaN,
        "Normalized Income": NaN,
        "Net Income From Continuing And Discontinued Operation": NaN,
        "Total Expenses": NaN,
        "Total Operating Income As Reported": NaN,
        "Diluted Average Shares": NaN,
        "Basic Average Shares": NaN,
        "Diluted EPS": NaN,
        "Basic EPS": NaN,
        "Diluted NI Availto Com Stockholders": NaN,
        "Average Dilution Earnings": 0.0,
        "Net Income Common Stockholders": NaN,
        "Otherunder Preferred Stock Dividend": 327000.0,
        "Net Income": NaN,
        "Minority Interests": NaN,
        "Net Income Including Noncontrolling Interests": NaN,
        "Net Income Continuous Operations": NaN,
        "Tax Provision": NaN,
        "Pretax Income": NaN,
        "Other Income Expense": NaN,
        "Other Non Operating Income Expenses": NaN,
        "Special Income Charges": 0.0,
        "Gain On Sale Of Ppe": 0.0,
        "Gain On Sale Of Security": NaN,
        "Net Non Operating Interest Income Expense": NaN,
        "Interest Expense Non Operating": NaN,
        "Operating Income": NaN,
        "Operating Expense": NaN,
        "Other Operating Expenses": 0.0,
        "Selling General And Administration": NaN,
        "General And Administrative Expense": NaN,
        "Other Gand A": NaN,
        "Gross Profit": NaN,
        "Cost Of Revenue": NaN,
        "Total Revenue": NaN,
        "Operating Revenue": NaN
    },
    "2024-03-31": {
        "Tax Effect Of Unusual Items": NaN,
        "Tax Rate For Calcs": NaN,
        "Normalized EBITDA": NaN,
        "Total Unusual Items": NaN,
        "Total Unusual Items Excluding Goodwill": NaN,
        "Net Income From Continuing Operation Net Minority Interest": NaN,
        "Reconciled Depreciation": NaN,
        "Reconciled Cost Of Revenue": NaN,
        "EBITDA": NaN,
        "EBIT": NaN,
        "Net Interest Income": NaN,
        "Interest Expense": NaN,
        "Normalized Income": NaN,
        "Net Income From Continuing And Discontinued Operation": NaN,
        "Total Expenses": NaN,
        "Total Operating Income As Reported": NaN,
        "Diluted Average Shares": NaN,
        "Basic Average Shares": NaN,
        "Diluted EPS": NaN,
        "Basic EPS": NaN,
        "Diluted NI Availto Com Stockholders": NaN,
        "Net Income Common Stockholders": NaN,
        "Otherunder Preferred Stock Dividend": NaN,
        "Net Income": NaN,
        "Minority Interests": NaN,
        "Net Income Including Noncontrolling Interests": NaN,
        "Net Income Continuous Operations": NaN,
        "Tax Provision": NaN,
        "Pretax Income": NaN,
        "Other Income Expense": NaN,
        "Other Non Operating Income Expenses": NaN,
        "Special Income Charges": 0.0,
        "Gain On Sale Of Ppe": 0.0,
        "Gain On Sale Of Security": NaN,
        "Net Non Operating Interest Income Expense": NaN,
        "Interest Expense Non Operating": NaN,
        "Operating Income": NaN,
        "Operating Expense": NaN,
        "Other Operating Expenses": NaN,
        "Selling General And Administration": NaN,
        "General And Administrative Expense": NaN,
        "Other Gand A": NaN,
        "Gross Profit": NaN,
        "Cost Of Revenue": NaN,
        "Total Revenue": NaN,
        "Operating Revenue": NaN
    },
    "2024-06-30": {
        "Tax Effect Of Unusual Items": NaN,
        "Tax Rate For Calcs": NaN,
        "Normalized EBITDA": NaN,
        "Total Unusual Items": NaN,
        "Total Unusual Items Excluding Goodwill": NaN,
        "Net Income From Continuing Operation Net Minority Interest": NaN,
        "Reconciled Depreciation": NaN,
        "Reconciled Cost Of Revenue": NaN,
        "EBITDA": NaN,
        "EBIT": NaN,
        "Net Interest Income": NaN,
        "Interest Expense": NaN,
        "Normalized Income": NaN,
        "Net Income From Continuing And Discontinued Operation": NaN,
        "Total Expenses": NaN,
        "Total Operating Income As Reported": NaN,
        "Diluted Average Shares": NaN,
        "Basic Average Shares": NaN,
        "Diluted EPS": NaN,
        "Basic EPS": NaN,
        "Diluted NI Availto Com Stockholders": NaN,
        "Net Income Common Stockholders": NaN,
        "Otherunder Preferred Stock Dividend": 0.0,
        "Net Income": NaN,
        "Minority Interests": -3061000.0,
        "Net Income Including Noncontrolling Interests": NaN,
        "Net Income Continuous Operations": NaN,
        "Tax Provision": NaN,
        "Pretax Income": NaN,
        "Other Income Expense": NaN,
        "Other Non Operating Income Expenses": NaN,
        "Special Income Charges": 0.0,
        "Gain On Sale Of Ppe": 0.0,
        "Gain On Sale Of Security": NaN,
        "Net Non Operating Interest Income Expense": NaN,
        "Interest Expense Non Operating": NaN,
        "Operating Income": NaN,
        "Operating Expense": NaN,
        "Other Operating Expenses": NaN,
        "Selling General And Administration": NaN,
        "General And Administrative Expense": NaN,
        "Other Gand A": NaN,
        "Gross Profit": NaN,
        "Cost Of Revenue": NaN,
        "Total Revenue": NaN,
        "Operating Revenue": NaN
    },
    "2024-09-30": {
        "Tax Effect Of Unusual Items": 27690572.0,
        "Tax Rate For Calcs": 0.364,
        "Normalized EBITDA": 146379000.0,
        "Total Unusual Items": 76073000.0,
        "Total Unusual Items Excluding Goodwill": 76073000.0,
        "Net Income From Continuing Operation Net Minority Interest": -28891000.0,
        "Reconciled Depreciation": 208350000.0,
        "Reconciled Cost Of Revenue": 356794000.0,
        "EBITDA": 222452000.0,
        "EBIT": 14102000.0,
        "Net Interest Income": -54516000.0,
        "Interest Expense": 54516000.0,
        "Normalized Income": -77273428.0,
        "Net Income From Continuing And Discontinued Operation": -28891000.0,
        "Total Expenses": 366717000.0,
        "Total Operating Income As Reported": -61335000.0,
        "Diluted Average Shares": 290170000.0,
        "Basic Average Shares": 290170000.0,
        "Diluted EPS": -0.09,
        "Basic EPS": -0.09,
        "Diluted NI Availto Com Stockholders": -28891000.0,
        "Net Income Common Stockholders": -28891000.0,
        "Otherunder Preferred Stock Dividend": 0.0,
        "Net Income": -28891000.0,
        "Minority Interests": -3173000.0,
        "Net Income Including Noncontrolling Interests": -25718000.0,
        "Net Income Continuous Operations": -25718000.0,
        "Tax Provision": -14696000.0,
        "Pretax Income": -40414000.0,
        "Other Income Expense": 76347000.0,
        "Other Non Operating Income Expenses": 274000.0,
        "Special Income Charges": 910000.0,
        "Gain On Sale Of Ppe": 910000.0,
        "Gain On Sale Of Security": 75163000.0,
        "Net Non Operating Interest Income Expense": -54516000.0,
        "Interest Expense Non Operating": 54516000.0,
        "Operating Income": -62245000.0,
        "Operating Expense": 9923000.0,
        "Other Operating Expenses": NaN,
        "Selling General And Administration": 9923000.0,
        "General And Administrative Expense": 9923000.0,
        "Other Gand A": 9923000.0,
        "Gross Profit": -52322000.0,
        "Cost Of Revenue": 356794000.0,
        "Total Revenue": 304472000.0,
        "Operating Revenue": 304472000.0
    },
    "2024-12-31": {
        "Tax Effect Of Unusual Items": -16601970.0,
        "Tax Rate For Calcs": 0.21,
        "Normalized EBITDA": 200495000.0,
        "Total Unusual Items": -79057000.0,
        "Total Unusual Items Excluding Goodwill": -79057000.0,
        "Net Income From Continuing Operation Net Minority Interest": -47232000.0,
        "Reconciled Depreciation": 202116000.0,
        "Reconciled Cost Of Revenue": 358247000.0,
        "EBITDA": 121438000.0,
        "EBIT": -80678000.0,
        "Net Interest Income": -54616000.0,
        "Interest Expense": 54616000.0,
        "Normalized Income": 15223030.0,
        "Net Income From Continuing And Discontinued Operation": -47232000.0,
        "Total Expenses": 368411000.0,
        "Total Operating Income As Reported": -1940000.0,
        "Diluted Average Shares": 290170000.0,
        "Basic Average Shares": 290170000.0,
        "Diluted EPS": -0.19,
        "Basic EPS": -0.19,
        "Diluted NI Availto Com Stockholders": -47232000.0,
        "Net Income Common Stockholders": -47232000.0,
        "Otherunder Preferred Stock Dividend": 0.0,
        "Net Income": -47232000.0,
        "Minority Interests": NaN,
        "Net Income Including Noncontrolling Interests": -55313000.0,
        "Net Income Continuous Operations": -55313000.0,
        "Tax Provision": -79981000.0,
        "Pretax Income": -135294000.0,
        "Other Income Expense": -78773000.0,
        "Other Non Operating Income Expenses": 284000.0,
        "Special Income Charges": -35000.0,
        "Gain On Sale Of Ppe": -35000.0,
        "Gain On Sale Of Security": -79022000.0,
        "Net Non Operating Interest Income Expense": -54616000.0,
        "Interest Expense Non Operating": 54616000.0,
        "Operating Income": -1905000.0,
        "Operating Expense": 10164000.0,
        "Other Operating Expenses": NaN,
        "Selling General And Administration": 10164000.0,
        "General And Administrative Expense": 10164000.0,
        "Other Gand A": 10164000.0,
        "Gross Profit": 8259000.0,
        "Cost Of Revenue": 358247000.0,
        "Total Revenue": 366506000.0,
        "Operating Revenue": 366506000.0
    },
    "2025-03-31": {
        "Tax Effect Of Unusual Items": -69371190.0,
        "Tax Rate For Calcs": 0.21,
        "Normalized EBITDA": 294398000.0,
        "Total Unusual Items": -330339000.0,
        "Total Unusual Items Excluding Goodwill": -330339000.0,
        "Net Income From Continuing Operation Net Minority Interest": -121278000.0,
        "Reconciled Depreciation": 167891000.0,
        "Reconciled Cost Of Revenue": 373456000.0,
        "EBITDA": -35941000.0,
        "EBIT": -203832000.0,
        "Net Interest Income": -54837000.0,
        "Interest Expense": 54837000.0,
        "Normalized Income": 139689810.0,
        "Net Income From Continuing And Discontinued Operation": -121278000.0,
        "Total Expenses": 386686000.0,
        "Total Operating Income As Reported": 126168000.0,
        "Diluted Average Shares": 290303000.0,
        "Basic Average Shares": 290303000.0,
        "Diluted EPS": -0.4,
        "Basic EPS": -0.4,
        "Diluted NI Availto Com Stockholders": -121278000.0,
        "Net Income Common Stockholders": -121278000.0,
        "Otherunder Preferred Stock Dividend": NaN,
        "Net Income": -121278000.0,
        "Minority Interests": -5885000.0,
        "Net Income Including Noncontrolling Interests": -115393000.0,
        "Net Income Continuous Operations": -115393000.0,
        "Tax Provision": -143276000.0,
        "Pretax Income": -258669000.0,
        "Other Income Expense": -330000000.0,
        "Other Non Operating Income Expenses": 339000.0,
        "Special Income Charges": NaN,
        "Gain On Sale Of Ppe": NaN,
        "Gain On Sale Of Security": -330339000.0,
        "Net Non Operating Interest Income Expense": -54837000.0,
        "Interest Expense Non Operating": 54837000.0,
        "Operating Income": 126168000.0,
        "Operating Expense": 13230000.0,
        "Other Operating Expenses": 2150000.0,
        "Selling General And Administration": 11080000.0,
        "General And Administrative Expense": 11080000.0,
        "Other Gand A": 11080000.0,
        "Gross Profit": 139398000.0,
        "Cost Of Revenue": 373456000.0,
        "Total Revenue": 512854000.0,
        "Operating Revenue": 512854000.0
    },
    "2025-06-30": {
        "Tax Effect Of Unusual Items": 49527870.0,
        "Tax Rate For Calcs": 0.21,
        "Normalized EBITDA": 249925000.0,
        "Total Unusual Items": 235847000.0,
        "Total Unusual Items Excluding Goodwill": 235847000.0,
        "Net Income From Continuing Operation Net Minority Interest": 124842000.0,
        "Reconciled Depreciation": 158379000.0,
        "Reconciled Cost Of Revenue": 368516000.0,
        "EBITDA": 485772000.0,
        "EBIT": 327393000.0,
        "Net Interest Income": -55178000.0,
        "Interest Expense": 55178000.0,
        "Normalized Income": -61477130.0,
        "Net Income From Continuing And Discontinued Operation": 124842000.0,
        "Total Expenses": 380816000.0,
        "Total Operating Income As Reported": 89446000.0,
        "Diluted Average Shares": 294247000.0,
        "Basic Average Shares": 290604000.0,
        "Diluted EPS": 0.44,
        "Basic EPS": 0.45,
        "Diluted NI Availto Com Stockholders": 124842000.0,
        "Net Income Common Stockholders": 124842000.0,
        "Otherunder Preferred Stock Dividend": NaN,
        "Net Income": 124842000.0,
        "Minority Interests": -5886000.0,
        "Net Income Including Noncontrolling Interests": 130728000.0,
        "Net Income Continuous Operations": 130728000.0,
        "Tax Provision": 141487000.0,
        "Pretax Income": 272215000.0,
        "Other Income Expense": 237947000.0,
        "Other Non Operating Income Expenses": 2100000.0,
        "Special Income Charges": NaN,
        "Gain On Sale Of Ppe": NaN,
        "Gain On Sale Of Security": 235847000.0,
        "Net Non Operating Interest Income Expense": -55178000.0,
        "Interest Expense Non Operating": 55178000.0,
        "Operating Income": 89446000.0,
        "Operating Expense": 12300000.0,
        "Other Operating Expenses": NaN,
        "Selling General And Administration": 12300000.0,
        "General And Administrative Expense": 12300000.0,
        "Other Gand A": 12300000.0,
        "Gross Profit": 101746000.0,
        "Cost Of Revenue": 368516000.0,
        "Total Revenue": 470262000.0,
        "Operating Revenue": 470262000.0
    },
    "2025-09-30": {
        "Tax Effect Of Unusual Items": 19084744.0,
        "Tax Rate For Calcs": 0.136,
        "Normalized EBITDA": 210510000.0,
        "Total Unusual Items": 140329000.0,
        "Total Unusual Items Excluding Goodwill": 140329000.0,
        "Net Income From Continuing Operation Net Minority Interest": 111128000.0,
        "Reconciled Depreciation": 157395000.0,
        "Reconciled Cost Of Revenue": 379042000.0,
        "EBITDA": 350839000.0,
        "EBIT": 193444000.0,
        "Net Interest Income": -56722000.0,
        "Interest Expense": 56722000.0,
        "Normalized Income": -10116256.0,
        "Net Income From Continuing And Discontinued Operation": 111128000.0,
        "Total Expenses": 397146000.0,
        "Total Operating Income As Reported": 50213000.0,
        "Diluted Average Shares": 293952000.0,
        "Basic Average Shares": 291097000.0,
        "Diluted EPS": 0.4,
        "Basic EPS": 0.4,
        "Diluted NI Availto Com Stockholders": 111128000.0,
        "Net Income Common Stockholders": 111128000.0,
        "Otherunder Preferred Stock Dividend": NaN,
        "Net Income": 111128000.0,
        "Minority Interests": -6971000.0,
        "Net Income Including Noncontrolling Interests": 118099000.0,
        "Net Income Continuous Operations": 118099000.0,
        "Tax Provision": 18623000.0,
        "Pretax Income": 136722000.0,
        "Other Income Expense": 140738000.0,
        "Other Non Operating Income Expenses": 409000.0,
        "Special Income Charges": -2493000.0,
        "Gain On Sale Of Ppe": -2493000.0,
        "Gain On Sale Of Security": 142822000.0,
        "Net Non Operating Interest Income Expense": -56722000.0,
        "Interest Expense Non Operating": 56722000.0,
        "Operating Income": 52706000.0,
        "Operating Expense": 18104000.0,
        "Other Operating Expenses": 6600000.0,
        "Selling General And Administration": 11504000.0,
        "General And Administrative Expense": 11504000.0,
        "Other Gand A": 11504000.0,
        "Gross Profit": 70810000.0,
        "Cost Of Revenue": 379042000.0,
        "Total Revenue": 449852000.0,
        "Operating Revenue": 449852000.0
    }
}