{
    "2023-04-30": {
        "Tax Effect Of Unusual Items": NaN,
        "Tax Rate For Calcs": NaN,
        "Normalized EBITDA": NaN,
        "Total Unusual Items": NaN,
        "Total Unusual Items Excluding Goodwill": NaN,
        "Net Income From Continuing Operation Net Minority Interest": NaN,
        "Reconciled Depreciation": NaN,
        "Reconciled Cost Of Revenue": NaN,
        "EBITDA": NaN,
        "EBIT": NaN,
        "Net Interest Income": NaN,
        "Interest Expense": NaN,
        "Normalized Income": NaN,
        "Net Income From Continuing And Discontinued Operation": NaN,
        "Total Expenses": NaN,
        "Diluted Average Shares": 6580995.0,
        "Basic Average Shares": 6372770.0,
        "Diluted EPS": 0.32,
        "Basic EPS": 0.33,
        "Diluted NI Availto Com Stockholders": NaN,
        "Net Income Common Stockholders": NaN,
        "Preferred Stock Dividends": NaN,
        "Net Income": NaN,
        "Net Income Including Noncontrolling Interests": NaN,
        "Net Income Continuous Operations": NaN,
        "Tax Provision": NaN,
        "Pretax Income": NaN,
        "Other Income Expense": NaN,
        "Special Income Charges": NaN,
        "Gain On Sale Of Ppe": NaN,
        "Net Non Operating Interest Income Expense": NaN,
        "Interest Expense Non Operating": NaN,
        "Operating Income": NaN,
        "Operating Expense": NaN,
        "Provision For Doubtful Accounts": NaN,
        "Depreciation Amortization Depletion Income Statement": NaN,
        "Depreciation And Amortization In Income Statement": NaN,
        "Selling General And Administration": NaN,
        "Gross Profit": NaN,
        "Cost Of Revenue": NaN,
        "Total Revenue": NaN,
        "Operating Revenue": NaN
    },
    "2023-01-31": {
        "Tax Effect Of Unusual Items": NaN,
        "Tax Rate For Calcs": NaN,
        "Normalized EBITDA": NaN,
        "Total Unusual Items": NaN,
        "Total Unusual Items Excluding Goodwill": NaN,
        "Net Income From Continuing Operation Net Minority Interest": NaN,
        "Reconciled Depreciation": NaN,
        "Reconciled Cost Of Revenue": NaN,
        "EBITDA": NaN,
        "EBIT": NaN,
        "Net Interest Income": NaN,
        "Interest Expense": NaN,
        "Normalized Income": NaN,
        "Net Income From Continuing And Discontinued Operation": NaN,
        "Total Expenses": NaN,
        "Diluted Average Shares": 6536785.0,
        "Basic Average Shares": 6370031.0,
        "Diluted EPS": 0.23,
        "Basic EPS": 0.24,
        "Diluted NI Availto Com Stockholders": NaN,
        "Net Income Common Stockholders": NaN,
        "Preferred Stock Dividends": NaN,
        "Net Income": NaN,
        "Net Income Including Noncontrolling Interests": NaN,
        "Net Income Continuous Operations": NaN,
        "Tax Provision": NaN,
        "Pretax Income": NaN,
        "Other Income Expense": NaN,
        "Special Income Charges": NaN,
        "Gain On Sale Of Ppe": NaN,
        "Net Non Operating Interest Income Expense": NaN,
        "Interest Expense Non Operating": NaN,
        "Operating Income": NaN,
        "Operating Expense": NaN,
        "Provision For Doubtful Accounts": NaN,
        "Depreciation Amortization Depletion Income Statement": NaN,
        "Depreciation And Amortization In Income Statement": NaN,
        "Selling General And Administration": NaN,
        "Gross Profit": NaN,
        "Cost Of Revenue": NaN,
        "Total Revenue": NaN,
        "Operating Revenue": NaN
    },
    "2022-10-31": {
        "Tax Effect Of Unusual Items": NaN,
        "Tax Rate For Calcs": NaN,
        "Normalized EBITDA": NaN,
        "Total Unusual Items": NaN,
        "Total Unusual Items Excluding Goodwill": NaN,
        "Net Income From Continuing Operation Net Minority Interest": NaN,
        "Reconciled Depreciation": NaN,
        "Reconciled Cost Of Revenue": NaN,
        "EBITDA": NaN,
        "EBIT": NaN,
        "Net Interest Income": NaN,
        "Interest Expense": NaN,
        "Normalized Income": NaN,
        "Net Income From Continuing And Discontinued Operation": NaN,
        "Total Expenses": NaN,
        "Diluted Average Shares": 6548271.0,
        "Basic Average Shares": 6368840.0,
        "Diluted EPS": 0.48,
        "Basic EPS": 0.49,
        "Diluted NI Availto Com Stockholders": NaN,
        "Net Income Common Stockholders": NaN,
        "Preferred Stock Dividends": NaN,
        "Net Income": NaN,
        "Net Income Including Noncontrolling Interests": NaN,
        "Net Income Continuous Operations": NaN,
        "Tax Provision": NaN,
        "Pretax Income": NaN,
        "Other Income Expense": NaN,
        "Special Income Charges": NaN,
        "Gain On Sale Of Ppe": NaN,
        "Net Non Operating Interest Income Expense": NaN,
        "Interest Expense Non Operating": NaN,
        "Operating Income": NaN,
        "Operating Expense": NaN,
        "Provision For Doubtful Accounts": NaN,
        "Depreciation Amortization Depletion Income Statement": NaN,
        "Depreciation And Amortization In Income Statement": NaN,
        "Selling General And Administration": NaN,
        "Gross Profit": NaN,
        "Cost Of Revenue": NaN,
        "Total Revenue": NaN,
        "Operating Revenue": NaN
    },
    "2022-07-31": {
        "Tax Effect Of Unusual Items": -1814.317412,
        "Tax Rate For Calcs": 0.22679,
        "Normalized EBITDA": 25630000.0,
        "Total Unusual Items": -8000.0,
        "Total Unusual Items Excluding Goodwill": -8000.0,
        "Net Income From Continuing Operation Net Minority Interest": 13242000.0,
        "Reconciled Depreciation": 1151000.0,
        "Reconciled Cost Of Revenue": 193115000.0,
        "EBITDA": 25622000.0,
        "EBIT": 24471000.0,
        "Net Interest Income": -7345000.0,
        "Interest Expense": 7345000.0,
        "Normalized Income": 13248185.682588,
        "Net Income From Continuing And Discontinued Operation": 13242000.0,
        "Total Expenses": 320403000.0,
        "Diluted Average Shares": 6601586.0,
        "Basic Average Shares": 6373326.0,
        "Diluted EPS": 2.0,
        "Basic EPS": 2.08,
        "Diluted NI Availto Com Stockholders": 13232000.0,
        "Net Income Common Stockholders": 13232000.0,
        "Preferred Stock Dividends": 10000.0,
        "Net Income": 13242000.0,
        "Net Income Including Noncontrolling Interests": 13242000.0,
        "Net Income Continuous Operations": 13242000.0,
        "Tax Provision": 3884000.0,
        "Pretax Income": 17126000.0,
        "Other Income Expense": -8000.0,
        "Special Income Charges": -8000.0,
        "Gain On Sale Of Ppe": -8000.0,
        "Net Non Operating Interest Income Expense": -7345000.0,
        "Interest Expense Non Operating": 7345000.0,
        "Operating Income": 24479000.0,
        "Operating Expense": 127288000.0,
        "Provision For Doubtful Accounts": 82903000.0,
        "Depreciation Amortization Depletion Income Statement": 1151000.0,
        "Depreciation And Amortization In Income Statement": 1151000.0,
        "Selling General And Administration": 43234000.0,
        "Gross Profit": 151767000.0,
        "Cost Of Revenue": 193115000.0,
        "Total Revenue": 344882000.0,
        "Operating Revenue": 344882000.0
    },
    "2022-04-30": {
        "Diluted EPS": 4.12,
        "Total Revenue": 343,
        "Gross Profit": 147,
        "Operating Income": 105,
        "EBIT": 106,
        "Net Income": 27
    },
    "2022-01-31": {
        "Diluted EPS": 2.82,
        "Total Revenue": 287,
        "Gross Profit": 130,
        "Operating Income": 90,
        "EBIT": 91,
        "Net Income": 19
    },
    "2021-10-31": {
        "Diluted EPS": 3.41,
        "Total Revenue": 285,
        "Gross Profit": 127,
        "Operating Income": 89,
        "EBIT": 90,
        "Net Income": 23
    },
    "2021-07-31": {
        "Diluted EPS": 3.57,
        "Total Revenue": 280,
        "Gross Profit": 128,
        "Operating Income": 88,
        "EBIT": 89,
        "Net Income": 25
    },
    "2021-04-30": {
        "Diluted EPS": 6.32,
        "Total Revenue": 270,
        "Gross Profit": 121,
        "Operating Income": 84,
        "EBIT": 85,
        "Net Income": 44
    },
    "2021-01-31": {
        "Diluted EPS": 2.85,
        "Total Revenue": 228,
        "Gross Profit": 109,
        "Operating Income": 75,
        "EBIT": 76,
        "Net Income": 20
    },
    "2020-10-31": {
        "Diluted EPS": 3.05,
        "Total Revenue": 223,
        "Gross Profit": 107,
        "Operating Income": 73,
        "EBIT": 74,
        "Net Income": 21
    },
    "2020-07-31": {
        "Diluted EPS": 2.83,
        "Total Revenue": 188,
        "Gross Profit": 93,
        "Operating Income": 63,
        "EBIT": 64,
        "Net Income": 20
    },
    "2020-04-30": {
        "Diluted EPS": 1.35,
        "Total Revenue": 196,
        "Gross Profit": 93,
        "Operating Income": 62,
        "EBIT": 63,
        "Net Income": 9
    },
    "2020-01-31": {
        "Diluted EPS": 1.83,
        "Total Revenue": 187,
        "Gross Profit": 89,
        "Operating Income": 58,
        "EBIT": 59,
        "Net Income": 13
    },
    "2019-10-31": {
        "Diluted EPS": 2.0,
        "Total Revenue": 190,
        "Gross Profit": 90,
        "Operating Income": 61,
        "EBIT": 62,
        "Net Income": 14
    },
    "2019-07-31": {
        "Diluted EPS": 2.21,
        "Total Revenue": 172,
        "Gross Profit": 83,
        "Operating Income": 53,
        "EBIT": 54,
        "Net Income": 16
    },
    "2019-04-30": {
        "Diluted EPS": 2.07,
        "Total Revenue": 177,
        "Gross Profit": 84,
        "Operating Income": 55,
        "EBIT": 56,
        "Net Income": 15
    },
    "2019-01-31": {
        "Diluted EPS": 1.55,
        "Total Revenue": 161,
        "Gross Profit": 79,
        "Operating Income": 52,
        "EBIT": 53,
        "Net Income": 11
    },
    "2018-10-31": {
        "Diluted EPS": 1.58,
        "Total Revenue": 167,
        "Gross Profit": 82,
        "Operating Income": 55,
        "EBIT": 56,
        "Net Income": 11
    },
    "2018-07-31": {
        "Diluted EPS": 1.53,
        "Total Revenue": 164,
        "Gross Profit": 80,
        "Operating Income": 52,
        "EBIT": 54,
        "Net Income": 11
    },
    "2018-04-30": {
        "Diluted EPS": 1.39,
        "Total Revenue": 169,
        "Gross Profit": 80,
        "Operating Income": 53,
        "EBIT": 55,
        "Net Income": 10
    },
    "2018-01-31": {
        "Diluted EPS": 1.82,
        "Total Revenue": 147,
        "Gross Profit": 72,
        "Operating Income": 45,
        "EBIT": 46,
        "Net Income": 13
    },
    "2017-10-31": {
        "Diluted EPS": 0.79,
        "Total Revenue": 149,
        "Gross Profit": 73,
        "Operating Income": 49,
        "EBIT": 50,
        "Net Income": 6
    },
    "2017-07-31": {
        "Diluted EPS": 0.9,
        "Total Revenue": 146,
        "Gross Profit": 71,
        "Operating Income": 46,
        "EBIT": 47,
        "Net Income": 7
    },
    "2017-04-30": {
        "Diluted EPS": 0.65,
        "Total Revenue": 153,
        "Gross Profit": 73,
        "Operating Income": 49,
        "EBIT": 50,
        "Net Income": 5
    },
    "2017-01-31": {
        "Diluted EPS": 0.35,
        "Total Revenue": 139,
        "Gross Profit": 67,
        "Operating Income": 43,
        "EBIT": 44,
        "Net Income": 3
    },
    "2016-10-31": {
        "Diluted EPS": 0.62,
        "Total Revenue": 150,
        "Gross Profit": 72,
        "Operating Income": 48,
        "EBIT": 50,
        "Net Income": 5
    },
    "2016-07-31": {
        "Diluted EPS": 0.87,
        "Total Revenue": 146,
        "Gross Profit": 70,
        "Operating Income": 46,
        "EBIT": 47,
        "Net Income": 7
    },
    "2016-04-30": {
        "Diluted EPS": 0.4,
        "Total Revenue": 155,
        "Gross Profit": 69,
        "Operating Income": 45,
        "EBIT": 46,
        "Net Income": 3
    },
    "2016-01-31": {
        "Diluted EPS": 0.47,
        "Total Revenue": 137,
        "Gross Profit": 65,
        "Operating Income": 40,
        "EBIT": 41,
        "Net Income": 4
    },
    "2015-10-31": {
        "Diluted EPS": -0.06,
        "Total Revenue": 133,
        "Gross Profit": 61,
        "Operating Income": 38,
        "EBIT": 39,
        "Net Income": 0
    },
    "2015-07-31": {
        "Diluted EPS": 0.52,
        "Total Revenue": 143,
        "Gross Profit": 68,
        "Operating Income": 43,
        "EBIT": 45,
        "Net Income": 5
    },
    "2015-04-30": {
        "Diluted EPS": 0.81,
        "Total Revenue": 138,
        "Gross Profit": 65,
        "Operating Income": 43,
        "EBIT": 44,
        "Net Income": 7
    },
    "2015-01-31": {
        "Diluted EPS": 0.82,
        "Total Revenue": 132,
        "Gross Profit": 65,
        "Operating Income": 43,
        "EBIT": 44,
        "Net Income": 7
    },
    "2014-10-31": {
        "Diluted EPS": 0.83,
        "Total Revenue": 134,
        "Gross Profit": 66,
        "Operating Income": 44,
        "EBIT": 45,
        "Net Income": 8
    },
    "2014-07-31": {
        "Diluted EPS": 0.79,
        "Total Revenue": 127,
        "Gross Profit": 62,
        "Operating Income": 40,
        "EBIT": 41,
        "Net Income": 7
    },
    "2014-04-30": {
        "Diluted EPS": 0.69,
        "Total Revenue": 123,
        "Gross Profit": 59,
        "Operating Income": 38,
        "EBIT": 39,
        "Net Income": 6
    },
    "2014-01-31": {
        "Diluted EPS": 0.16,
        "Total Revenue": 123,
        "Gross Profit": 60,
        "Operating Income": 40,
        "EBIT": 41,
        "Net Income": 1
    },
    "2013-10-31": {
        "Diluted EPS": 0.61,
        "Total Revenue": 121,
        "Gross Profit": 59,
        "Operating Income": 38,
        "EBIT": 39,
        "Net Income": 6
    },
    "2013-07-31": {
        "Diluted EPS": 0.79,
        "Total Revenue": 123,
        "Gross Profit": 60,
        "Operating Income": 39,
        "EBIT": 40,
        "Net Income": 8
    },
    "2013-04-30": {
        "Diluted EPS": 0.93,
        "Total Revenue": 126,
        "Gross Profit": 60,
        "Operating Income": 40,
        "EBIT": 41,
        "Net Income": 9
    },
    "2013-01-31": {
        "Diluted EPS": 0.84,
        "Total Revenue": 119,
        "Gross Profit": 58,
        "Operating Income": 39,
        "EBIT": 39,
        "Net Income": 8
    },
    "2012-10-31": {
        "Diluted EPS": 0.76,
        "Total Revenue": 110,
        "Gross Profit": 54,
        "Operating Income": 36,
        "EBIT": 37,
        "Net Income": 7
    },
    "2012-07-31": {
        "Diluted EPS": 0.83,
        "Total Revenue": 110,
        "Gross Profit": 54,
        "Operating Income": 35,
        "EBIT": 36,
        "Net Income": 8
    },
    "2012-04-30": {
        "Diluted EPS": 0.96,
        "Total Revenue": 113,
        "Gross Profit": 54,
        "Operating Income": 36,
        "EBIT": 36,
        "Net Income": 10
    },
    "2012-01-31": {
        "Diluted EPS": 0.73,
        "Total Revenue": 105,
        "Gross Profit": 51,
        "Operating Income": 33,
        "EBIT": 34,
        "Net Income": 7
    },
    "2011-10-31": {
        "Diluted EPS": 0.77,
        "Total Revenue": 111,
        "Gross Profit": 53,
        "Operating Income": 36,
        "EBIT": 36,
        "Net Income": 8
    },
    "2011-07-31": {
        "Diluted EPS": 0.78,
        "Total Revenue": 101,
        "Gross Profit": 49,
        "Operating Income": 32,
        "EBIT": 33,
        "Net Income": 8
    },
    "2011-04-30": {
        "Diluted EPS": 0.76,
        "Total Revenue": 103,
        "Gross Profit": 49,
        "Operating Income": 32,
        "EBIT": 33,
        "Net Income": 8
    },
    "2011-01-31": {
        "Diluted EPS": 0.52,
        "Total Revenue": 93,
        "Gross Profit": 44,
        "Operating Income": 28,
        "EBIT": 29,
        "Net Income": 6
    },
    "2010-10-31": {
        "Diluted EPS": 0.56,
        "Total Revenue": 92,
        "Gross Profit": 45,
        "Operating Income": 29,
        "EBIT": 30,
        "Net Income": 6
    },
    "2010-07-31": {
        "Diluted EPS": 0.7,
        "Total Revenue": 91,
        "Gross Profit": 45,
        "Operating Income": 30,
        "EBIT": 30,
        "Net Income": 8
    },
    "2010-04-30": {
        "Diluted EPS": 0.61,
        "Total Revenue": 89,
        "Gross Profit": 44,
        "Operating Income": 28,
        "EBIT": 28,
        "Net Income": 7
    },
    "2010-01-31": {
        "Diluted EPS": 0.53,
        "Total Revenue": 84,
        "Gross Profit": 41,
        "Operating Income": 27,
        "EBIT": 27,
        "Net Income": 6
    },
    "2009-10-31": {
        "Diluted EPS": 0.53,
        "Total Revenue": 83,
        "Gross Profit": 40,
        "Operating Income": 26,
        "EBIT": 26,
        "Net Income": 6
    },
    "2009-07-31": {
        "Diluted EPS": 0.6,
        "Total Revenue": 84,
        "Gross Profit": 41,
        "Operating Income": 26,
        "EBIT": 27,
        "Net Income": 7
    },
    "2009-04-30": {
        "Diluted EPS": 0.43,
        "Total Revenue": 78,
        "Gross Profit": 37,
        "Operating Income": 23,
        "EBIT": 24,
        "Net Income": 5
    },
    "2009-01-31": {
        "Diluted EPS": 0.31,
        "Total Revenue": 73,
        "Gross Profit": 35,
        "Operating Income": 22,
        "EBIT": 23,
        "Net Income": 4
    },
    "2023-07-31": {
        "Tax Effect Of Unusual Items": NaN,
        "Tax Rate For Calcs": NaN,
        "Normalized EBITDA": NaN,
        "Total Unusual Items": NaN,
        "Total Unusual Items Excluding Goodwill": NaN,
        "Net Income From Continuing Operation Net Minority Interest": NaN,
        "Reconciled Depreciation": NaN,
        "Reconciled Cost Of Revenue": NaN,
        "EBITDA": NaN,
        "EBIT": NaN,
        "Net Interest Income": NaN,
        "Interest Expense": NaN,
        "Normalized Income": NaN,
        "Net Income From Continuing And Discontinued Operation": NaN,
        "Total Expenses": NaN,
        "Diluted Average Shares": 6635002.0,
        "Basic Average Shares": 6381704.0,
        "Diluted EPS": 0.63,
        "Basic EPS": 0.65,
        "Diluted NI Availto Com Stockholders": NaN,
        "Net Income Common Stockholders": NaN,
        "Preferred Stock Dividends": NaN,
        "Net Income": NaN,
        "Net Income Including Noncontrolling Interests": NaN,
        "Net Income Continuous Operations": NaN,
        "Tax Provision": NaN,
        "Pretax Income": NaN,
        "Other Income Expense": NaN,
        "Special Income Charges": NaN,
        "Gain On Sale Of Ppe": NaN,
        "Net Non Operating Interest Income Expense": NaN,
        "Interest Expense Non Operating": NaN,
        "Operating Income": NaN,
        "Operating Expense": NaN,
        "Provision For Doubtful Accounts": NaN,
        "Depreciation Amortization Depletion Income Statement": NaN,
        "Depreciation And Amortization In Income Statement": NaN,
        "Selling General And Administration": NaN,
        "Gross Profit": NaN,
        "Cost Of Revenue": NaN,
        "Total Revenue": NaN,
        "Operating Revenue": NaN
    },
    "2023-10-31": {
        "Tax Effect Of Unusual Items": -16899.553258,
        "Tax Rate For Calcs": 0.228372,
        "Normalized EBITDA": -17239000.0,
        "Total Unusual Items": -74000.0,
        "Total Unusual Items Excluding Goodwill": -74000.0,
        "Net Income From Continuing Operation Net Minority Interest": -27463000.0,
        "Reconciled Depreciation": 1696000.0,
        "Reconciled Cost Of Revenue": 196763000.0,
        "EBITDA": -17313000.0,
        "EBIT": -19009000.0,
        "Net Interest Income": -16582000.0,
        "Interest Expense": 16582000.0,
        "Normalized Income": -27405899.553258,
        "Net Income From Continuing And Discontinued Operation": -27463000.0,
        "Total Expenses": 378717000.0,
        "Diluted Average Shares": 6386208.0,
        "Basic Average Shares": 6386208.0,
        "Diluted EPS": -4.3,
        "Basic EPS": -4.3,
        "Diluted NI Availto Com Stockholders": -27473000.0,
        "Net Income Common Stockholders": -27473000.0,
        "Preferred Stock Dividends": 10000.0,
        "Net Income": -27463000.0,
        "Net Income Including Noncontrolling Interests": -27463000.0,
        "Net Income Continuous Operations": -27463000.0,
        "Tax Provision": -8128000.0,
        "Pretax Income": -35591000.0,
        "Other Income Expense": -74000.0,
        "Special Income Charges": -74000.0,
        "Gain On Sale Of Ppe": -74000.0,
        "Net Non Operating Interest Income Expense": -16582000.0,
        "Interest Expense Non Operating": 16582000.0,
        "Operating Income": -18935000.0,
        "Operating Expense": 181954000.0,
        "Provision For Doubtful Accounts": 135395000.0,
        "Depreciation Amortization Depletion Income Statement": 1696000.0,
        "Depreciation And Amortization In Income Statement": 1696000.0,
        "Selling General And Administration": 44863000.0,
        "Gross Profit": 163019000.0,
        "Cost Of Revenue": 196763000.0,
        "Total Revenue": 359782000.0,
        "Operating Revenue": 359782000.0
    },
    "2024-01-31": {
        "Tax Effect Of Unusual Items": NaN,
        "Tax Rate For Calcs": NaN,
        "Normalized EBITDA": NaN,
        "Total Unusual Items": NaN,
        "Total Unusual Items Excluding Goodwill": NaN,
        "Net Income From Continuing Operation Net Minority Interest": NaN,
        "Reconciled Depreciation": NaN,
        "Reconciled Cost Of Revenue": NaN,
        "EBITDA": NaN,
        "EBIT": NaN,
        "Net Interest Income": NaN,
        "Interest Expense": NaN,
        "Normalized Income": NaN,
        "Net Income From Continuing And Discontinued Operation": NaN,
        "Total Expenses": NaN,
        "Diluted Average Shares": 6393080.0,
        "Basic Average Shares": 6393080.0,
        "Diluted EPS": -1.34,
        "Basic EPS": -1.34,
        "Diluted NI Availto Com Stockholders": NaN,
        "Net Income Common Stockholders": NaN,
        "Preferred Stock Dividends": NaN,
        "Net Income": NaN,
        "Net Income Including Noncontrolling Interests": NaN,
        "Net Income Continuous Operations": NaN,
        "Tax Provision": NaN,
        "Pretax Income": NaN,
        "Other Income Expense": NaN,
        "Special Income Charges": NaN,
        "Gain On Sale Of Ppe": NaN,
        "Net Non Operating Interest Income Expense": NaN,
        "Interest Expense Non Operating": NaN,
        "Operating Income": NaN,
        "Operating Expense": NaN,
        "Provision For Doubtful Accounts": NaN,
        "Depreciation Amortization Depletion Income Statement": NaN,
        "Depreciation And Amortization In Income Statement": NaN,
        "Selling General And Administration": NaN,
        "Gross Profit": NaN,
        "Cost Of Revenue": NaN,
        "Total Revenue": NaN,
        "Operating Revenue": NaN
    },
    "2024-04-30": {
        "Tax Effect Of Unusual Items": -20512.110727,
        "Tax Rate For Calcs": 0.262976,
        "Normalized EBITDA": 20187000.0,
        "Total Unusual Items": -78000.0,
        "Total Unusual Items Excluding Goodwill": -78000.0,
        "Net Income From Continuing Operation Net Minority Interest": 426000.0,
        "Reconciled Depreciation": 1770000.0,
        "Reconciled Cost Of Revenue": 197854000.0,
        "EBITDA": 20109000.0,
        "EBIT": 18339000.0,
        "Net Interest Income": -17761000.0,
        "Interest Expense": 17761000.0,
        "Normalized Income": 483487.889273,
        "Net Income From Continuing And Discontinued Operation": 426000.0,
        "Total Expenses": 346256000.0,
        "Diluted Average Shares": NaN,
        "Basic Average Shares": NaN,
        "Diluted EPS": NaN,
        "Basic EPS": NaN,
        "Diluted NI Availto Com Stockholders": 416000.0,
        "Net Income Common Stockholders": 416000.0,
        "Preferred Stock Dividends": 10000.0,
        "Net Income": 426000.0,
        "Net Income Including Noncontrolling Interests": 426000.0,
        "Net Income Continuous Operations": 426000.0,
        "Tax Provision": 152000.0,
        "Pretax Income": 578000.0,
        "Other Income Expense": -78000.0,
        "Special Income Charges": -78000.0,
        "Gain On Sale Of Ppe": -78000.0,
        "Net Non Operating Interest Income Expense": -17761000.0,
        "Interest Expense Non Operating": 17761000.0,
        "Operating Income": 18417000.0,
        "Operating Expense": 148402000.0,
        "Provision For Doubtful Accounts": 102106000.0,
        "Depreciation Amortization Depletion Income Statement": 1770000.0,
        "Depreciation And Amortization In Income Statement": 1770000.0,
        "Selling General And Administration": 44526000.0,
        "Gross Profit": 166819000.0,
        "Cost Of Revenue": 197854000.0,
        "Total Revenue": 364673000.0,
        "Operating Revenue": 364673000.0
    },
    "2024-07-31": {
        "Tax Effect Of Unusual Items": -8515.638208,
        "Tax Rate For Calcs": 0.185123,
        "Normalized EBITDA": 19059000.0,
        "Total Unusual Items": -46000.0,
        "Total Unusual Items Excluding Goodwill": -46000.0,
        "Net Income From Continuing Operation Net Minority Interest": -964000.0,
        "Reconciled Depreciation": 1884000.0,
        "Reconciled Cost Of Revenue": 186570000.0,
        "EBITDA": 19013000.0,
        "EBIT": 17129000.0,
        "Net Interest Income": -18312000.0,
        "Interest Expense": 18312000.0,
        "Normalized Income": -926515.638208,
        "Net Income From Continuing And Discontinued Operation": -964000.0,
        "Total Expenses": 330588000.0,
        "Diluted Average Shares": NaN,
        "Basic Average Shares": NaN,
        "Diluted EPS": NaN,
        "Basic EPS": NaN,
        "Diluted NI Availto Com Stockholders": -974000.0,
        "Net Income Common Stockholders": -974000.0,
        "Preferred Stock Dividends": 10000.0,
        "Net Income": -964000.0,
        "Net Income Including Noncontrolling Interests": -964000.0,
        "Net Income Continuous Operations": -964000.0,
        "Tax Provision": -219000.0,
        "Pretax Income": -1183000.0,
        "Other Income Expense": -46000.0,
        "Special Income Charges": -46000.0,
        "Gain On Sale Of Ppe": -46000.0,
        "Net Non Operating Interest Income Expense": -18312000.0,
        "Interest Expense Non Operating": 18312000.0,
        "Operating Income": 17175000.0,
        "Operating Expense": 144018000.0,
        "Provision For Doubtful Accounts": 95423000.0,
        "Depreciation Amortization Depletion Income Statement": 1884000.0,
        "Depreciation And Amortization In Income Statement": 1884000.0,
        "Selling General And Administration": 46711000.0,
        "Gross Profit": 161193000.0,
        "Cost Of Revenue": 186570000.0,
        "Total Revenue": 347763000.0,
        "Operating Revenue": 347763000.0
    },
    "2024-10-31": {
        "Tax Effect Of Unusual Items": -11621.275998,
        "Tax Rate For Calcs": 0.283446,
        "Normalized EBITDA": 27125000.0,
        "Total Unusual Items": -41000.0,
        "Total Unusual Items Excluding Goodwill": -41000.0,
        "Net Income From Continuing Operation Net Minority Interest": 5099000.0,
        "Reconciled Depreciation": 1926000.0,
        "Reconciled Cost Of Revenue": 173215000.0,
        "EBITDA": 27084000.0,
        "EBIT": 25158000.0,
        "Net Interest Income": -18042000.0,
        "Interest Expense": 18042000.0,
        "Normalized Income": 5128378.724002,
        "Net Income From Continuing And Discontinued Operation": 5099000.0,
        "Total Expenses": 322070000.0,
        "Diluted Average Shares": 8292459.0,
        "Basic Average Shares": 8147971.0,
        "Diluted EPS": 0.61,
        "Basic EPS": 0.62,
        "Diluted NI Availto Com Stockholders": 5089000.0,
        "Net Income Common Stockholders": 5089000.0,
        "Preferred Stock Dividends": 10000.0,
        "Net Income": 5099000.0,
        "Net Income Including Noncontrolling Interests": 5099000.0,
        "Net Income Continuous Operations": 5099000.0,
        "Tax Provision": 2017000.0,
        "Pretax Income": 7116000.0,
        "Other Income Expense": -41000.0,
        "Special Income Charges": -41000.0,
        "Gain On Sale Of Ppe": -41000.0,
        "Net Non Operating Interest Income Expense": -18042000.0,
        "Interest Expense Non Operating": 18042000.0,
        "Operating Income": 25199000.0,
        "Operating Expense": 148855000.0,
        "Provision For Doubtful Accounts": 99522000.0,
        "Depreciation Amortization Depletion Income Statement": 1926000.0,
        "Depreciation And Amortization In Income Statement": 1926000.0,
        "Selling General And Administration": 47407000.0,
        "Gross Profit": 174054000.0,
        "Cost Of Revenue": 173215000.0,
        "Total Revenue": 347269000.0,
        "Operating Revenue": 347269000.0
    },
    "2025-01-31": {
        "Tax Effect Of Unusual Items": -10349.886105,
        "Tax Rate For Calcs": 0.279727,
        "Normalized EBITDA": 23240000.0,
        "Total Unusual Items": -37000.0,
        "Total Unusual Items Excluding Goodwill": -37000.0,
        "Net Income From Continuing Operation Net Minority Interest": 3162000.0,
        "Reconciled Depreciation": 1890000.0,
        "Reconciled Cost Of Revenue": 169374000.0,
        "EBITDA": 23203000.0,
        "EBIT": 21313000.0,
        "Net Interest Income": -16923000.0,
        "Interest Expense": 16923000.0,
        "Normalized Income": 3188650.113895,
        "Net Income From Continuing And Discontinued Operation": 3162000.0,
        "Total Expenses": 304376000.0,
        "Diluted Average Shares": 8413088.0,
        "Basic Average Shares": 8256681.0,
        "Diluted EPS": 0.37,
        "Basic EPS": 0.38,
        "Diluted NI Availto Com Stockholders": 3152000.0,
        "Net Income Common Stockholders": 3152000.0,
        "Preferred Stock Dividends": 10000.0,
        "Net Income": 3162000.0,
        "Net Income Including Noncontrolling Interests": 3162000.0,
        "Net Income Continuous Operations": 3162000.0,
        "Tax Provision": 1228000.0,
        "Pretax Income": 4390000.0,
        "Other Income Expense": -37000.0,
        "Special Income Charges": -37000.0,
        "Gain On Sale Of Ppe": -37000.0,
        "Net Non Operating Interest Income Expense": -16923000.0,
        "Interest Expense Non Operating": 16923000.0,
        "Operating Income": 21350000.0,
        "Operating Expense": 135002000.0,
        "Provision For Doubtful Accounts": 86652000.0,
        "Depreciation Amortization Depletion Income Statement": 1890000.0,
        "Depreciation And Amortization In Income Statement": 1890000.0,
        "Selling General And Administration": 46460000.0,
        "Gross Profit": 156352000.0,
        "Cost Of Revenue": 169374000.0,
        "Total Revenue": 325726000.0,
        "Operating Revenue": 325726000.0
    },
    "2025-04-30": {
        "Tax Effect Of Unusual Items": -25847.491585,
        "Tax Rate For Calcs": 0.1477,
        "Normalized EBITDA": 31973000.0,
        "Total Unusual Items": -175000.0,
        "Total Unusual Items Excluding Goodwill": -175000.0,
        "Net Income From Continuing Operation Net Minority Interest": 10635000.0,
        "Reconciled Depreciation": 1947000.0,
        "Reconciled Cost Of Revenue": 196896000.0,
        "EBITDA": 31798000.0,
        "EBIT": 29851000.0,
        "Net Interest Income": -17373000.0,
        "Interest Expense": 17373000.0,
        "Normalized Income": 10784152.508415,
        "Net Income From Continuing And Discontinued Operation": 10635000.0,
        "Total Expenses": 340148000.0,
        "Diluted Average Shares": 8428197.0,
        "Basic Average Shares": 8260468.0,
        "Diluted EPS": 1.26,
        "Basic EPS": 1.29,
        "Diluted NI Availto Com Stockholders": 10625000.0,
        "Net Income Common Stockholders": 10625000.0,
        "Preferred Stock Dividends": 10000.0,
        "Net Income": 10635000.0,
        "Net Income Including Noncontrolling Interests": 10635000.0,
        "Net Income Continuous Operations": 10635000.0,
        "Tax Provision": 1843000.0,
        "Pretax Income": 12478000.0,
        "Other Income Expense": -175000.0,
        "Special Income Charges": -175000.0,
        "Gain On Sale Of Ppe": -175000.0,
        "Net Non Operating Interest Income Expense": -17373000.0,
        "Interest Expense Non Operating": 17373000.0,
        "Operating Income": 30026000.0,
        "Operating Expense": 143252000.0,
        "Provision For Doubtful Accounts": 92962000.0,
        "Depreciation Amortization Depletion Income Statement": 1947000.0,
        "Depreciation And Amortization In Income Statement": 1947000.0,
        "Selling General And Administration": 48343000.0,
        "Gross Profit": 173278000.0,
        "Cost Of Revenue": 196896000.0,
        "Total Revenue": 370174000.0,
        "Operating Revenue": 370174000.0
    },
    "2025-07-31": {
        "Tax Effect Of Unusual Items": -2025.668738,
        "Tax Rate For Calcs": 0.225074,
        "Normalized EBITDA": 11788000.0,
        "Total Unusual Items": -9000.0,
        "Total Unusual Items Excluding Goodwill": -9000.0,
        "Net Income From Continuing Operation Net Minority Interest": -5736000.0,
        "Reconciled Depreciation": 2139000.0,
        "Reconciled Cost Of Revenue": 175080000.0,
        "EBITDA": 11779000.0,
        "EBIT": 9640000.0,
        "Net Interest Income": -17042000.0,
        "Interest Expense": 17042000.0,
        "Normalized Income": -5729025.668738,
        "Net Income From Continuing And Discontinued Operation": -5736000.0,
        "Total Expenses": 331663000.0,
        "Diluted Average Shares": 8274054.0,
        "Basic Average Shares": 8274054.0,
        "Diluted EPS": -0.69,
        "Basic EPS": -0.69,
        "Diluted NI Availto Com Stockholders": -5746000.0,
        "Net Income Common Stockholders": -5746000.0,
        "Preferred Stock Dividends": 10000.0,
        "Net Income": -5736000.0,
        "Net Income Including Noncontrolling Interests": -5736000.0,
        "Net Income Continuous Operations": -5736000.0,
        "Tax Provision": -1666000.0,
        "Pretax Income": -7402000.0,
        "Other Income Expense": -9000.0,
        "Special Income Charges": -9000.0,
        "Gain On Sale Of Ppe": -9000.0,
        "Net Non Operating Interest Income Expense": -17042000.0,
        "Interest Expense Non Operating": 17042000.0,
        "Operating Income": 9649000.0,
        "Operating Expense": 156583000.0,
        "Provision For Doubtful Accounts": 103036000.0,
        "Depreciation Amortization Depletion Income Statement": 2139000.0,
        "Depreciation And Amortization In Income Statement": 2139000.0,
        "Selling General And Administration": 51408000.0,
        "Gross Profit": 166232000.0,
        "Cost Of Revenue": 175080000.0,
        "Total Revenue": 341312000.0,
        "Operating Revenue": 341312000.0
    },
    "2025-10-31": {
        "Tax Effect Of Unusual Items": NaN,
        "Tax Rate For Calcs": NaN,
        "Normalized EBITDA": NaN,
        "Total Unusual Items": NaN,
        "Total Unusual Items Excluding Goodwill": NaN,
        "Net Income From Continuing Operation Net Minority Interest": NaN,
        "Reconciled Depreciation": NaN,
        "Reconciled Cost Of Revenue": NaN,
        "EBITDA": NaN,
        "EBIT": NaN,
        "Net Interest Income": NaN,
        "Interest Expense": NaN,
        "Normalized Income": NaN,
        "Net Income From Continuing And Discontinued Operation": NaN,
        "Total Expenses": NaN,
        "Diluted Average Shares": 8283116.0,
        "Basic Average Shares": 8283116.0,
        "Diluted EPS": -2.71,
        "Basic EPS": -2.71,
        "Diluted NI Availto Com Stockholders": NaN,
        "Net Income Common Stockholders": NaN,
        "Preferred Stock Dividends": NaN,
        "Net Income": NaN,
        "Net Income Including Noncontrolling Interests": NaN,
        "Net Income Continuous Operations": NaN,
        "Tax Provision": NaN,
        "Pretax Income": NaN,
        "Other Income Expense": NaN,
        "Special Income Charges": NaN,
        "Gain On Sale Of Ppe": NaN,
        "Net Non Operating Interest Income Expense": NaN,
        "Interest Expense Non Operating": NaN,
        "Operating Income": NaN,
        "Operating Expense": NaN,
        "Provision For Doubtful Accounts": NaN,
        "Depreciation Amortization Depletion Income Statement": NaN,
        "Depreciation And Amortization In Income Statement": NaN,
        "Selling General And Administration": NaN,
        "Gross Profit": NaN,
        "Cost Of Revenue": NaN,
        "Total Revenue": NaN,
        "Operating Revenue": NaN
    }
}