{
    "2023-03-31": {
        "Tax Effect Of Unusual Items": NaN,
        "Tax Rate For Calcs": NaN,
        "Normalized EBITDA": NaN,
        "Total Unusual Items": NaN,
        "Total Unusual Items Excluding Goodwill": NaN,
        "Net Income From Continuing Operation Net Minority Interest": NaN,
        "Reconciled Depreciation": NaN,
        "Reconciled Cost Of Revenue": NaN,
        "EBITDA": NaN,
        "EBIT": NaN,
        "Net Interest Income": NaN,
        "Interest Expense": NaN,
        "Interest Income": NaN,
        "Normalized Income": NaN,
        "Net Income From Continuing And Discontinued Operation": NaN,
        "Total Expenses": NaN,
        "Total Operating Income As Reported": NaN,
        "Diluted Average Shares": NaN,
        "Basic Average Shares": NaN,
        "Diluted EPS": NaN,
        "Basic EPS": NaN,
        "Diluted NI Availto Com Stockholders": NaN,
        "Net Income Common Stockholders": NaN,
        "Net Income": NaN,
        "Net Income Including Noncontrolling Interests": NaN,
        "Net Income Continuous Operations": NaN,
        "Tax Provision": NaN,
        "Pretax Income": NaN,
        "Other Income Expense": NaN,
        "Other Non Operating Income Expenses": NaN,
        "Special Income Charges": NaN,
        "Other Special Charges": 2193000.0,
        "Impairment Of Capital Assets": 0.0,
        "Restructuring And Mergern Acquisition": NaN,
        "Net Non Operating Interest Income Expense": NaN,
        "Interest Expense Non Operating": NaN,
        "Interest Income Non Operating": NaN,
        "Operating Income": NaN,
        "Operating Expense": NaN,
        "Depreciation Amortization Depletion Income Statement": NaN,
        "Depreciation And Amortization In Income Statement": NaN,
        "Amortization": NaN,
        "Amortization Of Intangibles Income Statement": NaN,
        "Research And Development": NaN,
        "Selling General And Administration": NaN,
        "Selling And Marketing Expense": NaN,
        "General And Administrative Expense": NaN,
        "Other Gand A": NaN,
        "Salaries And Wages": NaN,
        "Gross Profit": NaN,
        "Cost Of Revenue": NaN,
        "Total Revenue": NaN,
        "Operating Revenue": NaN
    },
    "2022-12-31": {
        "Tax Effect Of Unusual Items": NaN,
        "Tax Rate For Calcs": NaN,
        "Normalized EBITDA": NaN,
        "Total Unusual Items": NaN,
        "Total Unusual Items Excluding Goodwill": NaN,
        "Net Income From Continuing Operation Net Minority Interest": NaN,
        "Reconciled Depreciation": NaN,
        "Reconciled Cost Of Revenue": NaN,
        "EBITDA": NaN,
        "EBIT": NaN,
        "Net Interest Income": NaN,
        "Interest Expense": NaN,
        "Interest Income": NaN,
        "Normalized Income": NaN,
        "Net Income From Continuing And Discontinued Operation": NaN,
        "Total Expenses": NaN,
        "Total Operating Income As Reported": NaN,
        "Diluted Average Shares": NaN,
        "Basic Average Shares": NaN,
        "Diluted EPS": NaN,
        "Basic EPS": NaN,
        "Diluted NI Availto Com Stockholders": NaN,
        "Net Income Common Stockholders": NaN,
        "Net Income": NaN,
        "Net Income Including Noncontrolling Interests": NaN,
        "Net Income Continuous Operations": NaN,
        "Tax Provision": NaN,
        "Pretax Income": NaN,
        "Other Income Expense": NaN,
        "Other Non Operating Income Expenses": NaN,
        "Special Income Charges": NaN,
        "Other Special Charges": 947000.0,
        "Impairment Of Capital Assets": NaN,
        "Restructuring And Mergern Acquisition": NaN,
        "Net Non Operating Interest Income Expense": NaN,
        "Interest Expense Non Operating": NaN,
        "Interest Income Non Operating": NaN,
        "Operating Income": NaN,
        "Operating Expense": NaN,
        "Depreciation Amortization Depletion Income Statement": NaN,
        "Depreciation And Amortization In Income Statement": NaN,
        "Amortization": NaN,
        "Amortization Of Intangibles Income Statement": NaN,
        "Research And Development": NaN,
        "Selling General And Administration": NaN,
        "Selling And Marketing Expense": NaN,
        "General And Administrative Expense": NaN,
        "Other Gand A": NaN,
        "Salaries And Wages": NaN,
        "Gross Profit": NaN,
        "Cost Of Revenue": NaN,
        "Total Revenue": NaN,
        "Operating Revenue": NaN
    },
    "2022-09-30": {
        "Tax Effect Of Unusual Items": -2472063.391898,
        "Tax Rate For Calcs": 0.011439,
        "Normalized EBITDA": -10534000.0,
        "Total Unusual Items": -216099000.0,
        "Total Unusual Items Excluding Goodwill": -216099000.0,
        "Net Income From Continuing Operation Net Minority Interest": -230127000.0,
        "Reconciled Depreciation": 2365000.0,
        "Reconciled Cost Of Revenue": 24383000.0,
        "EBITDA": -226633000.0,
        "EBIT": -228998000.0,
        "Net Interest Income": -3201000.0,
        "Interest Expense": 3792000.0,
        "Interest Income": 591000.0,
        "Normalized Income": -16500063.391898,
        "Net Income From Continuing And Discontinued Operation": -230127000.0,
        "Total Expenses": 71379000.0,
        "Total Operating Income As Reported": -229334000.0,
        "Diluted Average Shares": 39407000.0,
        "Basic Average Shares": 39407000.0,
        "Diluted EPS": -5.84,
        "Basic EPS": -5.84,
        "Diluted NI Availto Com Stockholders": -230127000.0,
        "Net Income Common Stockholders": -230127000.0,
        "Net Income": -230127000.0,
        "Net Income Including Noncontrolling Interests": -230127000.0,
        "Net Income Continuous Operations": -230127000.0,
        "Tax Provision": -2663000.0,
        "Pretax Income": -232790000.0,
        "Other Income Expense": -216354000.0,
        "Other Non Operating Income Expenses": -255000.0,
        "Special Income Charges": -216099000.0,
        "Other Special Charges": NaN,
        "Impairment Of Capital Assets": 213720000.0,
        "Restructuring And Mergern Acquisition": 2379000.0,
        "Net Non Operating Interest Income Expense": -3201000.0,
        "Interest Expense Non Operating": 3792000.0,
        "Interest Income Non Operating": 591000.0,
        "Operating Income": -13235000.0,
        "Operating Expense": 46996000.0,
        "Depreciation Amortization Depletion Income Statement": 2365000.0,
        "Depreciation And Amortization In Income Statement": 2365000.0,
        "Amortization": 2365000.0,
        "Amortization Of Intangibles Income Statement": 2365000.0,
        "Research And Development": 25308000.0,
        "Selling General And Administration": 19323000.0,
        "Selling And Marketing Expense": 8611000.0,
        "General And Administrative Expense": 10712000.0,
        "Other Gand A": 10712000.0,
        "Salaries And Wages": NaN,
        "Gross Profit": 33761000.0,
        "Cost Of Revenue": 24383000.0,
        "Total Revenue": 58144000.0,
        "Operating Revenue": 58144000.0
    },
    "2022-06-30": {
        "Tax Effect Of Unusual Items": -478800.0,
        "Tax Rate For Calcs": 0.4,
        "Normalized EBITDA": 22018000.0,
        "Total Unusual Items": -1197000.0,
        "Total Unusual Items Excluding Goodwill": -1197000.0,
        "Net Income From Continuing Operation Net Minority Interest": -99267000.0,
        "Reconciled Depreciation": 5279000.0,
        "Reconciled Cost Of Revenue": 21835000.0,
        "EBITDA": 20821000.0,
        "EBIT": 15542000.0,
        "Net Interest Income": -3572000.0,
        "Interest Expense": 3815000.0,
        "Interest Income": 243000.0,
        "Normalized Income": -98548800.0,
        "Net Income From Continuing And Discontinued Operation": -99267000.0,
        "Total Expenses": 72067000.0,
        "Total Operating Income As Reported": 15777000.0,
        "Diluted Average Shares": 39313000.0,
        "Basic Average Shares": 39313000.0,
        "Diluted EPS": -2.53,
        "Basic EPS": -2.53,
        "Diluted NI Availto Com Stockholders": -99267000.0,
        "Net Income Common Stockholders": -99267000.0,
        "Net Income": -99267000.0,
        "Net Income Including Noncontrolling Interests": -99267000.0,
        "Net Income Continuous Operations": -99267000.0,
        "Tax Provision": 110994000.0,
        "Pretax Income": 11727000.0,
        "Other Income Expense": -1675000.0,
        "Other Non Operating Income Expenses": -478000.0,
        "Special Income Charges": -1197000.0,
        "Other Special Charges": -235000.0,
        "Impairment Of Capital Assets": NaN,
        "Restructuring And Mergern Acquisition": 1432000.0,
        "Net Non Operating Interest Income Expense": -3572000.0,
        "Interest Expense Non Operating": 3815000.0,
        "Interest Income Non Operating": 243000.0,
        "Operating Income": 16974000.0,
        "Operating Expense": 47815000.0,
        "Depreciation Amortization Depletion Income Statement": 2862000.0,
        "Depreciation And Amortization In Income Statement": 2862000.0,
        "Amortization": 2862000.0,
        "Amortization Of Intangibles Income Statement": 2862000.0,
        "Research And Development": 26040000.0,
        "Selling General And Administration": 18913000.0,
        "Selling And Marketing Expense": 8299000.0,
        "General And Administrative Expense": 10614000.0,
        "Other Gand A": 10614000.0,
        "Salaries And Wages": NaN,
        "Gross Profit": 64789000.0,
        "Cost Of Revenue": 24252000.0,
        "Total Revenue": 89041000.0,
        "Operating Revenue": 89041000.0
    },
    "2022-03-31": {
        "Diluted EPS": -0.01,
        "Total Revenue": 86,
        "Gross Profit": 62,
        "Operating Income": 6,
        "EBIT": 13,
        "Net Income": 0
    },
    "2021-12-31": {
        "Diluted EPS": 0.47,
        "Total Revenue": 94,
        "Gross Profit": 70,
        "Operating Income": 23,
        "EBIT": 30,
        "Net Income": 19
    },
    "2021-09-30": {
        "Diluted EPS": 0.21,
        "Total Revenue": 98,
        "Gross Profit": 74,
        "Operating Income": 11,
        "EBIT": 18,
        "Net Income": 8
    },
    "2021-06-30": {
        "Diluted EPS": 0.15,
        "Total Revenue": 97,
        "Gross Profit": 73,
        "Operating Income": 15,
        "EBIT": 22,
        "Net Income": 6
    },
    "2021-03-31": {
        "Diluted EPS": 0.28,
        "Total Revenue": 99,
        "Gross Profit": 72,
        "Operating Income": 17,
        "EBIT": 25,
        "Net Income": 11
    },
    "2020-12-31": {
        "Diluted EPS": 0.53,
        "Total Revenue": 94,
        "Gross Profit": 67,
        "Operating Income": 18,
        "EBIT": 25,
        "Net Income": 21
    },
    "2020-09-30": {
        "Diluted EPS": 0.26,
        "Total Revenue": 91,
        "Gross Profit": 66,
        "Operating Income": 17,
        "EBIT": 24,
        "Net Income": 9
    },
    "2020-06-30": {
        "Diluted EPS": -0.77,
        "Total Revenue": 75,
        "Gross Profit": 48,
        "Operating Income": -4,
        "EBIT": 3,
        "Net Income": -28
    },
    "2020-03-31": {
        "Diluted EPS": 0.34,
        "Total Revenue": 87,
        "Gross Profit": 58,
        "Operating Income": 12,
        "EBIT": 20,
        "Net Income": 13
    },
    "2019-12-31": {
        "Diluted EPS": -0.33,
        "Total Revenue": 77,
        "Gross Profit": 52,
        "Operating Income": -2,
        "EBIT": 5,
        "Net Income": -12
    },
    "2019-09-30": {
        "Diluted EPS": 2.64,
        "Total Revenue": 83,
        "Gross Profit": 56,
        "Operating Income": 5,
        "EBIT": 12,
        "Net Income": 96
    },
    "2019-06-30": {
        "Diluted EPS": 0.05,
        "Total Revenue": 78,
        "Gross Profit": 54,
        "Operating Income": 3,
        "EBIT": 10,
        "Net Income": 2
    },
    "2019-03-31": {
        "Diluted EPS": 0.01,
        "Total Revenue": 70,
        "Gross Profit": 46,
        "Operating Income": 0,
        "EBIT": 7,
        "Net Income": 0
    },
    "2018-12-31": {
        "Diluted EPS": 0.06,
        "Total Revenue": 72,
        "Gross Profit": 48,
        "Operating Income": 3,
        "EBIT": 10,
        "Net Income": 2
    },
    "2018-09-30": {
        "Diluted EPS": 0.0,
        "Total Revenue": NaN,
        "Gross Profit": NaN,
        "Operating Income": NaN,
        "EBIT": NaN,
        "Net Income": NaN
    },
    "2017-09-30": {
        "Diluted EPS": 0.0,
        "Total Revenue": NaN,
        "Gross Profit": NaN,
        "Operating Income": NaN,
        "EBIT": NaN,
        "Net Income": NaN
    },
    "2023-06-30": {
        "Tax Effect Of Unusual Items": NaN,
        "Tax Rate For Calcs": NaN,
        "Normalized EBITDA": NaN,
        "Total Unusual Items": NaN,
        "Total Unusual Items Excluding Goodwill": NaN,
        "Net Income From Continuing Operation Net Minority Interest": NaN,
        "Reconciled Depreciation": NaN,
        "Reconciled Cost Of Revenue": NaN,
        "EBITDA": NaN,
        "EBIT": NaN,
        "Net Interest Income": NaN,
        "Interest Expense": NaN,
        "Interest Income": NaN,
        "Normalized Income": NaN,
        "Net Income From Continuing And Discontinued Operation": NaN,
        "Total Expenses": NaN,
        "Total Operating Income As Reported": NaN,
        "Diluted Average Shares": NaN,
        "Basic Average Shares": NaN,
        "Diluted EPS": NaN,
        "Basic EPS": NaN,
        "Diluted NI Availto Com Stockholders": NaN,
        "Net Income Common Stockholders": NaN,
        "Net Income": NaN,
        "Net Income Including Noncontrolling Interests": NaN,
        "Net Income Continuous Operations": NaN,
        "Tax Provision": NaN,
        "Pretax Income": NaN,
        "Other Income Expense": NaN,
        "Other Non Operating Income Expenses": NaN,
        "Special Income Charges": NaN,
        "Other Special Charges": 202000.0,
        "Impairment Of Capital Assets": 0.0,
        "Restructuring And Mergern Acquisition": NaN,
        "Net Non Operating Interest Income Expense": NaN,
        "Interest Expense Non Operating": NaN,
        "Interest Income Non Operating": NaN,
        "Operating Income": NaN,
        "Operating Expense": NaN,
        "Depreciation Amortization Depletion Income Statement": NaN,
        "Depreciation And Amortization In Income Statement": NaN,
        "Amortization": NaN,
        "Amortization Of Intangibles Income Statement": NaN,
        "Research And Development": NaN,
        "Selling General And Administration": NaN,
        "Selling And Marketing Expense": NaN,
        "General And Administrative Expense": NaN,
        "Other Gand A": NaN,
        "Salaries And Wages": 3334000.0,
        "Gross Profit": NaN,
        "Cost Of Revenue": NaN,
        "Total Revenue": NaN,
        "Operating Revenue": NaN
    },
    "2023-09-30": {
        "Tax Effect Of Unusual Items": -176820.0,
        "Tax Rate For Calcs": 0.21,
        "Normalized EBITDA": 7207000.0,
        "Total Unusual Items": -842000.0,
        "Total Unusual Items Excluding Goodwill": -842000.0,
        "Net Income From Continuing Operation Net Minority Interest": -11552000.0,
        "Reconciled Depreciation": 2887000.0,
        "Reconciled Cost Of Revenue": 20698000.0,
        "EBITDA": 6365000.0,
        "EBIT": 3478000.0,
        "Net Interest Income": -1901000.0,
        "Interest Expense": 3132000.0,
        "Interest Income": 1231000.0,
        "Normalized Income": -10886820.0,
        "Net Income From Continuing And Discontinued Operation": -11552000.0,
        "Total Expenses": 76026000.0,
        "Total Operating Income As Reported": 3896000.0,
        "Diluted Average Shares": 40357000.0,
        "Basic Average Shares": 40357000.0,
        "Diluted EPS": -0.29,
        "Basic EPS": -0.29,
        "Diluted NI Availto Com Stockholders": -11552000.0,
        "Net Income Common Stockholders": -11552000.0,
        "Net Income": -11552000.0,
        "Net Income Including Noncontrolling Interests": -11552000.0,
        "Net Income Continuous Operations": -11552000.0,
        "Tax Provision": 11898000.0,
        "Pretax Income": 346000.0,
        "Other Income Expense": -2491000.0,
        "Other Non Operating Income Expenses": -1649000.0,
        "Special Income Charges": -842000.0,
        "Other Special Charges": NaN,
        "Impairment Of Capital Assets": NaN,
        "Restructuring And Mergern Acquisition": 4184000.0,
        "Net Non Operating Interest Income Expense": -1901000.0,
        "Interest Expense Non Operating": 3132000.0,
        "Interest Income Non Operating": 1231000.0,
        "Operating Income": 4738000.0,
        "Operating Expense": 52998000.0,
        "Depreciation Amortization Depletion Income Statement": 557000.0,
        "Depreciation And Amortization In Income Statement": 557000.0,
        "Amortization": 557000.0,
        "Amortization Of Intangibles Income Statement": 557000.0,
        "Research And Development": 35143000.0,
        "Selling General And Administration": 17298000.0,
        "Selling And Marketing Expense": 5848000.0,
        "General And Administrative Expense": 11450000.0,
        "Other Gand A": 11450000.0,
        "Salaries And Wages": NaN,
        "Gross Profit": 57736000.0,
        "Cost Of Revenue": 23028000.0,
        "Total Revenue": 80764000.0,
        "Operating Revenue": 80764000.0
    },
    "2023-12-31": {
        "Tax Effect Of Unusual Items": NaN,
        "Tax Rate For Calcs": NaN,
        "Normalized EBITDA": NaN,
        "Total Unusual Items": NaN,
        "Total Unusual Items Excluding Goodwill": NaN,
        "Net Income From Continuing Operation Net Minority Interest": NaN,
        "Reconciled Depreciation": NaN,
        "Reconciled Cost Of Revenue": NaN,
        "EBITDA": NaN,
        "EBIT": NaN,
        "Net Interest Income": NaN,
        "Interest Expense": NaN,
        "Interest Income": NaN,
        "Normalized Income": NaN,
        "Net Income From Continuing And Discontinued Operation": NaN,
        "Total Expenses": NaN,
        "Total Operating Income As Reported": NaN,
        "Diluted Average Shares": NaN,
        "Basic Average Shares": NaN,
        "Diluted EPS": NaN,
        "Basic EPS": NaN,
        "Diluted NI Availto Com Stockholders": NaN,
        "Average Dilution Earnings": 2250000.0,
        "Net Income Common Stockholders": NaN,
        "Net Income": NaN,
        "Net Income Including Noncontrolling Interests": NaN,
        "Net Income Continuous Operations": NaN,
        "Tax Provision": NaN,
        "Pretax Income": NaN,
        "Other Income Expense": NaN,
        "Other Non Operating Income Expenses": NaN,
        "Special Income Charges": NaN,
        "Impairment Of Capital Assets": NaN,
        "Restructuring And Mergern Acquisition": NaN,
        "Net Non Operating Interest Income Expense": NaN,
        "Interest Expense Non Operating": NaN,
        "Interest Income Non Operating": NaN,
        "Operating Income": NaN,
        "Operating Expense": NaN,
        "Depreciation Amortization Depletion Income Statement": NaN,
        "Depreciation And Amortization In Income Statement": NaN,
        "Amortization": NaN,
        "Amortization Of Intangibles Income Statement": NaN,
        "Research And Development": NaN,
        "Selling General And Administration": NaN,
        "Selling And Marketing Expense": NaN,
        "General And Administrative Expense": NaN,
        "Other Gand A": NaN,
        "Gross Profit": NaN,
        "Cost Of Revenue": NaN,
        "Total Revenue": NaN,
        "Operating Revenue": NaN
    },
    "2024-03-31": {
        "Tax Effect Of Unusual Items": NaN,
        "Tax Rate For Calcs": NaN,
        "Normalized EBITDA": NaN,
        "Total Unusual Items": NaN,
        "Total Unusual Items Excluding Goodwill": NaN,
        "Net Income From Continuing Operation Net Minority Interest": NaN,
        "Reconciled Depreciation": NaN,
        "Reconciled Cost Of Revenue": NaN,
        "EBITDA": NaN,
        "EBIT": NaN,
        "Net Interest Income": NaN,
        "Interest Expense": NaN,
        "Interest Income": NaN,
        "Normalized Income": NaN,
        "Net Income From Continuing And Discontinued Operation": NaN,
        "Total Expenses": NaN,
        "Total Operating Income As Reported": NaN,
        "Diluted Average Shares": NaN,
        "Basic Average Shares": NaN,
        "Diluted EPS": NaN,
        "Basic EPS": NaN,
        "Diluted NI Availto Com Stockholders": NaN,
        "Average Dilution Earnings": 0.0,
        "Net Income Common Stockholders": NaN,
        "Net Income": NaN,
        "Net Income Including Noncontrolling Interests": NaN,
        "Net Income Continuous Operations": NaN,
        "Tax Provision": NaN,
        "Pretax Income": NaN,
        "Other Income Expense": NaN,
        "Other Non Operating Income Expenses": NaN,
        "Special Income Charges": NaN,
        "Impairment Of Capital Assets": NaN,
        "Restructuring And Mergern Acquisition": NaN,
        "Net Non Operating Interest Income Expense": NaN,
        "Interest Expense Non Operating": NaN,
        "Interest Income Non Operating": NaN,
        "Operating Income": NaN,
        "Operating Expense": NaN,
        "Depreciation Amortization Depletion Income Statement": NaN,
        "Depreciation And Amortization In Income Statement": NaN,
        "Amortization": NaN,
        "Amortization Of Intangibles Income Statement": NaN,
        "Research And Development": NaN,
        "Selling General And Administration": NaN,
        "Selling And Marketing Expense": NaN,
        "General And Administrative Expense": NaN,
        "Other Gand A": NaN,
        "Gross Profit": NaN,
        "Cost Of Revenue": NaN,
        "Total Revenue": NaN,
        "Operating Revenue": NaN
    },
    "2024-06-30": {
        "Tax Effect Of Unusual Items": NaN,
        "Tax Rate For Calcs": NaN,
        "Normalized EBITDA": NaN,
        "Total Unusual Items": NaN,
        "Total Unusual Items Excluding Goodwill": NaN,
        "Net Income From Continuing Operation Net Minority Interest": NaN,
        "Reconciled Depreciation": NaN,
        "Reconciled Cost Of Revenue": NaN,
        "EBITDA": NaN,
        "EBIT": NaN,
        "Net Interest Income": NaN,
        "Interest Expense": NaN,
        "Interest Income": NaN,
        "Normalized Income": NaN,
        "Net Income From Continuing And Discontinued Operation": NaN,
        "Total Expenses": NaN,
        "Total Operating Income As Reported": NaN,
        "Diluted Average Shares": NaN,
        "Basic Average Shares": NaN,
        "Diluted EPS": NaN,
        "Basic EPS": NaN,
        "Diluted NI Availto Com Stockholders": NaN,
        "Average Dilution Earnings": NaN,
        "Net Income Common Stockholders": NaN,
        "Net Income": NaN,
        "Net Income Including Noncontrolling Interests": NaN,
        "Net Income Continuous Operations": NaN,
        "Tax Provision": NaN,
        "Pretax Income": NaN,
        "Other Income Expense": NaN,
        "Other Non Operating Income Expenses": NaN,
        "Special Income Charges": NaN,
        "Impairment Of Capital Assets": 357076000.0,
        "Restructuring And Mergern Acquisition": NaN,
        "Net Non Operating Interest Income Expense": NaN,
        "Interest Expense Non Operating": NaN,
        "Interest Income Non Operating": NaN,
        "Operating Income": NaN,
        "Operating Expense": NaN,
        "Depreciation Amortization Depletion Income Statement": NaN,
        "Depreciation And Amortization In Income Statement": NaN,
        "Amortization": NaN,
        "Amortization Of Intangibles Income Statement": NaN,
        "Research And Development": NaN,
        "Selling General And Administration": NaN,
        "Selling And Marketing Expense": NaN,
        "General And Administrative Expense": NaN,
        "Other Gand A": NaN,
        "Gross Profit": NaN,
        "Cost Of Revenue": NaN,
        "Total Revenue": NaN,
        "Operating Revenue": NaN
    },
    "2024-09-30": {
        "Tax Effect Of Unusual Items": NaN,
        "Tax Rate For Calcs": NaN,
        "Normalized EBITDA": NaN,
        "Total Unusual Items": NaN,
        "Total Unusual Items Excluding Goodwill": NaN,
        "Net Income From Continuing Operation Net Minority Interest": NaN,
        "Reconciled Depreciation": NaN,
        "Reconciled Cost Of Revenue": NaN,
        "EBITDA": NaN,
        "EBIT": NaN,
        "Net Interest Income": NaN,
        "Interest Expense": NaN,
        "Interest Income": NaN,
        "Normalized Income": NaN,
        "Net Income From Continuing And Discontinued Operation": NaN,
        "Total Expenses": NaN,
        "Total Operating Income As Reported": NaN,
        "Diluted Average Shares": NaN,
        "Basic Average Shares": NaN,
        "Diluted EPS": NaN,
        "Basic EPS": NaN,
        "Diluted NI Availto Com Stockholders": NaN,
        "Average Dilution Earnings": NaN,
        "Net Income Common Stockholders": NaN,
        "Net Income": NaN,
        "Net Income Including Noncontrolling Interests": NaN,
        "Net Income Continuous Operations": NaN,
        "Tax Provision": NaN,
        "Pretax Income": NaN,
        "Other Income Expense": NaN,
        "Other Non Operating Income Expenses": NaN,
        "Special Income Charges": NaN,
        "Impairment Of Capital Assets": 0.0,
        "Restructuring And Mergern Acquisition": NaN,
        "Net Non Operating Interest Income Expense": NaN,
        "Interest Expense Non Operating": NaN,
        "Interest Income Non Operating": NaN,
        "Operating Income": NaN,
        "Operating Expense": NaN,
        "Depreciation Amortization Depletion Income Statement": NaN,
        "Depreciation And Amortization In Income Statement": NaN,
        "Amortization": NaN,
        "Amortization Of Intangibles Income Statement": NaN,
        "Research And Development": NaN,
        "Selling General And Administration": NaN,
        "Selling And Marketing Expense": NaN,
        "General And Administrative Expense": NaN,
        "Other Gand A": NaN,
        "Gross Profit": NaN,
        "Cost Of Revenue": NaN,
        "Total Revenue": NaN,
        "Operating Revenue": NaN
    },
    "2024-12-31": {
        "Tax Effect Of Unusual Items": -2323020.0,
        "Tax Rate For Calcs": 0.21,
        "Normalized EBITDA": -1717000.0,
        "Total Unusual Items": -11062000.0,
        "Total Unusual Items Excluding Goodwill": -11062000.0,
        "Net Income From Continuing Operation Net Minority Interest": -24288000.0,
        "Reconciled Depreciation": 2445000.0,
        "Reconciled Cost Of Revenue": 15933000.0,
        "EBITDA": -12779000.0,
        "EBIT": -15224000.0,
        "Net Interest Income": -1956000.0,
        "Interest Expense": 3393000.0,
        "Interest Income": 1437000.0,
        "Normalized Income": -15549020.0,
        "Net Income From Continuing And Discontinued Operation": -24288000.0,
        "Total Expenses": 56767000.0,
        "Total Operating Income As Reported": -16933000.0,
        "Diluted Average Shares": 42897000.0,
        "Basic Average Shares": 42897000.0,
        "Diluted EPS": -0.57,
        "Basic EPS": -0.57,
        "Diluted NI Availto Com Stockholders": -24288000.0,
        "Average Dilution Earnings": 0.0,
        "Net Income Common Stockholders": -24288000.0,
        "Net Income": -24288000.0,
        "Net Income Including Noncontrolling Interests": -24288000.0,
        "Net Income Continuous Operations": -24288000.0,
        "Tax Provision": 5671000.0,
        "Pretax Income": -18617000.0,
        "Other Income Expense": -10790000.0,
        "Other Non Operating Income Expenses": 272000.0,
        "Special Income Charges": -11062000.0,
        "Impairment Of Capital Assets": NaN,
        "Restructuring And Mergern Acquisition": 11062000.0,
        "Net Non Operating Interest Income Expense": -1956000.0,
        "Interest Expense Non Operating": 3393000.0,
        "Interest Income Non Operating": 1437000.0,
        "Operating Income": -5871000.0,
        "Operating Expense": 38943000.0,
        "Depreciation Amortization Depletion Income Statement": 554000.0,
        "Depreciation And Amortization In Income Statement": 554000.0,
        "Amortization": 554000.0,
        "Amortization Of Intangibles Income Statement": 554000.0,
        "Research And Development": 20869000.0,
        "Selling General And Administration": 17520000.0,
        "Selling And Marketing Expense": 4766000.0,
        "General And Administrative Expense": 12754000.0,
        "Other Gand A": 12754000.0,
        "Gross Profit": 33072000.0,
        "Cost Of Revenue": 17824000.0,
        "Total Revenue": 50896000.0,
        "Operating Revenue": 50896000.0
    },
    "2025-03-31": {
        "Tax Effect Of Unusual Items": -594720.0,
        "Tax Rate For Calcs": 0.21,
        "Normalized EBITDA": 24949000.0,
        "Total Unusual Items": -2832000.0,
        "Total Unusual Items Excluding Goodwill": -2832000.0,
        "Net Income From Continuing Operation Net Minority Interest": 21656000.0,
        "Reconciled Depreciation": 3348000.0,
        "Reconciled Cost Of Revenue": 15017000.0,
        "EBITDA": 22117000.0,
        "EBIT": 18769000.0,
        "Net Interest Income": -1798000.0,
        "Interest Expense": 2716000.0,
        "Interest Income": 918000.0,
        "Normalized Income": 23893280.0,
        "Net Income From Continuing And Discontinued Operation": 21656000.0,
        "Total Expenses": 57826000.0,
        "Total Operating Income As Reported": 17352000.0,
        "Diluted Average Shares": 51530000.0,
        "Basic Average Shares": 43223000.0,
        "Diluted EPS": 0.46,
        "Basic EPS": 0.5,
        "Diluted NI Availto Com Stockholders": 23749000.0,
        "Average Dilution Earnings": 2093000.0,
        "Net Income Common Stockholders": 21656000.0,
        "Net Income": 21656000.0,
        "Net Income Including Noncontrolling Interests": 21656000.0,
        "Net Income Continuous Operations": 21656000.0,
        "Tax Provision": -5603000.0,
        "Pretax Income": 16053000.0,
        "Other Income Expense": -2333000.0,
        "Other Non Operating Income Expenses": 499000.0,
        "Special Income Charges": -2832000.0,
        "Impairment Of Capital Assets": 0.0,
        "Restructuring And Mergern Acquisition": 2832000.0,
        "Net Non Operating Interest Income Expense": -1798000.0,
        "Interest Expense Non Operating": 2716000.0,
        "Interest Income Non Operating": 918000.0,
        "Operating Income": 20184000.0,
        "Operating Expense": 39997000.0,
        "Depreciation Amortization Depletion Income Statement": 536000.0,
        "Depreciation And Amortization In Income Statement": 536000.0,
        "Amortization": 536000.0,
        "Amortization Of Intangibles Income Statement": 536000.0,
        "Research And Development": 23332000.0,
        "Selling General And Administration": 16129000.0,
        "Selling And Marketing Expense": 4930000.0,
        "General And Administrative Expense": 11199000.0,
        "Other Gand A": 11199000.0,
        "Gross Profit": 60181000.0,
        "Cost Of Revenue": 17829000.0,
        "Total Revenue": 78010000.0,
        "Operating Revenue": 78010000.0
    },
    "2025-06-30": {
        "Tax Effect Of Unusual Items": -178500.0,
        "Tax Rate For Calcs": 0.21,
        "Normalized EBITDA": 5189000.0,
        "Total Unusual Items": -850000.0,
        "Total Unusual Items Excluding Goodwill": -850000.0,
        "Net Income From Continuing Operation Net Minority Interest": -2721000.0,
        "Reconciled Depreciation": 2719000.0,
        "Reconciled Cost Of Revenue": 14207000.0,
        "EBITDA": 4339000.0,
        "EBIT": 1620000.0,
        "Net Interest Income": -1514000.0,
        "Interest Expense": 2409000.0,
        "Interest Income": 895000.0,
        "Normalized Income": -2049500.0,
        "Net Income From Continuing And Discontinued Operation": -2721000.0,
        "Total Expenses": 62334000.0,
        "Total Operating Income As Reported": -948000.0,
        "Diluted Average Shares": 43262000.0,
        "Basic Average Shares": 43262000.0,
        "Diluted EPS": -0.06,
        "Basic EPS": -0.06,
        "Diluted NI Availto Com Stockholders": -2721000.0,
        "Average Dilution Earnings": NaN,
        "Net Income Common Stockholders": -2721000.0,
        "Net Income": -2721000.0,
        "Net Income Including Noncontrolling Interests": -2721000.0,
        "Net Income Continuous Operations": -2721000.0,
        "Tax Provision": 1932000.0,
        "Pretax Income": -789000.0,
        "Other Income Expense": 823000.0,
        "Other Non Operating Income Expenses": 1673000.0,
        "Special Income Charges": -850000.0,
        "Impairment Of Capital Assets": 0.0,
        "Restructuring And Mergern Acquisition": 850000.0,
        "Net Non Operating Interest Income Expense": -1514000.0,
        "Interest Expense Non Operating": 2409000.0,
        "Interest Income Non Operating": 895000.0,
        "Operating Income": -98000.0,
        "Operating Expense": 45986000.0,
        "Depreciation Amortization Depletion Income Statement": 578000.0,
        "Depreciation And Amortization In Income Statement": 578000.0,
        "Amortization": 578000.0,
        "Amortization Of Intangibles Income Statement": 578000.0,
        "Research And Development": 27152000.0,
        "Selling General And Administration": 18256000.0,
        "Selling And Marketing Expense": 5916000.0,
        "General And Administrative Expense": 12340000.0,
        "Other Gand A": 12340000.0,
        "Gross Profit": 45888000.0,
        "Cost Of Revenue": 16348000.0,
        "Total Revenue": 62236000.0,
        "Operating Revenue": 62236000.0
    },
    "2025-09-30": {
        "Tax Effect Of Unusual Items": -141540.0,
        "Tax Rate For Calcs": 0.21,
        "Normalized EBITDA": -1052000.0,
        "Total Unusual Items": -674000.0,
        "Total Unusual Items Excluding Goodwill": -674000.0,
        "Net Income From Continuing Operation Net Minority Interest": -13361000.0,
        "Reconciled Depreciation": 2037000.0,
        "Reconciled Cost Of Revenue": 14607000.0,
        "EBITDA": -1726000.0,
        "EBIT": -3763000.0,
        "Net Interest Income": -1102000.0,
        "Interest Expense": 1705000.0,
        "Interest Income": 603000.0,
        "Normalized Income": -12828540.0,
        "Net Income From Continuing And Discontinued Operation": -13361000.0,
        "Total Expenses": 61727000.0,
        "Total Operating Income As Reported": -1762000.0,
        "Diluted Average Shares": 43339000.0,
        "Basic Average Shares": 43339000.0,
        "Diluted EPS": -0.31,
        "Basic EPS": -0.31,
        "Diluted NI Availto Com Stockholders": -13361000.0,
        "Average Dilution Earnings": NaN,
        "Net Income Common Stockholders": -13361000.0,
        "Net Income": -13361000.0,
        "Net Income Including Noncontrolling Interests": -13361000.0,
        "Net Income Continuous Operations": -13361000.0,
        "Tax Provision": 7893000.0,
        "Pretax Income": -5468000.0,
        "Other Income Expense": -3278000.0,
        "Other Non Operating Income Expenses": -2604000.0,
        "Special Income Charges": -674000.0,
        "Impairment Of Capital Assets": 0.0,
        "Restructuring And Mergern Acquisition": 674000.0,
        "Net Non Operating Interest Income Expense": -1102000.0,
        "Interest Expense Non Operating": 1705000.0,
        "Interest Income Non Operating": 603000.0,
        "Operating Income": -1088000.0,
        "Operating Expense": 45083000.0,
        "Depreciation Amortization Depletion Income Statement": 0.0,
        "Depreciation And Amortization In Income Statement": 0.0,
        "Amortization": 0.0,
        "Amortization Of Intangibles Income Statement": 0.0,
        "Research And Development": 26403000.0,
        "Selling General And Administration": 18680000.0,
        "Selling And Marketing Expense": 6203000.0,
        "General And Administrative Expense": 12477000.0,
        "Other Gand A": 12477000.0,
        "Gross Profit": 43995000.0,
        "Cost Of Revenue": 16644000.0,
        "Total Revenue": 60639000.0,
        "Operating Revenue": 60639000.0
    },
    "2025-12-31": {
        "Tax Effect Of Unusual Items": -1636740.0,
        "Tax Rate For Calcs": 0.21,
        "Normalized EBITDA": 41704000.0,
        "Total Unusual Items": -7794000.0,
        "Total Unusual Items Excluding Goodwill": -7794000.0,
        "Net Income From Continuing Operation Net Minority Interest": -5239000.0,
        "Reconciled Depreciation": 2184000.0,
        "Reconciled Cost Of Revenue": 13542000.0,
        "EBITDA": 33910000.0,
        "EBIT": 31726000.0,
        "Net Interest Income": -800000.0,
        "Interest Expense": 1665000.0,
        "Interest Income": 865000.0,
        "Normalized Income": 918260.0,
        "Net Income From Continuing And Discontinued Operation": -5239000.0,
        "Total Expenses": 77971000.0,
        "Total Operating Income As Reported": 29311000.0,
        "Diluted Average Shares": 44953000.0,
        "Basic Average Shares": 44953000.0,
        "Diluted EPS": -0.12,
        "Basic EPS": -0.12,
        "Diluted NI Availto Com Stockholders": -5239000.0,
        "Average Dilution Earnings": NaN,
        "Net Income Common Stockholders": -5239000.0,
        "Net Income": -5239000.0,
        "Net Income Including Noncontrolling Interests": -5239000.0,
        "Net Income Continuous Operations": -5239000.0,
        "Tax Provision": 35300000.0,
        "Pretax Income": 30061000.0,
        "Other Income Expense": -6244000.0,
        "Other Non Operating Income Expenses": 1550000.0,
        "Special Income Charges": -7794000.0,
        "Impairment Of Capital Assets": NaN,
        "Restructuring And Mergern Acquisition": 7794000.0,
        "Net Non Operating Interest Income Expense": -800000.0,
        "Interest Expense Non Operating": 1665000.0,
        "Interest Income Non Operating": 865000.0,
        "Operating Income": 37105000.0,
        "Operating Expense": 62245000.0,
        "Depreciation Amortization Depletion Income Statement": 0.0,
        "Depreciation And Amortization In Income Statement": 0.0,
        "Amortization": 0.0,
        "Amortization Of Intangibles Income Statement": 0.0,
        "Research And Development": 24701000.0,
        "Selling General And Administration": 37544000.0,
        "Selling And Marketing Expense": 5557000.0,
        "General And Administrative Expense": 31987000.0,
        "Other Gand A": 31987000.0,
        "Gross Profit": 99350000.0,
        "Cost Of Revenue": 15726000.0,
        "Total Revenue": 115076000.0,
        "Operating Revenue": 115076000.0
    }
}