{
    "2023-06-30": {
        "Tax Effect Of Unusual Items": NaN,
        "Tax Rate For Calcs": NaN,
        "Normalized EBITDA": NaN,
        "Total Unusual Items": NaN,
        "Total Unusual Items Excluding Goodwill": NaN,
        "Net Income From Continuing Operation Net Minority Interest": NaN,
        "Reconciled Depreciation": NaN,
        "Reconciled Cost Of Revenue": NaN,
        "EBITDA": NaN,
        "EBIT": NaN,
        "Net Interest Income": NaN,
        "Interest Expense": NaN,
        "Interest Income": NaN,
        "Normalized Income": NaN,
        "Net Income From Continuing And Discontinued Operation": NaN,
        "Total Expenses": NaN,
        "Total Operating Income As Reported": NaN,
        "Diluted Average Shares": NaN,
        "Basic Average Shares": NaN,
        "Diluted EPS": NaN,
        "Basic EPS": NaN,
        "Diluted NI Availto Com Stockholders": NaN,
        "Net Income Common Stockholders": NaN,
        "Otherunder Preferred Stock Dividend": NaN,
        "Net Income": NaN,
        "Net Income Including Noncontrolling Interests": NaN,
        "Net Income Continuous Operations": NaN,
        "Tax Provision": NaN,
        "Pretax Income": NaN,
        "Other Income Expense": NaN,
        "Other Non Operating Income Expenses": -2600000.0,
        "Special Income Charges": NaN,
        "Other Special Charges": NaN,
        "Impairment Of Capital Assets": NaN,
        "Restructuring And Mergern Acquisition": NaN,
        "Gain On Sale Of Security": NaN,
        "Net Non Operating Interest Income Expense": NaN,
        "Interest Expense Non Operating": NaN,
        "Interest Income Non Operating": NaN,
        "Operating Income": NaN,
        "Operating Expense": NaN,
        "Selling General And Administration": NaN,
        "Gross Profit": NaN,
        "Cost Of Revenue": NaN,
        "Total Revenue": NaN,
        "Operating Revenue": NaN
    },
    "2023-03-31": {
        "Tax Effect Of Unusual Items": NaN,
        "Tax Rate For Calcs": NaN,
        "Normalized EBITDA": NaN,
        "Total Unusual Items": NaN,
        "Total Unusual Items Excluding Goodwill": NaN,
        "Net Income From Continuing Operation Net Minority Interest": NaN,
        "Reconciled Depreciation": NaN,
        "Reconciled Cost Of Revenue": NaN,
        "EBITDA": NaN,
        "EBIT": NaN,
        "Net Interest Income": NaN,
        "Interest Expense": NaN,
        "Interest Income": NaN,
        "Normalized Income": NaN,
        "Net Income From Continuing And Discontinued Operation": NaN,
        "Total Expenses": NaN,
        "Total Operating Income As Reported": NaN,
        "Diluted Average Shares": NaN,
        "Basic Average Shares": NaN,
        "Diluted EPS": NaN,
        "Basic EPS": NaN,
        "Diluted NI Availto Com Stockholders": NaN,
        "Net Income Common Stockholders": NaN,
        "Otherunder Preferred Stock Dividend": 100000.0,
        "Net Income": NaN,
        "Net Income Including Noncontrolling Interests": NaN,
        "Net Income Continuous Operations": NaN,
        "Tax Provision": NaN,
        "Pretax Income": NaN,
        "Other Income Expense": NaN,
        "Other Non Operating Income Expenses": -2500000.0,
        "Special Income Charges": 0.0,
        "Other Special Charges": NaN,
        "Impairment Of Capital Assets": 0.0,
        "Restructuring And Mergern Acquisition": NaN,
        "Gain On Sale Of Security": NaN,
        "Net Non Operating Interest Income Expense": NaN,
        "Interest Expense Non Operating": NaN,
        "Interest Income Non Operating": NaN,
        "Operating Income": NaN,
        "Operating Expense": NaN,
        "Selling General And Administration": NaN,
        "Gross Profit": NaN,
        "Cost Of Revenue": NaN,
        "Total Revenue": NaN,
        "Operating Revenue": NaN
    },
    "2022-12-31": {
        "Tax Effect Of Unusual Items": NaN,
        "Tax Rate For Calcs": NaN,
        "Normalized EBITDA": NaN,
        "Total Unusual Items": NaN,
        "Total Unusual Items Excluding Goodwill": NaN,
        "Net Income From Continuing Operation Net Minority Interest": NaN,
        "Reconciled Depreciation": NaN,
        "Reconciled Cost Of Revenue": NaN,
        "EBITDA": NaN,
        "EBIT": NaN,
        "Net Interest Income": NaN,
        "Interest Expense": NaN,
        "Interest Income": NaN,
        "Normalized Income": NaN,
        "Net Income From Continuing And Discontinued Operation": NaN,
        "Total Expenses": NaN,
        "Total Operating Income As Reported": NaN,
        "Diluted Average Shares": NaN,
        "Basic Average Shares": NaN,
        "Diluted EPS": NaN,
        "Basic EPS": NaN,
        "Diluted NI Availto Com Stockholders": NaN,
        "Net Income Common Stockholders": NaN,
        "Otherunder Preferred Stock Dividend": 100000.0,
        "Net Income": NaN,
        "Net Income Including Noncontrolling Interests": NaN,
        "Net Income Continuous Operations": NaN,
        "Tax Provision": NaN,
        "Pretax Income": NaN,
        "Other Income Expense": NaN,
        "Other Non Operating Income Expenses": 100000.0,
        "Special Income Charges": NaN,
        "Other Special Charges": NaN,
        "Impairment Of Capital Assets": NaN,
        "Gain On Sale Of Security": NaN,
        "Net Non Operating Interest Income Expense": NaN,
        "Interest Expense Non Operating": NaN,
        "Interest Income Non Operating": NaN,
        "Operating Income": NaN,
        "Operating Expense": NaN,
        "Selling General And Administration": NaN,
        "Gross Profit": NaN,
        "Cost Of Revenue": NaN,
        "Total Revenue": NaN,
        "Operating Revenue": NaN
    },
    "2022-09-30": {
        "Tax Effect Of Unusual Items": NaN,
        "Tax Rate For Calcs": NaN,
        "Normalized EBITDA": NaN,
        "Total Unusual Items": NaN,
        "Total Unusual Items Excluding Goodwill": NaN,
        "Net Income From Continuing Operation Net Minority Interest": NaN,
        "Reconciled Depreciation": NaN,
        "Reconciled Cost Of Revenue": NaN,
        "EBITDA": NaN,
        "EBIT": NaN,
        "Net Interest Income": NaN,
        "Interest Expense": NaN,
        "Interest Income": NaN,
        "Normalized Income": NaN,
        "Net Income From Continuing And Discontinued Operation": NaN,
        "Total Expenses": NaN,
        "Total Operating Income As Reported": NaN,
        "Diluted Average Shares": NaN,
        "Basic Average Shares": NaN,
        "Diluted EPS": NaN,
        "Basic EPS": NaN,
        "Diluted NI Availto Com Stockholders": NaN,
        "Net Income Common Stockholders": NaN,
        "Otherunder Preferred Stock Dividend": NaN,
        "Net Income": NaN,
        "Net Income Including Noncontrolling Interests": NaN,
        "Net Income Continuous Operations": NaN,
        "Tax Provision": NaN,
        "Pretax Income": NaN,
        "Other Income Expense": NaN,
        "Other Non Operating Income Expenses": -2500000.0,
        "Special Income Charges": NaN,
        "Other Special Charges": NaN,
        "Impairment Of Capital Assets": NaN,
        "Gain On Sale Of Security": NaN,
        "Net Non Operating Interest Income Expense": NaN,
        "Interest Expense Non Operating": NaN,
        "Interest Income Non Operating": NaN,
        "Operating Income": NaN,
        "Operating Expense": NaN,
        "Selling General And Administration": NaN,
        "Gross Profit": NaN,
        "Cost Of Revenue": NaN,
        "Total Revenue": NaN,
        "Operating Revenue": NaN
    },
    "2022-06-30": {
        "Tax Effect Of Unusual Items": -2400000.0,
        "Tax Rate For Calcs": 0.4,
        "Normalized EBITDA": 24800000.0,
        "Total Unusual Items": -6000000.0,
        "Total Unusual Items Excluding Goodwill": -6000000.0,
        "Net Income From Continuing Operation Net Minority Interest": 2600000.0,
        "Reconciled Depreciation": 32900000.0,
        "Reconciled Cost Of Revenue": 491800000.0,
        "EBITDA": 18800000.0,
        "EBIT": 18800000.0,
        "Net Interest Income": -13400000.0,
        "Interest Expense": 13400000.0,
        "Interest Income": NaN,
        "Normalized Income": 6200000.0,
        "Net Income From Continuing And Discontinued Operation": 2600000.0,
        "Total Expenses": 539200000.0,
        "Total Operating Income As Reported": 24600000.0,
        "Diluted Average Shares": 48500000.0,
        "Basic Average Shares": 48500000.0,
        "Diluted EPS": 0.05,
        "Basic EPS": 0.05,
        "Diluted NI Availto Com Stockholders": 2600000.0,
        "Net Income Common Stockholders": 2600000.0,
        "Otherunder Preferred Stock Dividend": NaN,
        "Net Income": 2600000.0,
        "Net Income Including Noncontrolling Interests": 2600000.0,
        "Net Income Continuous Operations": 2600000.0,
        "Tax Provision": 2800000.0,
        "Pretax Income": 5400000.0,
        "Other Income Expense": -5800000.0,
        "Other Non Operating Income Expenses": 200000.0,
        "Special Income Charges": -6000000.0,
        "Other Special Charges": 6000000.0,
        "Impairment Of Capital Assets": 0.0,
        "Restructuring And Mergern Acquisition": 0.0,
        "Gain On Sale Of Security": -4800000.0,
        "Net Non Operating Interest Income Expense": -13400000.0,
        "Interest Expense Non Operating": 13400000.0,
        "Interest Income Non Operating": NaN,
        "Operating Income": 24600000.0,
        "Operating Expense": 47400000.0,
        "Selling General And Administration": 47400000.0,
        "Gross Profit": 72000000.0,
        "Cost Of Revenue": 491800000.0,
        "Total Revenue": 563800000.0,
        "Operating Revenue": 563800000.0
    },
    "2022-03-31": {
        "Diluted EPS": -0.16,
        "Total Revenue": 489,
        "Gross Profit": 40,
        "Operating Income": 1,
        "EBIT": 34,
        "Net Income": -8
    },
    "2021-12-31": {
        "Diluted EPS": -0.61,
        "Total Revenue": 396,
        "Gross Profit": 13,
        "Operating Income": -32,
        "EBIT": 1,
        "Net Income": -29
    },
    "2021-09-30": {
        "Diluted EPS": -0.31,
        "Total Revenue": 388,
        "Gross Profit": 25,
        "Operating Income": -19,
        "EBIT": 13,
        "Net Income": -15
    },
    "2021-06-30": {
        "Diluted EPS": -1.18,
        "Total Revenue": 422,
        "Gross Profit": -21,
        "Operating Income": -71,
        "EBIT": -39,
        "Net Income": -58
    },
    "2021-03-31": {
        "Diluted EPS": -0.84,
        "Total Revenue": 352,
        "Gross Profit": 13,
        "Operating Income": -40,
        "EBIT": -8,
        "Net Income": -41
    },
    "2020-12-31": {
        "Diluted EPS": -1.76,
        "Total Revenue": 349,
        "Gross Profit": 6,
        "Operating Income": -89,
        "EBIT": -8,
        "Net Income": -85
    },
    "2020-09-30": {
        "Diluted EPS": -0.98,
        "Total Revenue": 353,
        "Gross Profit": 4,
        "Operating Income": -49,
        "EBIT": -18,
        "Net Income": -47
    },
    "2020-06-30": {
        "Diluted EPS": -2.44,
        "Total Revenue": 437,
        "Gross Profit": -5,
        "Operating Income": -148,
        "EBIT": -82,
        "Net Income": -118
    },
    "2020-03-31": {
        "Diluted EPS": 0.82,
        "Total Revenue": 585,
        "Gross Profit": 110,
        "Operating Income": 59,
        "EBIT": 90,
        "Net Income": 40
    },
    "2019-12-31": {
        "Diluted EPS": 0.79,
        "Total Revenue": 573,
        "Gross Profit": 113,
        "Operating Income": 55,
        "EBIT": 85,
        "Net Income": 38
    },
    "2019-09-30": {
        "Diluted EPS": 0.85,
        "Total Revenue": 585,
        "Gross Profit": 113,
        "Operating Income": 60,
        "EBIT": 90,
        "Net Income": 41
    },
    "2019-06-30": {
        "Diluted EPS": 1.0,
        "Total Revenue": 641,
        "Gross Profit": 123,
        "Operating Income": 68,
        "EBIT": 98,
        "Net Income": 48
    },
    "2019-03-31": {
        "Diluted EPS": 1.05,
        "Total Revenue": 610,
        "Gross Profit": 123,
        "Operating Income": 73,
        "EBIT": 104,
        "Net Income": 51
    },
    "2018-12-31": {
        "Diluted EPS": 0.73,
        "Total Revenue": 557,
        "Gross Profit": 107,
        "Operating Income": 55,
        "EBIT": 86,
        "Net Income": 35
    },
    "2018-09-30": {
        "Diluted EPS": 0.65,
        "Total Revenue": 572,
        "Gross Profit": 92,
        "Operating Income": 45,
        "EBIT": 75,
        "Net Income": 31
    },
    "2018-06-30": {
        "Diluted EPS": 0.88,
        "Total Revenue": 618,
        "Gross Profit": 115,
        "Operating Income": 60,
        "EBIT": 89,
        "Net Income": 42
    },
    "2018-03-31": {
        "Diluted EPS": 0.63,
        "Total Revenue": 572,
        "Gross Profit": 96,
        "Operating Income": 46,
        "EBIT": 75,
        "Net Income": 30
    },
    "2017-12-31": {
        "Diluted EPS": 1.92,
        "Total Revenue": 488,
        "Gross Profit": 86,
        "Operating Income": 41,
        "EBIT": 71,
        "Net Income": 91
    },
    "2017-09-30": {
        "Diluted EPS": 0.49,
        "Total Revenue": 480,
        "Gross Profit": 86,
        "Operating Income": 42,
        "EBIT": 71,
        "Net Income": 23
    },
    "2017-06-30": {
        "Diluted EPS": 0.53,
        "Total Revenue": 508,
        "Gross Profit": 109,
        "Operating Income": 69,
        "EBIT": 98,
        "Net Income": 25
    },
    "2017-03-31": {
        "Diluted EPS": 0.44,
        "Total Revenue": 474,
        "Gross Profit": 83,
        "Operating Income": 36,
        "EBIT": 66,
        "Net Income": 21
    },
    "2016-12-31": {
        "Diluted EPS": 0.15,
        "Total Revenue": 427,
        "Gross Profit": 63,
        "Operating Income": 15,
        "EBIT": 45,
        "Net Income": 7
    },
    "2016-09-30": {
        "Diluted EPS": -0.13,
        "Total Revenue": 389,
        "Gross Profit": 46,
        "Operating Income": 1,
        "EBIT": 30,
        "Net Income": -6
    },
    "2016-06-30": {
        "Diluted EPS": 0.33,
        "Total Revenue": 458,
        "Gross Profit": 74,
        "Operating Income": 29,
        "EBIT": 59,
        "Net Income": 15
    },
    "2016-03-31": {
        "Diluted EPS": -0.51,
        "Total Revenue": 456,
        "Gross Profit": 48,
        "Operating Income": -24,
        "EBIT": 18,
        "Net Income": -24
    },
    "2015-12-31": {
        "Diluted EPS": 0.23,
        "Total Revenue": 444,
        "Gross Profit": 66,
        "Operating Income": 22,
        "EBIT": 52,
        "Net Income": 12
    },
    "2015-09-30": {
        "Diluted EPS": 0.18,
        "Total Revenue": 456,
        "Gross Profit": 69,
        "Operating Income": 25,
        "EBIT": 55,
        "Net Income": 9
    },
    "2015-06-30": {
        "Diluted EPS": 0.44,
        "Total Revenue": 558,
        "Gross Profit": 88,
        "Operating Income": 40,
        "EBIT": 71,
        "Net Income": 23
    },
    "2015-03-31": {
        "Diluted EPS": -0.03,
        "Total Revenue": 571,
        "Gross Profit": 76,
        "Operating Income": 5,
        "EBIT": 35,
        "Net Income": -1
    },
    "2014-12-31": {
        "Diluted EPS": 0.45,
        "Total Revenue": 548,
        "Gross Profit": 85,
        "Operating Income": 45,
        "EBIT": 75,
        "Net Income": 24
    },
    "2014-09-30": {
        "Diluted EPS": 0.25,
        "Total Revenue": 550,
        "Gross Profit": 69,
        "Operating Income": 22,
        "EBIT": 52,
        "Net Income": 14
    },
    "2014-06-30": {
        "Diluted EPS": 0.7,
        "Total Revenue": 605,
        "Gross Profit": 106,
        "Operating Income": 59,
        "EBIT": 90,
        "Net Income": 38
    },
    "2014-03-31": {
        "Diluted EPS": 0.57,
        "Total Revenue": 566,
        "Gross Profit": 95,
        "Operating Income": 50,
        "EBIT": 77,
        "Net Income": 31
    },
    "2013-12-31": {
        "Diluted EPS": 0.55,
        "Total Revenue": 504,
        "Gross Profit": 95,
        "Operating Income": 48,
        "EBIT": 74,
        "Net Income": 30
    },
    "2013-09-30": {
        "Diluted EPS": 0.65,
        "Total Revenue": 499,
        "Gross Profit": 103,
        "Operating Income": 56,
        "EBIT": 83,
        "Net Income": 35
    },
    "2013-06-30": {
        "Diluted EPS": 0.75,
        "Total Revenue": 612,
        "Gross Profit": 121,
        "Operating Income": 65,
        "EBIT": 92,
        "Net Income": 42
    },
    "2013-03-31": {
        "Diluted EPS": 0.62,
        "Total Revenue": 581,
        "Gross Profit": 101,
        "Operating Income": 53,
        "EBIT": 79,
        "Net Income": 33
    },
    "2012-12-31": {
        "Diluted EPS": 0.62,
        "Total Revenue": 534,
        "Gross Profit": 103,
        "Operating Income": 53,
        "EBIT": 78,
        "Net Income": 33
    },
    "2012-09-30": {
        "Diluted EPS": 0.74,
        "Total Revenue": 545,
        "Gross Profit": 109,
        "Operating Income": 62,
        "EBIT": 87,
        "Net Income": 39
    },
    "2012-06-30": {
        "Diluted EPS": 0.79,
        "Total Revenue": 644,
        "Gross Profit": 121,
        "Operating Income": 67,
        "EBIT": 92,
        "Net Income": 42
    },
    "2012-03-31": {
        "Diluted EPS": 0.69,
        "Total Revenue": 540,
        "Gross Profit": 105,
        "Operating Income": 56,
        "EBIT": 77,
        "Net Income": 33
    },
    "2011-12-31": {
        "Diluted EPS": 0.52,
        "Total Revenue": 431,
        "Gross Profit": 84,
        "Operating Income": 44,
        "EBIT": 63,
        "Net Income": 23
    },
    "2011-09-30": {
        "Diluted EPS": 0.53,
        "Total Revenue": 414,
        "Gross Profit": 81,
        "Operating Income": 44,
        "EBIT": 63,
        "Net Income": 24
    },
    "2011-06-30": {
        "Diluted EPS": 0.57,
        "Total Revenue": 484,
        "Gross Profit": 77,
        "Operating Income": 35,
        "EBIT": 54,
        "Net Income": 25
    },
    "2011-03-31": {
        "Diluted EPS": 0.64,
        "Total Revenue": 464,
        "Gross Profit": 73,
        "Operating Income": 35,
        "EBIT": 53,
        "Net Income": 28
    },
    "2010-12-31": {
        "Diluted EPS": 0.21,
        "Total Revenue": 376,
        "Gross Profit": 49,
        "Operating Income": 12,
        "EBIT": 27,
        "Net Income": 9
    },
    "2010-09-30": {
        "Diluted EPS": 0.17,
        "Total Revenue": 352,
        "Gross Profit": 50,
        "Operating Income": 14,
        "EBIT": 29,
        "Net Income": 8
    },
    "2010-06-30": {
        "Diluted EPS": 0.12,
        "Total Revenue": 364,
        "Gross Profit": 44,
        "Operating Income": 10,
        "EBIT": 25,
        "Net Income": 6
    },
    "2010-03-31": {
        "Diluted EPS": 0.05,
        "Total Revenue": 337,
        "Gross Profit": 46,
        "Operating Income": 13,
        "EBIT": 28,
        "Net Income": 2
    },
    "2009-12-31": {
        "Diluted EPS": 0.08,
        "Total Revenue": 264,
        "Gross Profit": 36,
        "Operating Income": 2,
        "EBIT": 17,
        "Net Income": 3
    },
    "2009-09-30": {
        "Diluted EPS": -0.21,
        "Total Revenue": 234,
        "Gross Profit": 19,
        "Operating Income": -13,
        "EBIT": 1,
        "Net Income": -9
    },
    "2009-06-30": {
        "Diluted EPS": -0.48,
        "Total Revenue": 257,
        "Gross Profit": 8,
        "Operating Income": -23,
        "EBIT": -8,
        "Net Income": -21
    },
    "2009-03-31": {
        "Diluted EPS": 0.3,
        "Total Revenue": 330,
        "Gross Profit": 49,
        "Operating Income": 16,
        "EBIT": 29,
        "Net Income": 13
    },
    "2023-09-30": {
        "Tax Effect Of Unusual Items": NaN,
        "Tax Rate For Calcs": NaN,
        "Normalized EBITDA": NaN,
        "Total Unusual Items": NaN,
        "Total Unusual Items Excluding Goodwill": NaN,
        "Net Income From Continuing Operation Net Minority Interest": NaN,
        "Reconciled Depreciation": NaN,
        "Reconciled Cost Of Revenue": NaN,
        "EBITDA": NaN,
        "EBIT": NaN,
        "Net Interest Income": NaN,
        "Interest Expense": NaN,
        "Interest Income": NaN,
        "Normalized Income": NaN,
        "Net Income From Continuing And Discontinued Operation": NaN,
        "Total Expenses": NaN,
        "Total Operating Income As Reported": NaN,
        "Diluted Average Shares": NaN,
        "Basic Average Shares": NaN,
        "Diluted EPS": NaN,
        "Basic EPS": NaN,
        "Diluted NI Availto Com Stockholders": NaN,
        "Net Income Common Stockholders": NaN,
        "Otherunder Preferred Stock Dividend": NaN,
        "Net Income": NaN,
        "Net Income Including Noncontrolling Interests": NaN,
        "Net Income Continuous Operations": NaN,
        "Tax Provision": NaN,
        "Pretax Income": NaN,
        "Other Income Expense": NaN,
        "Other Non Operating Income Expenses": -3500000.0,
        "Special Income Charges": NaN,
        "Other Special Charges": NaN,
        "Impairment Of Capital Assets": NaN,
        "Restructuring And Mergern Acquisition": NaN,
        "Gain On Sale Of Security": NaN,
        "Net Non Operating Interest Income Expense": NaN,
        "Interest Expense Non Operating": NaN,
        "Interest Income Non Operating": NaN,
        "Operating Income": NaN,
        "Operating Expense": NaN,
        "Selling General And Administration": NaN,
        "Gross Profit": NaN,
        "Cost Of Revenue": NaN,
        "Total Revenue": NaN,
        "Operating Revenue": NaN
    },
    "2023-12-31": {
        "Tax Effect Of Unusual Items": NaN,
        "Tax Rate For Calcs": NaN,
        "Normalized EBITDA": NaN,
        "Total Unusual Items": NaN,
        "Total Unusual Items Excluding Goodwill": NaN,
        "Net Income From Continuing Operation Net Minority Interest": NaN,
        "Reconciled Depreciation": NaN,
        "Reconciled Cost Of Revenue": NaN,
        "EBITDA": NaN,
        "EBIT": NaN,
        "Net Interest Income": NaN,
        "Interest Expense": NaN,
        "Interest Income": NaN,
        "Normalized Income": NaN,
        "Net Income From Continuing And Discontinued Operation": NaN,
        "Total Expenses": NaN,
        "Total Operating Income As Reported": NaN,
        "Diluted Average Shares": NaN,
        "Basic Average Shares": NaN,
        "Diluted EPS": NaN,
        "Basic EPS": NaN,
        "Diluted NI Availto Com Stockholders": NaN,
        "Net Income Common Stockholders": NaN,
        "Otherunder Preferred Stock Dividend": NaN,
        "Net Income": NaN,
        "Net Income Including Noncontrolling Interests": NaN,
        "Net Income Continuous Operations": NaN,
        "Tax Provision": NaN,
        "Pretax Income": NaN,
        "Other Income Expense": NaN,
        "Special Income Charges": NaN,
        "Other Special Charges": NaN,
        "Impairment Of Capital Assets": NaN,
        "Restructuring And Mergern Acquisition": 0.0,
        "Gain On Sale Of Security": NaN,
        "Net Non Operating Interest Income Expense": NaN,
        "Interest Expense Non Operating": NaN,
        "Interest Income Non Operating": NaN,
        "Operating Income": NaN,
        "Operating Expense": NaN,
        "Selling General And Administration": NaN,
        "Gross Profit": NaN,
        "Cost Of Revenue": NaN,
        "Total Revenue": NaN,
        "Operating Revenue": NaN
    },
    "2024-03-31": {
        "Tax Effect Of Unusual Items": NaN,
        "Tax Rate For Calcs": NaN,
        "Normalized EBITDA": NaN,
        "Total Unusual Items": NaN,
        "Total Unusual Items Excluding Goodwill": NaN,
        "Net Income From Continuing Operation Net Minority Interest": NaN,
        "Reconciled Depreciation": NaN,
        "Reconciled Cost Of Revenue": NaN,
        "EBITDA": NaN,
        "EBIT": NaN,
        "Net Interest Income": NaN,
        "Interest Expense": NaN,
        "Interest Income": NaN,
        "Normalized Income": NaN,
        "Net Income From Continuing And Discontinued Operation": NaN,
        "Total Expenses": NaN,
        "Total Operating Income As Reported": NaN,
        "Diluted Average Shares": NaN,
        "Basic Average Shares": NaN,
        "Diluted EPS": NaN,
        "Basic EPS": NaN,
        "Diluted NI Availto Com Stockholders": NaN,
        "Net Income Common Stockholders": NaN,
        "Otherunder Preferred Stock Dividend": NaN,
        "Net Income": NaN,
        "Net Income Including Noncontrolling Interests": NaN,
        "Net Income Continuous Operations": NaN,
        "Tax Provision": NaN,
        "Pretax Income": NaN,
        "Other Income Expense": NaN,
        "Other Non Operating Income Expenses": NaN,
        "Special Income Charges": NaN,
        "Other Special Charges": 51900000.0,
        "Impairment Of Capital Assets": 14100000.0,
        "Restructuring And Mergern Acquisition": NaN,
        "Gain On Sale Of Security": NaN,
        "Net Non Operating Interest Income Expense": NaN,
        "Interest Expense Non Operating": NaN,
        "Interest Income Non Operating": NaN,
        "Operating Income": NaN,
        "Operating Expense": NaN,
        "Selling General And Administration": NaN,
        "Gross Profit": NaN,
        "Cost Of Revenue": NaN,
        "Total Revenue": NaN,
        "Operating Revenue": NaN
    },
    "2024-06-30": {
        "Tax Effect Of Unusual Items": NaN,
        "Tax Rate For Calcs": NaN,
        "Normalized EBITDA": NaN,
        "Total Unusual Items": NaN,
        "Total Unusual Items Excluding Goodwill": NaN,
        "Net Income From Continuing Operation Net Minority Interest": NaN,
        "Reconciled Depreciation": NaN,
        "Reconciled Cost Of Revenue": NaN,
        "EBITDA": NaN,
        "EBIT": NaN,
        "Net Interest Income": NaN,
        "Interest Expense": NaN,
        "Interest Income": NaN,
        "Normalized Income": NaN,
        "Net Income From Continuing And Discontinued Operation": NaN,
        "Total Expenses": NaN,
        "Total Operating Income As Reported": NaN,
        "Diluted Average Shares": NaN,
        "Basic Average Shares": NaN,
        "Diluted EPS": NaN,
        "Basic EPS": NaN,
        "Diluted NI Availto Com Stockholders": NaN,
        "Net Income Common Stockholders": NaN,
        "Otherunder Preferred Stock Dividend": NaN,
        "Net Income": NaN,
        "Net Income Including Noncontrolling Interests": NaN,
        "Net Income Continuous Operations": NaN,
        "Tax Provision": NaN,
        "Pretax Income": NaN,
        "Other Income Expense": NaN,
        "Other Non Operating Income Expenses": NaN,
        "Special Income Charges": NaN,
        "Other Special Charges": 0.0,
        "Impairment Of Capital Assets": 0.0,
        "Restructuring And Mergern Acquisition": NaN,
        "Gain On Sale Of Security": NaN,
        "Net Non Operating Interest Income Expense": NaN,
        "Interest Expense Non Operating": NaN,
        "Interest Income Non Operating": NaN,
        "Operating Income": NaN,
        "Operating Expense": NaN,
        "Selling General And Administration": NaN,
        "Gross Profit": NaN,
        "Cost Of Revenue": NaN,
        "Total Revenue": NaN,
        "Operating Revenue": NaN
    },
    "2024-09-30": {
        "Tax Effect Of Unusual Items": -338100.0,
        "Tax Rate For Calcs": 0.161,
        "Normalized EBITDA": 153300000.0,
        "Total Unusual Items": -2100000.0,
        "Total Unusual Items Excluding Goodwill": -2100000.0,
        "Net Income From Continuing Operation Net Minority Interest": 84800000.0,
        "Reconciled Depreciation": 33800000.0,
        "Reconciled Cost Of Revenue": 541300000.0,
        "EBITDA": 151200000.0,
        "EBIT": 117400000.0,
        "Net Interest Income": -14000000.0,
        "Interest Expense": 16300000.0,
        "Interest Income": 2300000.0,
        "Normalized Income": 86561900.0,
        "Net Income From Continuing And Discontinued Operation": 84800000.0,
        "Total Expenses": 600400000.0,
        "Total Operating Income As Reported": 113600000.0,
        "Diluted Average Shares": 50700000.0,
        "Basic Average Shares": 50100000.0,
        "Diluted EPS": 1.67,
        "Basic EPS": 1.69,
        "Diluted NI Availto Com Stockholders": 84700000.0,
        "Net Income Common Stockholders": 84700000.0,
        "Otherunder Preferred Stock Dividend": 100000.0,
        "Net Income": 84800000.0,
        "Net Income Including Noncontrolling Interests": 84800000.0,
        "Net Income Continuous Operations": 84800000.0,
        "Tax Provision": 16300000.0,
        "Pretax Income": 101100000.0,
        "Other Income Expense": -2100000.0,
        "Other Non Operating Income Expenses": NaN,
        "Special Income Charges": -3600000.0,
        "Other Special Charges": NaN,
        "Impairment Of Capital Assets": NaN,
        "Restructuring And Mergern Acquisition": 3600000.0,
        "Gain On Sale Of Security": 1500000.0,
        "Net Non Operating Interest Income Expense": -14000000.0,
        "Interest Expense Non Operating": 16300000.0,
        "Interest Income Non Operating": 2300000.0,
        "Operating Income": 117200000.0,
        "Operating Expense": 59100000.0,
        "Selling General And Administration": 59100000.0,
        "Gross Profit": 176300000.0,
        "Cost Of Revenue": 541300000.0,
        "Total Revenue": 717600000.0,
        "Operating Revenue": 717600000.0
    },
    "2024-12-31": {
        "Tax Effect Of Unusual Items": 140000.0,
        "Tax Rate For Calcs": 0.2,
        "Normalized EBITDA": 154800000.0,
        "Total Unusual Items": 700000.0,
        "Total Unusual Items Excluding Goodwill": 700000.0,
        "Net Income From Continuing Operation Net Minority Interest": 84100000.0,
        "Reconciled Depreciation": 34300000.0,
        "Reconciled Cost Of Revenue": 499400000.0,
        "EBITDA": 155500000.0,
        "EBIT": 121200000.0,
        "Net Interest Income": -14500000.0,
        "Interest Expense": 16100000.0,
        "Interest Income": 1600000.0,
        "Normalized Income": 83540000.0,
        "Net Income From Continuing And Discontinued Operation": 84100000.0,
        "Total Expenses": 558000000.0,
        "Total Operating Income As Reported": 118900000.0,
        "Diluted Average Shares": 50700000.0,
        "Basic Average Shares": 50200000.0,
        "Diluted EPS": 1.66,
        "Basic EPS": 1.68,
        "Diluted NI Availto Com Stockholders": 84000000.0,
        "Net Income Common Stockholders": 84000000.0,
        "Otherunder Preferred Stock Dividend": 100000.0,
        "Net Income": 84100000.0,
        "Net Income Including Noncontrolling Interests": 84100000.0,
        "Net Income Continuous Operations": 84100000.0,
        "Tax Provision": 21000000.0,
        "Pretax Income": 105100000.0,
        "Other Income Expense": 700000.0,
        "Other Non Operating Income Expenses": NaN,
        "Special Income Charges": 0.0,
        "Other Special Charges": NaN,
        "Impairment Of Capital Assets": NaN,
        "Restructuring And Mergern Acquisition": 0.0,
        "Gain On Sale Of Security": 700000.0,
        "Net Non Operating Interest Income Expense": -14500000.0,
        "Interest Expense Non Operating": 16100000.0,
        "Interest Income Non Operating": 1600000.0,
        "Operating Income": 118900000.0,
        "Operating Expense": 58600000.0,
        "Selling General And Administration": 58600000.0,
        "Gross Profit": 177500000.0,
        "Cost Of Revenue": 499400000.0,
        "Total Revenue": 676900000.0,
        "Operating Revenue": 676900000.0
    },
    "2025-03-31": {
        "Tax Effect Of Unusual Items": -327000.0,
        "Tax Rate For Calcs": 0.218,
        "Normalized EBITDA": 174900000.0,
        "Total Unusual Items": -1500000.0,
        "Total Unusual Items Excluding Goodwill": -1500000.0,
        "Net Income From Continuing Operation Net Minority Interest": 95400000.0,
        "Reconciled Depreciation": 35500000.0,
        "Reconciled Cost Of Revenue": 526200000.0,
        "EBITDA": 173400000.0,
        "EBIT": 137900000.0,
        "Net Interest Income": -14300000.0,
        "Interest Expense": 15900000.0,
        "Interest Income": 1600000.0,
        "Normalized Income": 96573000.0,
        "Net Income From Continuing And Discontinued Operation": 95400000.0,
        "Total Expenses": 589200000.0,
        "Total Operating Income As Reported": 137800000.0,
        "Diluted Average Shares": 50700000.0,
        "Basic Average Shares": 50200000.0,
        "Diluted EPS": 1.88,
        "Basic EPS": 1.9,
        "Diluted NI Availto Com Stockholders": 95400000.0,
        "Net Income Common Stockholders": 95400000.0,
        "Otherunder Preferred Stock Dividend": 0.0,
        "Net Income": 95400000.0,
        "Net Income Including Noncontrolling Interests": 95400000.0,
        "Net Income Continuous Operations": 95400000.0,
        "Tax Provision": 26600000.0,
        "Pretax Income": 122000000.0,
        "Other Income Expense": -1500000.0,
        "Other Non Operating Income Expenses": NaN,
        "Special Income Charges": 0.0,
        "Other Special Charges": NaN,
        "Impairment Of Capital Assets": 0.0,
        "Restructuring And Mergern Acquisition": 0.0,
        "Gain On Sale Of Security": -1500000.0,
        "Net Non Operating Interest Income Expense": -14300000.0,
        "Interest Expense Non Operating": 15900000.0,
        "Interest Income Non Operating": 1600000.0,
        "Operating Income": 137800000.0,
        "Operating Expense": 63000000.0,
        "Selling General And Administration": 63000000.0,
        "Gross Profit": 200800000.0,
        "Cost Of Revenue": 526200000.0,
        "Total Revenue": 727000000.0,
        "Operating Revenue": 727000000.0
    },
    "2025-06-30": {
        "Tax Effect Of Unusual Items": 354565.061107,
        "Tax Rate For Calcs": 0.196981,
        "Normalized EBITDA": 188600000.0,
        "Total Unusual Items": 1800000.0,
        "Total Unusual Items Excluding Goodwill": 1800000.0,
        "Net Income From Continuing Operation Net Minority Interest": 111700000.0,
        "Reconciled Depreciation": 35600000.0,
        "Reconciled Cost Of Revenue": 541600000.0,
        "EBITDA": 190400000.0,
        "EBIT": 154800000.0,
        "Net Interest Income": -13700000.0,
        "Interest Expense": 15700000.0,
        "Interest Income": 2000000.0,
        "Normalized Income": 110254565.061107,
        "Net Income From Continuing And Discontinued Operation": 111700000.0,
        "Total Expenses": 604200000.0,
        "Total Operating Income As Reported": 151400000.0,
        "Diluted Average Shares": 50600000.0,
        "Basic Average Shares": 50100000.0,
        "Diluted EPS": 2.21,
        "Basic EPS": 2.23,
        "Diluted NI Availto Com Stockholders": 111600000.0,
        "Net Income Common Stockholders": 111600000.0,
        "Otherunder Preferred Stock Dividend": 100000.0,
        "Net Income": 111700000.0,
        "Net Income Including Noncontrolling Interests": 111700000.0,
        "Net Income Continuous Operations": 111700000.0,
        "Tax Provision": 27400000.0,
        "Pretax Income": 139100000.0,
        "Other Income Expense": 2400000.0,
        "Other Non Operating Income Expenses": 600000.0,
        "Special Income Charges": 0.0,
        "Other Special Charges": NaN,
        "Impairment Of Capital Assets": 0.0,
        "Restructuring And Mergern Acquisition": 0.0,
        "Gain On Sale Of Security": 1800000.0,
        "Net Non Operating Interest Income Expense": -13700000.0,
        "Interest Expense Non Operating": 15700000.0,
        "Interest Income Non Operating": 2000000.0,
        "Operating Income": 151400000.0,
        "Operating Expense": 62600000.0,
        "Selling General And Administration": 62600000.0,
        "Gross Profit": 214000000.0,
        "Cost Of Revenue": 541600000.0,
        "Total Revenue": 755600000.0,
        "Operating Revenue": 755600000.0
    },
    "2025-09-30": {
        "Tax Effect Of Unusual Items": 338800.0,
        "Tax Rate For Calcs": 0.154,
        "Normalized EBITDA": 191500000.0,
        "Total Unusual Items": 2200000.0,
        "Total Unusual Items Excluding Goodwill": 2200000.0,
        "Net Income From Continuing Operation Net Minority Interest": 122500000.0,
        "Reconciled Depreciation": 36000000.0,
        "Reconciled Cost Of Revenue": 517300000.0,
        "EBITDA": 193700000.0,
        "EBIT": 157700000.0,
        "Net Interest Income": -10700000.0,
        "Interest Expense": 12900000.0,
        "Interest Income": 2200000.0,
        "Normalized Income": 120638800.0,
        "Net Income From Continuing And Discontinued Operation": 122500000.0,
        "Total Expenses": 580400000.0,
        "Total Operating Income As Reported": 153300000.0,
        "Diluted Average Shares": 50400000.0,
        "Basic Average Shares": 50100000.0,
        "Diluted EPS": 2.43,
        "Basic EPS": 2.45,
        "Diluted NI Availto Com Stockholders": 122500000.0,
        "Net Income Common Stockholders": 122500000.0,
        "Otherunder Preferred Stock Dividend": 0.0,
        "Net Income": 122500000.0,
        "Net Income Including Noncontrolling Interests": 122500000.0,
        "Net Income Continuous Operations": 122500000.0,
        "Tax Provision": 22300000.0,
        "Pretax Income": 144800000.0,
        "Other Income Expense": 2200000.0,
        "Other Non Operating Income Expenses": NaN,
        "Special Income Charges": 0.0,
        "Other Special Charges": NaN,
        "Impairment Of Capital Assets": NaN,
        "Restructuring And Mergern Acquisition": 0.0,
        "Gain On Sale Of Security": 2200000.0,
        "Net Non Operating Interest Income Expense": -10700000.0,
        "Interest Expense Non Operating": 12900000.0,
        "Interest Income Non Operating": 2200000.0,
        "Operating Income": 153300000.0,
        "Operating Expense": 63100000.0,
        "Selling General And Administration": 63100000.0,
        "Gross Profit": 216400000.0,
        "Cost Of Revenue": 517300000.0,
        "Total Revenue": 733700000.0,
        "Operating Revenue": 733700000.0
    }
}