{
    "2023-03-31": {
        "Tax Effect Of Unusual Items": 0.0,
        "Tax Rate For Calcs": 0.279,
        "Normalized EBITDA": 14653000.0,
        "Net Income From Continuing Operation Net Minority Interest": -2012000.0,
        "Reconciled Depreciation": 12638000.0,
        "Reconciled Cost Of Revenue": 268560000.0,
        "EBITDA": 14653000.0,
        "EBIT": 2015000.0,
        "Net Interest Income": -2828000.0,
        "Interest Expense": 4302000.0,
        "Interest Income": 1474000.0,
        "Normalized Income": -2012000.0,
        "Net Income From Continuing And Discontinued Operation": -2012000.0,
        "Total Expenses": 352927000.0,
        "Total Operating Income As Reported": 1037000.0,
        "Diluted Average Shares": 101685000.0,
        "Basic Average Shares": 101685000.0,
        "Diluted EPS": -0.01,
        "Basic EPS": -0.01,
        "Diluted NI Availto Com Stockholders": -1054000.0,
        "Net Income Common Stockholders": -1054000.0,
        "Otherunder Preferred Stock Dividend": -958000.0,
        "Net Income": -2012000.0,
        "Minority Interests": -364000.0,
        "Net Income Including Noncontrolling Interests": -1648000.0,
        "Net Income Continuous Operations": -1648000.0,
        "Tax Provision": -639000.0,
        "Pretax Income": -2287000.0,
        "Other Income Expense": -496000.0,
        "Other Non Operating Income Expenses": -496000.0,
        "Net Non Operating Interest Income Expense": -2828000.0,
        "Interest Expense Non Operating": 4302000.0,
        "Interest Income Non Operating": 1474000.0,
        "Operating Income": 1037000.0,
        "Operating Expense": 84367000.0,
        "Research And Development": 16838000.0,
        "Selling General And Administration": 67529000.0,
        "Gross Profit": 85404000.0,
        "Cost Of Revenue": 268560000.0,
        "Total Revenue": 353964000.0,
        "Operating Revenue": 353964000.0
    },
    "2022-12-31": {
        "Tax Effect Of Unusual Items": 0.0,
        "Tax Rate For Calcs": 0.168458,
        "Normalized EBITDA": 24335000.0,
        "Net Income From Continuing Operation Net Minority Interest": 6709000.0,
        "Reconciled Depreciation": 11904000.0,
        "Reconciled Cost Of Revenue": 300873000.0,
        "EBITDA": 24335000.0,
        "EBIT": 12431000.0,
        "Net Interest Income": -3497000.0,
        "Interest Expense": 3871000.0,
        "Interest Income": NaN,
        "Normalized Income": 6709000.0,
        "Net Income From Continuing And Discontinued Operation": 6709000.0,
        "Total Expenses": 385090000.0,
        "Total Operating Income As Reported": 13640000.0,
        "Diluted Average Shares": 102340000.0,
        "Basic Average Shares": 98485000.0,
        "Diluted EPS": 0.12,
        "Basic EPS": 0.13,
        "Diluted NI Availto Com Stockholders": 6709000.0,
        "Net Income Common Stockholders": 6709000.0,
        "Otherunder Preferred Stock Dividend": NaN,
        "Net Income": 6709000.0,
        "Minority Interests": -409000.0,
        "Net Income Including Noncontrolling Interests": 7118000.0,
        "Net Income Continuous Operations": 7118000.0,
        "Tax Provision": 1442000.0,
        "Pretax Income": 8560000.0,
        "Other Income Expense": -1583000.0,
        "Other Non Operating Income Expenses": -1583000.0,
        "Net Non Operating Interest Income Expense": -3497000.0,
        "Interest Expense Non Operating": 3871000.0,
        "Interest Income Non Operating": NaN,
        "Operating Income": 13640000.0,
        "Operating Expense": 84217000.0,
        "Research And Development": 15741000.0,
        "Selling General And Administration": 68476000.0,
        "Gross Profit": 97857000.0,
        "Cost Of Revenue": 300873000.0,
        "Total Revenue": 398730000.0,
        "Operating Revenue": 398730000.0
    },
    "2022-09-30": {
        "Tax Effect Of Unusual Items": 0.0,
        "Tax Rate For Calcs": 0.21,
        "Normalized EBITDA": 3572000.0,
        "Net Income From Continuing Operation Net Minority Interest": -6211000.0,
        "Reconciled Depreciation": 12898000.0,
        "Reconciled Cost Of Revenue": 240209000.0,
        "EBITDA": 3572000.0,
        "EBIT": -9326000.0,
        "Net Interest Income": -2734000.0,
        "Interest Expense": 2734000.0,
        "Interest Income": NaN,
        "Normalized Income": -6211000.0,
        "Net Income From Continuing And Discontinued Operation": -6211000.0,
        "Total Expenses": 322757000.0,
        "Total Operating Income As Reported": -10988000.0,
        "Diluted Average Shares": 95858000.0,
        "Basic Average Shares": 95858000.0,
        "Diluted EPS": -0.09,
        "Basic EPS": -0.09,
        "Diluted NI Availto Com Stockholders": -6211000.0,
        "Net Income Common Stockholders": -6211000.0,
        "Otherunder Preferred Stock Dividend": NaN,
        "Net Income": -6211000.0,
        "Minority Interests": -266000.0,
        "Net Income Including Noncontrolling Interests": -5945000.0,
        "Net Income Continuous Operations": -5945000.0,
        "Tax Provision": -6115000.0,
        "Pretax Income": -12060000.0,
        "Other Income Expense": 1662000.0,
        "Other Non Operating Income Expenses": 1662000.0,
        "Net Non Operating Interest Income Expense": -2734000.0,
        "Interest Expense Non Operating": 2734000.0,
        "Interest Income Non Operating": NaN,
        "Operating Income": -10988000.0,
        "Operating Expense": 82548000.0,
        "Research And Development": 15616000.0,
        "Selling General And Administration": 66932000.0,
        "Gross Profit": 71560000.0,
        "Cost Of Revenue": 240209000.0,
        "Total Revenue": 311769000.0,
        "Operating Revenue": 311769000.0
    },
    "2022-06-30": {
        "Tax Effect Of Unusual Items": 0.0,
        "Tax Rate For Calcs": 0.074,
        "Normalized EBITDA": -38348000.0,
        "Total Unusual Items": 0.0,
        "Total Unusual Items Excluding Goodwill": 0.0,
        "Net Income From Continuing Operation Net Minority Interest": -52013000.0,
        "Reconciled Depreciation": 15979000.0,
        "Reconciled Cost Of Revenue": 247449000.0,
        "EBITDA": -38348000.0,
        "EBIT": -54327000.0,
        "Net Interest Income": -1676000.0,
        "Interest Expense": 1676000.0,
        "Interest Income": NaN,
        "Normalized Income": -52013000.0,
        "Net Income From Continuing And Discontinued Operation": -52013000.0,
        "Total Expenses": 338868000.0,
        "Total Operating Income As Reported": -54960000.0,
        "Diluted Average Shares": 95467000.0,
        "Basic Average Shares": 95467000.0,
        "Diluted EPS": -0.62,
        "Basic EPS": -0.62,
        "Diluted NI Availto Com Stockholders": -52013000.0,
        "Net Income Common Stockholders": -52013000.0,
        "Otherunder Preferred Stock Dividend": NaN,
        "Net Income": -52013000.0,
        "Minority Interests": -174000.0,
        "Net Income Including Noncontrolling Interests": -51839000.0,
        "Net Income Continuous Operations": -51839000.0,
        "Tax Provision": -4164000.0,
        "Pretax Income": -56003000.0,
        "Other Income Expense": 633000.0,
        "Other Non Operating Income Expenses": 633000.0,
        "Special Income Charges": 0.0,
        "Net Non Operating Interest Income Expense": -1676000.0,
        "Interest Expense Non Operating": 1676000.0,
        "Interest Income Non Operating": NaN,
        "Operating Income": -54960000.0,
        "Operating Expense": 91419000.0,
        "Research And Development": 18026000.0,
        "Selling General And Administration": 73393000.0,
        "Gross Profit": 36459000.0,
        "Cost Of Revenue": 247449000.0,
        "Total Revenue": 283908000.0,
        "Operating Revenue": 283908000.0
    },
    "2022-03-31": {
        "Diluted EPS": -0.05,
        "Total Revenue": 381,
        "Gross Profit": 91,
        "Operating Income": -2,
        "EBIT": 10,
        "Net Income": -3
    },
    "2021-12-31": {
        "Diluted EPS": 0.24,
        "Total Revenue": 511,
        "Gross Profit": 122,
        "Operating Income": 25,
        "EBIT": 37,
        "Net Income": 25
    },
    "2021-09-30": {
        "Diluted EPS": 0.02,
        "Total Revenue": 391,
        "Gross Profit": 101,
        "Operating Income": 11,
        "EBIT": 22,
        "Net Income": 2
    },
    "2021-06-30": {
        "Diluted EPS": 0.28,
        "Total Revenue": 473,
        "Gross Profit": 130,
        "Operating Income": 35,
        "EBIT": 46,
        "Net Income": 28
    },
    "2021-03-31": {
        "Diluted EPS": 0.47,
        "Total Revenue": 529,
        "Gross Profit": 160,
        "Operating Income": 67,
        "EBIT": 79,
        "Net Income": 47
    },
    "2020-12-31": {
        "Diluted EPS": 0.47,
        "Total Revenue": 556,
        "Gross Profit": 154,
        "Operating Income": 59,
        "EBIT": 71,
        "Net Income": 43
    },
    "2020-09-30": {
        "Diluted EPS": 0.4,
        "Total Revenue": 457,
        "Gross Profit": 128,
        "Operating Income": 50,
        "EBIT": 61,
        "Net Income": 36
    },
    "2020-06-30": {
        "Diluted EPS": 0.26,
        "Total Revenue": 380,
        "Gross Profit": 105,
        "Operating Income": 36,
        "EBIT": 48,
        "Net Income": 23
    },
    "2020-03-31": {
        "Diluted EPS": 0.01,
        "Total Revenue": 309,
        "Gross Profit": 79,
        "Operating Income": 13,
        "EBIT": 25,
        "Net Income": 1
    },
    "2019-12-31": {
        "Diluted EPS": 0.0,
        "Total Revenue": NaN,
        "Gross Profit": NaN,
        "Operating Income": NaN,
        "EBIT": NaN,
        "Net Income": NaN
    },
    "2019-09-30": {
        "Diluted EPS": 0.02,
        "Total Revenue": 284,
        "Gross Profit": 60,
        "Operating Income": 11,
        "EBIT": 11,
        "Net Income": 2
    },
    "2018-12-31": {
        "Diluted EPS": 0.0,
        "Total Revenue": NaN,
        "Gross Profit": NaN,
        "Operating Income": NaN,
        "EBIT": NaN,
        "Net Income": NaN
    },
    "2023-06-30": {
        "Tax Effect Of Unusual Items": 0.0,
        "Tax Rate For Calcs": 0.359,
        "Normalized EBITDA": 10923000.0,
        "Net Income From Continuing Operation Net Minority Interest": -4480000.0,
        "Reconciled Depreciation": 12793000.0,
        "Reconciled Cost Of Revenue": 242600000.0,
        "EBITDA": 10923000.0,
        "EBIT": -1870000.0,
        "Net Interest Income": -2518000.0,
        "Interest Expense": 4496000.0,
        "Interest Income": 1978000.0,
        "Normalized Income": -4480000.0,
        "Net Income From Continuing And Discontinued Operation": -4480000.0,
        "Total Expenses": 328146000.0,
        "Total Operating Income As Reported": -2714000.0,
        "Diluted Average Shares": NaN,
        "Basic Average Shares": NaN,
        "Diluted EPS": NaN,
        "Basic EPS": NaN,
        "Diluted NI Availto Com Stockholders": 1097000.0,
        "Net Income Common Stockholders": 1097000.0,
        "Otherunder Preferred Stock Dividend": -5577000.0,
        "Net Income": -4480000.0,
        "Minority Interests": -401000.0,
        "Net Income Including Noncontrolling Interests": -4079000.0,
        "Net Income Continuous Operations": -4079000.0,
        "Tax Provision": -2287000.0,
        "Pretax Income": -6366000.0,
        "Other Income Expense": -1134000.0,
        "Other Non Operating Income Expenses": -1134000.0,
        "Net Non Operating Interest Income Expense": -2518000.0,
        "Interest Expense Non Operating": 4496000.0,
        "Interest Income Non Operating": 1978000.0,
        "Operating Income": -2714000.0,
        "Operating Expense": 85546000.0,
        "Research And Development": 15593000.0,
        "Selling General And Administration": 69953000.0,
        "Gross Profit": 82832000.0,
        "Cost Of Revenue": 242600000.0,
        "Total Revenue": 325432000.0,
        "Operating Revenue": 325432000.0
    },
    "2023-09-30": {
        "Tax Effect Of Unusual Items": NaN,
        "Tax Rate For Calcs": NaN,
        "Normalized EBITDA": NaN,
        "Net Income From Continuing Operation Net Minority Interest": NaN,
        "Reconciled Depreciation": NaN,
        "Reconciled Cost Of Revenue": NaN,
        "EBITDA": NaN,
        "EBIT": NaN,
        "Net Interest Income": NaN,
        "Interest Expense": NaN,
        "Interest Income": NaN,
        "Normalized Income": NaN,
        "Net Income From Continuing And Discontinued Operation": NaN,
        "Total Expenses": NaN,
        "Total Operating Income As Reported": NaN,
        "Diluted Average Shares": 102863000.0,
        "Basic Average Shares": 102863000.0,
        "Diluted EPS": -0.03,
        "Basic EPS": -0.03,
        "Diluted NI Availto Com Stockholders": NaN,
        "Net Income Common Stockholders": NaN,
        "Otherunder Preferred Stock Dividend": NaN,
        "Net Income": NaN,
        "Minority Interests": NaN,
        "Net Income Including Noncontrolling Interests": NaN,
        "Net Income Continuous Operations": NaN,
        "Tax Provision": NaN,
        "Pretax Income": NaN,
        "Other Income Expense": NaN,
        "Other Non Operating Income Expenses": NaN,
        "Net Non Operating Interest Income Expense": NaN,
        "Interest Expense Non Operating": NaN,
        "Interest Income Non Operating": NaN,
        "Operating Income": NaN,
        "Operating Expense": NaN,
        "Research And Development": NaN,
        "Selling General And Administration": NaN,
        "Gross Profit": NaN,
        "Cost Of Revenue": NaN,
        "Total Revenue": NaN,
        "Operating Revenue": NaN
    },
    "2023-12-31": {
        "Tax Effect Of Unusual Items": 0.0,
        "Tax Rate For Calcs": 0.071227,
        "Normalized EBITDA": 25185000.0,
        "Net Income From Continuing Operation Net Minority Interest": 6981000.0,
        "Reconciled Depreciation": 12677000.0,
        "Reconciled Cost Of Revenue": 314612000.0,
        "EBITDA": 25185000.0,
        "EBIT": 12508000.0,
        "Net Interest Income": -2706000.0,
        "Interest Expense": 4351000.0,
        "Interest Income": 1645000.0,
        "Normalized Income": 6981000.0,
        "Net Income From Continuing And Discontinued Operation": 6981000.0,
        "Total Expenses": 405162000.0,
        "Total Operating Income As Reported": 12124000.0,
        "Diluted Average Shares": NaN,
        "Basic Average Shares": NaN,
        "Diluted EPS": NaN,
        "Basic EPS": NaN,
        "Diluted NI Availto Com Stockholders": 6223000.0,
        "Net Income Common Stockholders": 6223000.0,
        "Otherunder Preferred Stock Dividend": 758000.0,
        "Net Income": 6981000.0,
        "Minority Interests": -595000.0,
        "Net Income Including Noncontrolling Interests": 7576000.0,
        "Net Income Continuous Operations": 7576000.0,
        "Tax Provision": 581000.0,
        "Pretax Income": 8157000.0,
        "Other Income Expense": -1261000.0,
        "Other Non Operating Income Expenses": -1261000.0,
        "Net Non Operating Interest Income Expense": -2706000.0,
        "Interest Expense Non Operating": 4351000.0,
        "Interest Income Non Operating": 1645000.0,
        "Operating Income": 12124000.0,
        "Operating Expense": 90550000.0,
        "Research And Development": 16719000.0,
        "Selling General And Administration": 73831000.0,
        "Gross Profit": 102674000.0,
        "Cost Of Revenue": 314612000.0,
        "Total Revenue": 417286000.0,
        "Operating Revenue": 417286000.0
    },
    "2024-03-31": {
        "Tax Effect Of Unusual Items": 0.0,
        "Tax Rate For Calcs": 0.138763,
        "Normalized EBITDA": 3487000.0,
        "Net Income From Continuing Operation Net Minority Interest": -11565000.0,
        "Reconciled Depreciation": 12602000.0,
        "Reconciled Cost Of Revenue": 250618000.0,
        "EBITDA": 3487000.0,
        "EBIT": -9115000.0,
        "Net Interest Income": -2126000.0,
        "Interest Expense": 3691000.0,
        "Interest Income": 1565000.0,
        "Normalized Income": -11565000.0,
        "Net Income From Continuing And Discontinued Operation": -11565000.0,
        "Total Expenses": 347476000.0,
        "Total Operating Income As Reported": -10219000.0,
        "Diluted Average Shares": 103563000.0,
        "Basic Average Shares": 103563000.0,
        "Diluted EPS": -0.12,
        "Basic EPS": -0.12,
        "Diluted NI Availto Com Stockholders": -12540000.0,
        "Net Income Common Stockholders": -12540000.0,
        "Otherunder Preferred Stock Dividend": 975000.0,
        "Net Income": -11565000.0,
        "Minority Interests": -536000.0,
        "Net Income Including Noncontrolling Interests": -11029000.0,
        "Net Income Continuous Operations": -11029000.0,
        "Tax Provision": -1777000.0,
        "Pretax Income": -12806000.0,
        "Other Income Expense": -461000.0,
        "Other Non Operating Income Expenses": -461000.0,
        "Net Non Operating Interest Income Expense": -2126000.0,
        "Interest Expense Non Operating": 3691000.0,
        "Interest Income Non Operating": 1565000.0,
        "Operating Income": -10219000.0,
        "Operating Expense": 96858000.0,
        "Research And Development": 16641000.0,
        "Selling General And Administration": 80217000.0,
        "Gross Profit": 86639000.0,
        "Cost Of Revenue": 250618000.0,
        "Total Revenue": 337257000.0,
        "Operating Revenue": 337257000.0
    },
    "2024-06-30": {
        "Tax Effect Of Unusual Items": NaN,
        "Tax Rate For Calcs": NaN,
        "Normalized EBITDA": NaN,
        "Net Income From Continuing Operation Net Minority Interest": NaN,
        "Reconciled Depreciation": NaN,
        "Reconciled Cost Of Revenue": NaN,
        "EBITDA": NaN,
        "EBIT": NaN,
        "Net Interest Income": NaN,
        "Interest Expense": NaN,
        "Interest Income": NaN,
        "Normalized Income": NaN,
        "Net Income From Continuing And Discontinued Operation": NaN,
        "Total Expenses": NaN,
        "Total Operating Income As Reported": NaN,
        "Diluted Average Shares": 103956000.0,
        "Basic Average Shares": 103956000.0,
        "Diluted EPS": -0.28,
        "Basic EPS": -0.28,
        "Diluted NI Availto Com Stockholders": NaN,
        "Net Income Common Stockholders": NaN,
        "Otherunder Preferred Stock Dividend": NaN,
        "Net Income": NaN,
        "Minority Interests": NaN,
        "Net Income Including Noncontrolling Interests": NaN,
        "Net Income Continuous Operations": NaN,
        "Tax Provision": NaN,
        "Pretax Income": NaN,
        "Other Income Expense": NaN,
        "Other Non Operating Income Expenses": NaN,
        "Net Non Operating Interest Income Expense": NaN,
        "Interest Expense Non Operating": NaN,
        "Interest Income Non Operating": NaN,
        "Operating Income": NaN,
        "Operating Expense": NaN,
        "Research And Development": NaN,
        "Selling General And Administration": NaN,
        "Gross Profit": NaN,
        "Cost Of Revenue": NaN,
        "Total Revenue": NaN,
        "Operating Revenue": NaN
    },
    "2024-09-30": {
        "Tax Effect Of Unusual Items": 0.0,
        "Tax Rate For Calcs": 0.21,
        "Normalized EBITDA": -8677000.0,
        "Net Income From Continuing Operation Net Minority Interest": -51708000.0,
        "Reconciled Depreciation": 12880000.0,
        "Reconciled Cost Of Revenue": 234538000.0,
        "EBITDA": -8677000.0,
        "EBIT": -21557000.0,
        "Net Interest Income": -2714000.0,
        "Interest Expense": 3011000.0,
        "Interest Income": 297000.0,
        "Normalized Income": -51708000.0,
        "Net Income From Continuing And Discontinued Operation": -51708000.0,
        "Total Expenses": 325143000.0,
        "Total Operating Income As Reported": -20944000.0,
        "Diluted Average Shares": 104397000.0,
        "Basic Average Shares": 104397000.0,
        "Diluted EPS": -0.56,
        "Basic EPS": -0.56,
        "Diluted NI Availto Com Stockholders": -58392000.0,
        "Net Income Common Stockholders": -58392000.0,
        "Otherunder Preferred Stock Dividend": 6684000.0,
        "Net Income": -51708000.0,
        "Minority Interests": -122000.0,
        "Net Income Including Noncontrolling Interests": -51586000.0,
        "Net Income Continuous Operations": -51586000.0,
        "Tax Provision": 27018000.0,
        "Pretax Income": -24568000.0,
        "Other Income Expense": -910000.0,
        "Other Non Operating Income Expenses": -910000.0,
        "Net Non Operating Interest Income Expense": -2714000.0,
        "Interest Expense Non Operating": 3011000.0,
        "Interest Income Non Operating": 297000.0,
        "Operating Income": -20944000.0,
        "Operating Expense": 90605000.0,
        "Research And Development": 16533000.0,
        "Selling General And Administration": 74072000.0,
        "Gross Profit": 69661000.0,
        "Cost Of Revenue": 234538000.0,
        "Total Revenue": 304199000.0,
        "Operating Revenue": 304199000.0
    },
    "2024-12-31": {
        "Tax Effect Of Unusual Items": 0.0,
        "Tax Rate For Calcs": 0.153846,
        "Normalized EBITDA": 20114000.0,
        "Net Income From Continuing Operation Net Minority Interest": 2286000.0,
        "Reconciled Depreciation": 13821000.0,
        "Reconciled Cost Of Revenue": 305411000.0,
        "EBITDA": 20114000.0,
        "EBIT": 6293000.0,
        "Net Interest Income": -2742000.0,
        "Interest Expense": 3069000.0,
        "Interest Income": 327000.0,
        "Normalized Income": 2286000.0,
        "Net Income From Continuing And Discontinued Operation": 2286000.0,
        "Total Expenses": 407700000.0,
        "Total Operating Income As Reported": 5923000.0,
        "Diluted Average Shares": 105943000.0,
        "Basic Average Shares": 104731000.0,
        "Diluted EPS": 0.01,
        "Basic EPS": 0.01,
        "Diluted NI Availto Com Stockholders": 1336000.0,
        "Net Income Common Stockholders": 1336000.0,
        "Otherunder Preferred Stock Dividend": 950000.0,
        "Net Income": 2286000.0,
        "Minority Interests": -442000.0,
        "Net Income Including Noncontrolling Interests": 2728000.0,
        "Net Income Continuous Operations": 2728000.0,
        "Tax Provision": 496000.0,
        "Pretax Income": 3224000.0,
        "Other Income Expense": 43000.0,
        "Other Non Operating Income Expenses": 43000.0,
        "Net Non Operating Interest Income Expense": -2742000.0,
        "Interest Expense Non Operating": 3069000.0,
        "Interest Income Non Operating": 327000.0,
        "Operating Income": 5923000.0,
        "Operating Expense": 102289000.0,
        "Research And Development": 16958000.0,
        "Selling General And Administration": 85331000.0,
        "Gross Profit": 108212000.0,
        "Cost Of Revenue": 305411000.0,
        "Total Revenue": 413623000.0,
        "Operating Revenue": 413623000.0
    },
    "2025-03-31": {
        "Tax Effect Of Unusual Items": 0.0,
        "Tax Rate For Calcs": 0.21,
        "Normalized EBITDA": 7575000.0,
        "Net Income From Continuing Operation Net Minority Interest": -10459000.0,
        "Reconciled Depreciation": 13155000.0,
        "Reconciled Cost Of Revenue": 267388000.0,
        "EBITDA": 7575000.0,
        "EBIT": -5580000.0,
        "Net Interest Income": -2046000.0,
        "Interest Expense": 2676000.0,
        "Interest Income": 630000.0,
        "Normalized Income": -10459000.0,
        "Net Income From Continuing And Discontinued Operation": -10459000.0,
        "Total Expenses": 372013000.0,
        "Total Operating Income As Reported": -2263000.0,
        "Diluted Average Shares": 105240000.0,
        "Basic Average Shares": 105240000.0,
        "Diluted EPS": -0.1,
        "Basic EPS": -0.1,
        "Diluted NI Availto Com Stockholders": -10067000.0,
        "Net Income Common Stockholders": -10067000.0,
        "Otherunder Preferred Stock Dividend": -392000.0,
        "Net Income": -10459000.0,
        "Minority Interests": -142000.0,
        "Net Income Including Noncontrolling Interests": -10317000.0,
        "Net Income Continuous Operations": -10317000.0,
        "Tax Provision": 2061000.0,
        "Pretax Income": -8256000.0,
        "Other Income Expense": -3947000.0,
        "Other Non Operating Income Expenses": -3947000.0,
        "Net Non Operating Interest Income Expense": -2046000.0,
        "Interest Expense Non Operating": 2676000.0,
        "Interest Income Non Operating": 630000.0,
        "Operating Income": -2263000.0,
        "Operating Expense": 104625000.0,
        "Research And Development": 17633000.0,
        "Selling General And Administration": 86992000.0,
        "Gross Profit": 102362000.0,
        "Cost Of Revenue": 267388000.0,
        "Total Revenue": 369750000.0,
        "Operating Revenue": 369750000.0
    }
}