{
    "2023-03-31": {
        "Tax Effect Of Unusual Items": 0.0,
        "Tax Rate For Calcs": 0.195813,
        "Normalized EBITDA": 28850000.0,
        "Net Income From Continuing Operation Net Minority Interest": 18169000.0,
        "Reconciled Depreciation": 6257000.0,
        "Reconciled Cost Of Revenue": 143492000.0,
        "EBITDA": 28850000.0,
        "EBIT": 22593000.0,
        "Normalized Income": 18169000.0,
        "Net Income From Continuing And Discontinued Operation": 18169000.0,
        "Total Expenses": 162850000.0,
        "Diluted Average Shares": NaN,
        "Basic Average Shares": NaN,
        "Diluted EPS": NaN,
        "Basic EPS": NaN,
        "Diluted NI Availto Com Stockholders": 18169000.0,
        "Net Income Common Stockholders": 18169000.0,
        "Net Income": 18169000.0,
        "Net Income Including Noncontrolling Interests": 18169000.0,
        "Net Income Continuous Operations": 18169000.0,
        "Tax Provision": 4424000.0,
        "Pretax Income": 22593000.0,
        "Operating Income": 22593000.0,
        "Operating Expense": 19358000.0,
        "Selling General And Administration": 19358000.0,
        "General And Administrative Expense": 19358000.0,
        "Other Gand A": 19358000.0,
        "Gross Profit": 41951000.0,
        "Cost Of Revenue": 143492000.0,
        "Total Revenue": 185443000.0,
        "Operating Revenue": 185443000.0
    },
    "2022-12-31": {
        "Tax Effect Of Unusual Items": NaN,
        "Tax Rate For Calcs": NaN,
        "Normalized EBITDA": NaN,
        "Net Income From Continuing Operation Net Minority Interest": NaN,
        "Reconciled Depreciation": NaN,
        "Reconciled Cost Of Revenue": NaN,
        "EBITDA": NaN,
        "EBIT": NaN,
        "Normalized Income": NaN,
        "Net Income From Continuing And Discontinued Operation": NaN,
        "Total Expenses": NaN,
        "Diluted Average Shares": 17487000.0,
        "Basic Average Shares": 17245000.0,
        "Diluted EPS": 0.96,
        "Basic EPS": 0.98,
        "Diluted NI Availto Com Stockholders": NaN,
        "Net Income Common Stockholders": NaN,
        "Net Income": NaN,
        "Net Income Including Noncontrolling Interests": NaN,
        "Net Income Continuous Operations": NaN,
        "Tax Provision": NaN,
        "Pretax Income": NaN,
        "Operating Income": NaN,
        "Operating Expense": NaN,
        "Selling General And Administration": NaN,
        "General And Administrative Expense": NaN,
        "Other Gand A": NaN,
        "Gross Profit": NaN,
        "Cost Of Revenue": NaN,
        "Total Revenue": NaN,
        "Operating Revenue": NaN
    },
    "2022-09-30": {
        "Tax Effect Of Unusual Items": NaN,
        "Tax Rate For Calcs": NaN,
        "Normalized EBITDA": NaN,
        "Net Income From Continuing Operation Net Minority Interest": NaN,
        "Reconciled Depreciation": NaN,
        "Reconciled Cost Of Revenue": NaN,
        "EBITDA": NaN,
        "EBIT": NaN,
        "Normalized Income": NaN,
        "Net Income From Continuing And Discontinued Operation": NaN,
        "Total Expenses": NaN,
        "Diluted Average Shares": 17650000.0,
        "Basic Average Shares": 17386000.0,
        "Diluted EPS": 0.83,
        "Basic EPS": 0.84,
        "Diluted NI Availto Com Stockholders": NaN,
        "Net Income Common Stockholders": NaN,
        "Net Income": NaN,
        "Net Income Including Noncontrolling Interests": NaN,
        "Net Income Continuous Operations": NaN,
        "Tax Provision": NaN,
        "Pretax Income": NaN,
        "Operating Income": NaN,
        "Operating Expense": NaN,
        "Selling General And Administration": NaN,
        "General And Administrative Expense": NaN,
        "Other Gand A": NaN,
        "Gross Profit": NaN,
        "Cost Of Revenue": NaN,
        "Total Revenue": NaN,
        "Operating Revenue": NaN
    },
    "2022-06-30": {
        "Tax Effect Of Unusual Items": 0.0,
        "Tax Rate For Calcs": 0.212614,
        "Normalized EBITDA": 21198000.0,
        "Net Income From Continuing Operation Net Minority Interest": 16691000.0,
        "Reconciled Depreciation": 6319000.0,
        "Reconciled Cost Of Revenue": 136438000.0,
        "EBITDA": 21198000.0,
        "EBIT": 21198000.0,
        "Normalized Income": 16691000.0,
        "Net Income From Continuing And Discontinued Operation": 16691000.0,
        "Total Expenses": 155109000.0,
        "Total Operating Income As Reported": 21198000.0,
        "Diluted Average Shares": 17803000.0,
        "Basic Average Shares": 17506000.0,
        "Diluted EPS": 0.94,
        "Basic EPS": 0.95,
        "Diluted NI Availto Com Stockholders": 16691000.0,
        "Net Income Common Stockholders": 16691000.0,
        "Net Income": 16691000.0,
        "Net Income Including Noncontrolling Interests": 16691000.0,
        "Net Income Continuous Operations": 16691000.0,
        "Tax Provision": 4507000.0,
        "Pretax Income": 21198000.0,
        "Operating Income": 21198000.0,
        "Operating Expense": 18671000.0,
        "Selling General And Administration": 18671000.0,
        "General And Administrative Expense": 18671000.0,
        "Other Gand A": 18671000.0,
        "Gross Profit": 39869000.0,
        "Cost Of Revenue": 136438000.0,
        "Total Revenue": 176307000.0,
        "Operating Revenue": 176307000.0
    },
    "2023-06-30": {
        "Tax Effect Of Unusual Items": NaN,
        "Tax Rate For Calcs": NaN,
        "Normalized EBITDA": NaN,
        "Net Income From Continuing Operation Net Minority Interest": NaN,
        "Reconciled Depreciation": NaN,
        "Reconciled Cost Of Revenue": NaN,
        "EBITDA": NaN,
        "EBIT": NaN,
        "Normalized Income": NaN,
        "Net Income From Continuing And Discontinued Operation": NaN,
        "Total Expenses": NaN,
        "Diluted Average Shares": 17385000.0,
        "Basic Average Shares": 17144000.0,
        "Diluted EPS": 1.14,
        "Basic EPS": 1.16,
        "Diluted NI Availto Com Stockholders": NaN,
        "Net Income Common Stockholders": NaN,
        "Net Income": NaN,
        "Net Income Including Noncontrolling Interests": NaN,
        "Net Income Continuous Operations": NaN,
        "Tax Provision": NaN,
        "Pretax Income": NaN,
        "Operating Income": NaN,
        "Operating Expense": NaN,
        "Selling General And Administration": NaN,
        "General And Administrative Expense": NaN,
        "Other Gand A": NaN,
        "Gross Profit": NaN,
        "Cost Of Revenue": NaN,
        "Total Revenue": NaN,
        "Operating Revenue": NaN
    },
    "2022-03-31": {
        "Diluted EPS": 1.1,
        "Total Revenue": 171,
        "Gross Profit": 43,
        "Operating Income": 26,
        "EBIT": 32,
        "Net Income": 20
    },
    "2021-12-31": {
        "Diluted EPS": 0.76,
        "Total Revenue": 165,
        "Gross Profit": 35,
        "Operating Income": 18,
        "EBIT": 24,
        "Net Income": 14
    },
    "2021-09-30": {
        "Diluted EPS": 0.88,
        "Total Revenue": 158,
        "Gross Profit": 37,
        "Operating Income": 20,
        "EBIT": 26,
        "Net Income": 16
    },
    "2021-06-30": {
        "Diluted EPS": 0.92,
        "Total Revenue": 153,
        "Gross Profit": 37,
        "Operating Income": 21,
        "EBIT": 26,
        "Net Income": 17
    },
    "2021-03-31": {
        "Diluted EPS": 0.81,
        "Total Revenue": 146,
        "Gross Profit": 36,
        "Operating Income": 19,
        "EBIT": 25,
        "Net Income": 15
    },
    "2020-12-31": {
        "Diluted EPS": 0.63,
        "Total Revenue": 142,
        "Gross Profit": 31,
        "Operating Income": 14,
        "EBIT": 20,
        "Net Income": 11
    },
    "2020-09-30": {
        "Diluted EPS": 0.65,
        "Total Revenue": 136,
        "Gross Profit": 31,
        "Operating Income": 15,
        "EBIT": 21,
        "Net Income": 12
    },
    "2020-06-30": {
        "Diluted EPS": 0.46,
        "Total Revenue": 130,
        "Gross Profit": 27,
        "Operating Income": 11,
        "EBIT": 17,
        "Net Income": 8
    },
    "2020-03-31": {
        "Diluted EPS": 0.65,
        "Total Revenue": 147,
        "Gross Profit": 31,
        "Operating Income": 15,
        "EBIT": 21,
        "Net Income": 12
    },
    "2019-12-31": {
        "Diluted EPS": 0.5,
        "Total Revenue": 148,
        "Gross Profit": 29,
        "Operating Income": 12,
        "EBIT": 18,
        "Net Income": 9
    },
    "2019-09-30": {
        "Diluted EPS": 0.69,
        "Total Revenue": 147,
        "Gross Profit": 33,
        "Operating Income": 16,
        "EBIT": 22,
        "Net Income": 13
    },
    "2019-06-30": {
        "Diluted EPS": 0.71,
        "Total Revenue": 150,
        "Gross Profit": 33,
        "Operating Income": 17,
        "EBIT": 23,
        "Net Income": 13
    },
    "2019-03-31": {
        "Diluted EPS": 0.63,
        "Total Revenue": 151,
        "Gross Profit": 33,
        "Operating Income": 16,
        "EBIT": 22,
        "Net Income": 12
    },
    "2018-12-31": {
        "Diluted EPS": 0.54,
        "Total Revenue": 146,
        "Gross Profit": 29,
        "Operating Income": 14,
        "EBIT": 19,
        "Net Income": 10
    },
    "2018-09-30": {
        "Diluted EPS": 0.67,
        "Total Revenue": 148,
        "Gross Profit": 31,
        "Operating Income": 16,
        "EBIT": 22,
        "Net Income": 13
    },
    "2018-06-30": {
        "Diluted EPS": 0.62,
        "Total Revenue": 150,
        "Gross Profit": 31,
        "Operating Income": 15,
        "EBIT": 21,
        "Net Income": 12
    },
    "2018-03-31": {
        "Diluted EPS": 0.47,
        "Total Revenue": 144,
        "Gross Profit": 27,
        "Operating Income": 12,
        "EBIT": 17,
        "Net Income": 9
    },
    "2017-12-31": {
        "Diluted EPS": 0.5,
        "Total Revenue": 141,
        "Gross Profit": 26,
        "Operating Income": 10,
        "EBIT": 16,
        "Net Income": 10
    },
    "2017-09-30": {
        "Diluted EPS": 0.44,
        "Total Revenue": 136,
        "Gross Profit": 26,
        "Operating Income": 12,
        "EBIT": 17,
        "Net Income": 8
    },
    "2017-06-30": {
        "Diluted EPS": 0.46,
        "Total Revenue": 138,
        "Gross Profit": 29,
        "Operating Income": 14,
        "EBIT": 19,
        "Net Income": 9
    },
    "2017-03-31": {
        "Diluted EPS": 0.42,
        "Total Revenue": 134,
        "Gross Profit": 28,
        "Operating Income": 13,
        "EBIT": 18,
        "Net Income": 8
    },
    "2016-12-31": {
        "Diluted EPS": 0.36,
        "Total Revenue": 128,
        "Gross Profit": 26,
        "Operating Income": 11,
        "EBIT": 17,
        "Net Income": 7
    },
    "2016-09-30": {
        "Diluted EPS": 0.35,
        "Total Revenue": 128,
        "Gross Profit": 26,
        "Operating Income": 11,
        "EBIT": 17,
        "Net Income": 7
    },
    "2016-06-30": {
        "Diluted EPS": 0.38,
        "Total Revenue": 128,
        "Gross Profit": 26,
        "Operating Income": 12,
        "EBIT": 17,
        "Net Income": 7
    },
    "2016-03-31": {
        "Diluted EPS": 0.34,
        "Total Revenue": 128,
        "Gross Profit": 26,
        "Operating Income": 11,
        "EBIT": 16,
        "Net Income": 7
    },
    "2015-12-31": {
        "Diluted EPS": 0.34,
        "Total Revenue": 124,
        "Gross Profit": 25,
        "Operating Income": 11,
        "EBIT": 16,
        "Net Income": 7
    },
    "2015-09-30": {
        "Diluted EPS": 0.41,
        "Total Revenue": 124,
        "Gross Profit": 27,
        "Operating Income": 13,
        "EBIT": 18,
        "Net Income": 8
    },
    "2015-06-30": {
        "Diluted EPS": 0.34,
        "Total Revenue": 127,
        "Gross Profit": 26,
        "Operating Income": 11,
        "EBIT": 16,
        "Net Income": 7
    },
    "2015-03-31": {
        "Diluted EPS": 0.28,
        "Total Revenue": 122,
        "Gross Profit": 23,
        "Operating Income": 9,
        "EBIT": 14,
        "Net Income": 6
    },
    "2014-12-31": {
        "Diluted EPS": 0.33,
        "Total Revenue": 122,
        "Gross Profit": 24,
        "Operating Income": 10,
        "EBIT": 15,
        "Net Income": 7
    },
    "2014-09-30": {
        "Diluted EPS": 0.37,
        "Total Revenue": 124,
        "Gross Profit": 25,
        "Operating Income": 13,
        "EBIT": 17,
        "Net Income": 8
    },
    "2014-06-30": {
        "Diluted EPS": 0.39,
        "Total Revenue": 124,
        "Gross Profit": 28,
        "Operating Income": 13,
        "EBIT": 18,
        "Net Income": 8
    },
    "2014-03-31": {
        "Diluted EPS": 0.39,
        "Total Revenue": 120,
        "Gross Profit": 27,
        "Operating Income": 13,
        "EBIT": 17,
        "Net Income": 8
    },
    "2013-12-31": {
        "Diluted EPS": 0.41,
        "Total Revenue": 121,
        "Gross Profit": 28,
        "Operating Income": 15,
        "EBIT": 19,
        "Net Income": 9
    },
    "2013-09-30": {
        "Diluted EPS": 0.41,
        "Total Revenue": 119,
        "Gross Profit": 27,
        "Operating Income": 15,
        "EBIT": 19,
        "Net Income": 9
    },
    "2013-06-30": {
        "Diluted EPS": 0.4,
        "Total Revenue": 118,
        "Gross Profit": 27,
        "Operating Income": 14,
        "EBIT": 18,
        "Net Income": 9
    },
    "2013-03-31": {
        "Diluted EPS": 0.35,
        "Total Revenue": 112,
        "Gross Profit": 24,
        "Operating Income": 12,
        "EBIT": 16,
        "Net Income": 8
    },
    "2012-12-31": {
        "Diluted EPS": 0.26,
        "Total Revenue": 107,
        "Gross Profit": 22,
        "Operating Income": 10,
        "EBIT": 14,
        "Net Income": 6
    },
    "2012-09-30": {
        "Diluted EPS": 0.29,
        "Total Revenue": 105,
        "Gross Profit": 23,
        "Operating Income": 11,
        "EBIT": 14,
        "Net Income": 7
    },
    "2012-06-30": {
        "Diluted EPS": 0.29,
        "Total Revenue": 105,
        "Gross Profit": 23,
        "Operating Income": 11,
        "EBIT": 15,
        "Net Income": 7
    },
    "2012-03-31": {
        "Diluted EPS": 0.22,
        "Total Revenue": 104,
        "Gross Profit": 21,
        "Operating Income": 8,
        "EBIT": 12,
        "Net Income": 5
    },
    "2011-12-31": {
        "Diluted EPS": 0.24,
        "Total Revenue": 101,
        "Gross Profit": 21,
        "Operating Income": 9,
        "EBIT": 13,
        "Net Income": 5
    },
    "2011-09-30": {
        "Diluted EPS": 0.34,
        "Total Revenue": 105,
        "Gross Profit": 26,
        "Operating Income": 13,
        "EBIT": 17,
        "Net Income": 8
    },
    "2011-06-30": {
        "Diluted EPS": 0.35,
        "Total Revenue": 102,
        "Gross Profit": 26,
        "Operating Income": 13,
        "EBIT": 17,
        "Net Income": 8
    },
    "2011-03-31": {
        "Diluted EPS": 0.12,
        "Total Revenue": 100,
        "Gross Profit": 26,
        "Operating Income": 5,
        "EBIT": 8,
        "Net Income": 3
    },
    "2010-12-31": {
        "Diluted EPS": 0.28,
        "Total Revenue": 95,
        "Gross Profit": 24,
        "Operating Income": 11,
        "EBIT": 14,
        "Net Income": 7
    },
    "2010-09-30": {
        "Diluted EPS": 0.31,
        "Total Revenue": 93,
        "Gross Profit": 23,
        "Operating Income": 9,
        "EBIT": 12,
        "Net Income": 8
    },
    "2010-06-30": {
        "Diluted EPS": 0.32,
        "Total Revenue": 92,
        "Gross Profit": 24,
        "Operating Income": 12,
        "EBIT": 15,
        "Net Income": 8
    },
    "2010-03-31": {
        "Diluted EPS": 0.27,
        "Total Revenue": 88,
        "Gross Profit": 22,
        "Operating Income": 11,
        "EBIT": 14,
        "Net Income": 7
    },
    "2009-12-31": {
        "Diluted EPS": 0.27,
        "Total Revenue": 87,
        "Gross Profit": 22,
        "Operating Income": 11,
        "EBIT": 14,
        "Net Income": 7
    },
    "2009-09-30": {
        "Diluted EPS": 0.25,
        "Total Revenue": 82,
        "Gross Profit": 21,
        "Operating Income": 11,
        "EBIT": 14,
        "Net Income": 6
    },
    "2009-06-30": {
        "Diluted EPS": 0.25,
        "Total Revenue": 81,
        "Gross Profit": 21,
        "Operating Income": 11,
        "EBIT": 14,
        "Net Income": 6
    },
    "2009-03-31": {
        "Diluted EPS": 0.16,
        "Total Revenue": 77,
        "Gross Profit": 17,
        "Operating Income": 7,
        "EBIT": 10,
        "Net Income": 4
    },
    "2023-09-30": {
        "Tax Effect Of Unusual Items": NaN,
        "Tax Rate For Calcs": NaN,
        "Normalized EBITDA": NaN,
        "Net Income From Continuing Operation Net Minority Interest": NaN,
        "Reconciled Depreciation": NaN,
        "Reconciled Cost Of Revenue": NaN,
        "EBITDA": NaN,
        "EBIT": NaN,
        "Normalized Income": NaN,
        "Net Income From Continuing And Discontinued Operation": NaN,
        "Total Expenses": NaN,
        "Diluted Average Shares": 52038000.0,
        "Basic Average Shares": 51369000.0,
        "Diluted EPS": 0.383333,
        "Basic EPS": 0.386667,
        "Diluted NI Availto Com Stockholders": NaN,
        "Net Income Common Stockholders": NaN,
        "Net Income": NaN,
        "Net Income Including Noncontrolling Interests": NaN,
        "Net Income Continuous Operations": NaN,
        "Tax Provision": NaN,
        "Pretax Income": NaN,
        "Operating Income": NaN,
        "Operating Expense": NaN,
        "Selling General And Administration": NaN,
        "General And Administrative Expense": NaN,
        "Other Gand A": NaN,
        "Gross Profit": NaN,
        "Cost Of Revenue": NaN,
        "Total Revenue": NaN,
        "Operating Revenue": NaN
    },
    "2023-12-31": {
        "Tax Effect Of Unusual Items": NaN,
        "Tax Rate For Calcs": NaN,
        "Normalized EBITDA": NaN,
        "Net Income From Continuing Operation Net Minority Interest": NaN,
        "Reconciled Depreciation": NaN,
        "Reconciled Cost Of Revenue": NaN,
        "EBITDA": NaN,
        "EBIT": NaN,
        "Normalized Income": NaN,
        "Net Income From Continuing And Discontinued Operation": NaN,
        "Total Expenses": NaN,
        "Diluted Average Shares": 51978000.0,
        "Basic Average Shares": 51318000.0,
        "Diluted EPS": 0.33,
        "Basic EPS": 0.33,
        "Diluted NI Availto Com Stockholders": NaN,
        "Net Income Common Stockholders": NaN,
        "Net Income": NaN,
        "Net Income Including Noncontrolling Interests": NaN,
        "Net Income Continuous Operations": NaN,
        "Tax Provision": NaN,
        "Pretax Income": NaN,
        "Operating Income": NaN,
        "Operating Expense": NaN,
        "Selling General And Administration": NaN,
        "General And Administrative Expense": NaN,
        "Other Gand A": NaN,
        "Gross Profit": NaN,
        "Cost Of Revenue": NaN,
        "Total Revenue": NaN,
        "Operating Revenue": NaN
    },
    "2024-03-31": {
        "Tax Effect Of Unusual Items": NaN,
        "Tax Rate For Calcs": NaN,
        "Normalized EBITDA": NaN,
        "Net Income From Continuing Operation Net Minority Interest": NaN,
        "Reconciled Depreciation": NaN,
        "Reconciled Cost Of Revenue": NaN,
        "EBITDA": NaN,
        "EBIT": NaN,
        "Normalized Income": NaN,
        "Net Income From Continuing And Discontinued Operation": NaN,
        "Total Expenses": NaN,
        "Diluted Average Shares": 51996000.0,
        "Basic Average Shares": 51345000.0,
        "Diluted EPS": 0.373333,
        "Basic EPS": 0.376667,
        "Diluted NI Availto Com Stockholders": NaN,
        "Net Income Common Stockholders": NaN,
        "Net Income": NaN,
        "Net Income Including Noncontrolling Interests": NaN,
        "Net Income Continuous Operations": NaN,
        "Tax Provision": NaN,
        "Pretax Income": NaN,
        "Operating Income": NaN,
        "Operating Expense": NaN,
        "Selling General And Administration": NaN,
        "General And Administrative Expense": NaN,
        "Other Gand A": NaN,
        "Gross Profit": NaN,
        "Cost Of Revenue": NaN,
        "Total Revenue": NaN,
        "Operating Revenue": NaN
    },
    "2024-06-30": {
        "Tax Effect Of Unusual Items": 0.0,
        "Tax Rate For Calcs": 0.23,
        "Normalized EBITDA": 34761000.0,
        "Net Income From Continuing Operation Net Minority Interest": 21577000.0,
        "Reconciled Depreciation": 6726000.0,
        "Reconciled Cost Of Revenue": 163567000.0,
        "EBITDA": 34761000.0,
        "EBIT": 28035000.0,
        "Normalized Income": 21577000.0,
        "Net Income From Continuing And Discontinued Operation": 21577000.0,
        "Total Expenses": 183687000.0,
        "Diluted Average Shares": 51939000.0,
        "Basic Average Shares": 51366000.0,
        "Diluted EPS": 0.416667,
        "Basic EPS": 0.42,
        "Diluted NI Availto Com Stockholders": 21577000.0,
        "Net Income Common Stockholders": 21577000.0,
        "Net Income": 21577000.0,
        "Net Income Including Noncontrolling Interests": 21577000.0,
        "Net Income Continuous Operations": 21577000.0,
        "Tax Provision": 6458000.0,
        "Pretax Income": 28035000.0,
        "Operating Income": 28035000.0,
        "Operating Expense": 20120000.0,
        "Selling General And Administration": 20120000.0,
        "General And Administrative Expense": 20120000.0,
        "Other Gand A": 20120000.0,
        "Gross Profit": 48155000.0,
        "Cost Of Revenue": 163567000.0,
        "Total Revenue": 211722000.0,
        "Operating Revenue": 211722000.0
    },
    "2024-09-30": {
        "Tax Effect Of Unusual Items": 0.0,
        "Tax Rate For Calcs": 0.18,
        "Normalized EBITDA": 36382000.0,
        "Net Income From Continuing Operation Net Minority Interest": 23398000.0,
        "Reconciled Depreciation": 7712000.0,
        "Reconciled Cost Of Revenue": 173632000.0,
        "EBITDA": 36382000.0,
        "EBIT": 28670000.0,
        "Normalized Income": 23398000.0,
        "Net Income From Continuing And Discontinued Operation": 23398000.0,
        "Total Expenses": 195710000.0,
        "Diluted Average Shares": 52023000.0,
        "Basic Average Shares": 51399000.0,
        "Diluted EPS": 0.45,
        "Basic EPS": 0.456667,
        "Diluted NI Availto Com Stockholders": 23398000.0,
        "Net Income Common Stockholders": 23398000.0,
        "Net Income": 23398000.0,
        "Net Income Including Noncontrolling Interests": 23398000.0,
        "Net Income Continuous Operations": 23398000.0,
        "Tax Provision": 5272000.0,
        "Pretax Income": 28670000.0,
        "Operating Income": 28670000.0,
        "Operating Expense": 22078000.0,
        "Selling General And Administration": 22078000.0,
        "General And Administrative Expense": 22078000.0,
        "Other Gand A": 22078000.0,
        "Gross Profit": 50748000.0,
        "Cost Of Revenue": 173632000.0,
        "Total Revenue": 224380000.0,
        "Operating Revenue": 224380000.0
    },
    "2024-12-31": {
        "Tax Effect Of Unusual Items": 0.0,
        "Tax Rate For Calcs": 0.228214,
        "Normalized EBITDA": 38297000.0,
        "Net Income From Continuing Operation Net Minority Interest": 23771000.0,
        "Reconciled Depreciation": 7497000.0,
        "Reconciled Cost Of Revenue": 175115000.0,
        "EBITDA": 38297000.0,
        "EBIT": 30800000.0,
        "Normalized Income": 23771000.0,
        "Net Income From Continuing And Discontinued Operation": 23771000.0,
        "Total Expenses": 197173000.0,
        "Diluted Average Shares": 52038000.0,
        "Basic Average Shares": 51388000.0,
        "Diluted EPS": 0.46,
        "Basic EPS": 0.46,
        "Diluted NI Availto Com Stockholders": 23771000.0,
        "Net Income Common Stockholders": 23771000.0,
        "Net Income": 23771000.0,
        "Net Income Including Noncontrolling Interests": 23771000.0,
        "Net Income Continuous Operations": 23771000.0,
        "Tax Provision": 7029000.0,
        "Pretax Income": 30800000.0,
        "Operating Income": 30800000.0,
        "Operating Expense": 22058000.0,
        "Selling General And Administration": 22058000.0,
        "General And Administrative Expense": 22058000.0,
        "Other Gand A": 22058000.0,
        "Gross Profit": 52858000.0,
        "Cost Of Revenue": 175115000.0,
        "Total Revenue": 227973000.0,
        "Operating Revenue": 227973000.0
    },
    "2025-03-31": {
        "Tax Effect Of Unusual Items": 0.0,
        "Tax Rate For Calcs": 0.207113,
        "Normalized EBITDA": 40921000.0,
        "Net Income From Continuing Operation Net Minority Interest": 26419000.0,
        "Reconciled Depreciation": 7601000.0,
        "Reconciled Cost Of Revenue": 173333000.0,
        "EBITDA": 40921000.0,
        "EBIT": 33320000.0,
        "Normalized Income": 26419000.0,
        "Net Income From Continuing And Discontinued Operation": 26419000.0,
        "Total Expenses": 198194000.0,
        "Diluted Average Shares": 51979000.0,
        "Basic Average Shares": 51366000.0,
        "Diluted EPS": 0.51,
        "Basic EPS": 0.51,
        "Diluted NI Availto Com Stockholders": 26419000.0,
        "Net Income Common Stockholders": 26419000.0,
        "Net Income": 26419000.0,
        "Net Income Including Noncontrolling Interests": 26419000.0,
        "Net Income Continuous Operations": 26419000.0,
        "Tax Provision": 6901000.0,
        "Pretax Income": 33320000.0,
        "Operating Income": 33320000.0,
        "Operating Expense": 24861000.0,
        "Selling General And Administration": 24861000.0,
        "General And Administrative Expense": 24861000.0,
        "Other Gand A": 24861000.0,
        "Gross Profit": 58181000.0,
        "Cost Of Revenue": 173333000.0,
        "Total Revenue": 231514000.0,
        "Operating Revenue": 231514000.0
    },
    "2025-06-30": {
        "Tax Effect Of Unusual Items": 0.0,
        "Tax Rate For Calcs": 0.23,
        "Normalized EBITDA": 42870000.0,
        "Net Income From Continuing Operation Net Minority Interest": 27235000.0,
        "Reconciled Depreciation": 7587000.0,
        "Reconciled Cost Of Revenue": 177950000.0,
        "EBITDA": 42870000.0,
        "EBIT": 35283000.0,
        "Normalized Income": 27235000.0,
        "Net Income From Continuing And Discontinued Operation": 27235000.0,
        "Total Expenses": 199428000.0,
        "Diluted Average Shares": 51912000.0,
        "Basic Average Shares": 51352000.0,
        "Diluted EPS": 0.52,
        "Basic EPS": 0.53,
        "Diluted NI Availto Com Stockholders": 27235000.0,
        "Net Income Common Stockholders": 27235000.0,
        "Net Income": 27235000.0,
        "Net Income Including Noncontrolling Interests": 27235000.0,
        "Net Income Continuous Operations": 27235000.0,
        "Tax Provision": 8048000.0,
        "Pretax Income": 35283000.0,
        "Operating Income": 35283000.0,
        "Operating Expense": 21478000.0,
        "Selling General And Administration": 21478000.0,
        "General And Administrative Expense": 21478000.0,
        "Other Gand A": 21478000.0,
        "Gross Profit": 56761000.0,
        "Cost Of Revenue": 177950000.0,
        "Total Revenue": 234711000.0,
        "Operating Revenue": 234711000.0
    },
    "2025-09-30": {
        "Tax Effect Of Unusual Items": 0.0,
        "Tax Rate For Calcs": 0.22,
        "Normalized EBITDA": 43744000.0,
        "Net Income From Continuing Operation Net Minority Interest": 27906000.0,
        "Reconciled Depreciation": 7844000.0,
        "Reconciled Cost Of Revenue": 181466000.0,
        "EBITDA": 43744000.0,
        "EBIT": 35900000.0,
        "Normalized Income": 27906000.0,
        "Net Income From Continuing And Discontinued Operation": 27906000.0,
        "Total Expenses": 203743000.0,
        "Diluted Average Shares": 51723000.0,
        "Basic Average Shares": 51314000.0,
        "Diluted EPS": 0.54,
        "Basic EPS": 0.54,
        "Diluted NI Availto Com Stockholders": 27906000.0,
        "Net Income Common Stockholders": 27906000.0,
        "Net Income": 27906000.0,
        "Net Income Including Noncontrolling Interests": 27906000.0,
        "Net Income Continuous Operations": 27906000.0,
        "Tax Provision": 7994000.0,
        "Pretax Income": 35900000.0,
        "Operating Income": 35900000.0,
        "Operating Expense": 22277000.0,
        "Selling General And Administration": 22277000.0,
        "General And Administrative Expense": 22277000.0,
        "Other Gand A": 22277000.0,
        "Gross Profit": 58177000.0,
        "Cost Of Revenue": 181466000.0,
        "Total Revenue": 239643000.0,
        "Operating Revenue": 239643000.0
    },
    "2025-12-31": {
        "Tax Effect Of Unusual Items": 0.0,
        "Tax Rate For Calcs": 0.25,
        "Normalized EBITDA": 40300000.0,
        "Net Income From Continuing Operation Net Minority Interest": 24174000.0,
        "Reconciled Depreciation": 8068000.0,
        "Reconciled Cost Of Revenue": 180709000.0,
        "EBITDA": 40300000.0,
        "EBIT": 32232000.0,
        "Normalized Income": 24174000.0,
        "Net Income From Continuing And Discontinued Operation": 24174000.0,
        "Total Expenses": 203393000.0,
        "Diluted Average Shares": 51582000.0,
        "Basic Average Shares": 51317000.0,
        "Diluted EPS": 0.47,
        "Basic EPS": 0.47,
        "Diluted NI Availto Com Stockholders": 24174000.0,
        "Net Income Common Stockholders": 24174000.0,
        "Net Income": 24174000.0,
        "Net Income Including Noncontrolling Interests": 24174000.0,
        "Net Income Continuous Operations": 24174000.0,
        "Tax Provision": 8058000.0,
        "Pretax Income": 32232000.0,
        "Operating Income": 32232000.0,
        "Operating Expense": 22684000.0,
        "Selling General And Administration": 22684000.0,
        "General And Administrative Expense": 22684000.0,
        "Other Gand A": 22684000.0,
        "Gross Profit": 54916000.0,
        "Cost Of Revenue": 180709000.0,
        "Total Revenue": 235625000.0,
        "Operating Revenue": 235625000.0
    }
}