{
    "2023-06-30": {
        "Tax Effect Of Unusual Items": NaN,
        "Tax Rate For Calcs": NaN,
        "Normalized EBITDA": NaN,
        "Net Income From Continuing Operation Net Minority Interest": NaN,
        "Reconciled Depreciation": NaN,
        "Reconciled Cost Of Revenue": NaN,
        "EBITDA": NaN,
        "EBIT": NaN,
        "Net Interest Income": NaN,
        "Interest Expense": NaN,
        "Interest Income": NaN,
        "Normalized Income": NaN,
        "Net Income From Continuing And Discontinued Operation": NaN,
        "Total Expenses": NaN,
        "Total Operating Income As Reported": NaN,
        "Diluted Average Shares": NaN,
        "Basic Average Shares": NaN,
        "Diluted EPS": NaN,
        "Basic EPS": NaN,
        "Diluted NI Availto Com Stockholders": NaN,
        "Net Income Common Stockholders": NaN,
        "Otherunder Preferred Stock Dividend": NaN,
        "Net Income": NaN,
        "Net Income Including Noncontrolling Interests": NaN,
        "Net Income Discontinuous Operations": NaN,
        "Net Income Continuous Operations": NaN,
        "Tax Provision": NaN,
        "Pretax Income": NaN,
        "Other Income Expense": NaN,
        "Other Non Operating Income Expenses": NaN,
        "Net Non Operating Interest Income Expense": NaN,
        "Interest Expense Non Operating": NaN,
        "Interest Income Non Operating": NaN,
        "Operating Income": NaN,
        "Operating Expense": NaN,
        "Other Operating Expenses": NaN,
        "Depreciation Amortization Depletion Income Statement": 23400000.0,
        "Depreciation And Amortization In Income Statement": 23400000.0,
        "Research And Development": NaN,
        "Selling General And Administration": NaN,
        "Selling And Marketing Expense": 140300000.0,
        "Gross Profit": NaN,
        "Cost Of Revenue": NaN,
        "Total Revenue": NaN,
        "Operating Revenue": NaN
    },
    "2023-03-31": {
        "Tax Effect Of Unusual Items": NaN,
        "Tax Rate For Calcs": NaN,
        "Normalized EBITDA": NaN,
        "Net Income From Continuing Operation Net Minority Interest": NaN,
        "Reconciled Depreciation": NaN,
        "Reconciled Cost Of Revenue": NaN,
        "EBITDA": NaN,
        "EBIT": NaN,
        "Net Interest Income": NaN,
        "Interest Expense": NaN,
        "Interest Income": NaN,
        "Normalized Income": NaN,
        "Net Income From Continuing And Discontinued Operation": NaN,
        "Total Expenses": NaN,
        "Total Operating Income As Reported": NaN,
        "Diluted Average Shares": NaN,
        "Basic Average Shares": NaN,
        "Diluted EPS": NaN,
        "Basic EPS": NaN,
        "Diluted NI Availto Com Stockholders": NaN,
        "Net Income Common Stockholders": NaN,
        "Otherunder Preferred Stock Dividend": 200000.0,
        "Net Income": NaN,
        "Net Income Including Noncontrolling Interests": NaN,
        "Net Income Discontinuous Operations": NaN,
        "Net Income Continuous Operations": NaN,
        "Tax Provision": NaN,
        "Pretax Income": NaN,
        "Other Income Expense": NaN,
        "Other Non Operating Income Expenses": NaN,
        "Net Non Operating Interest Income Expense": NaN,
        "Interest Expense Non Operating": NaN,
        "Interest Income Non Operating": NaN,
        "Operating Income": NaN,
        "Operating Expense": NaN,
        "Other Operating Expenses": NaN,
        "Depreciation Amortization Depletion Income Statement": NaN,
        "Depreciation And Amortization In Income Statement": NaN,
        "Research And Development": NaN,
        "Selling General And Administration": NaN,
        "Selling And Marketing Expense": NaN,
        "Gross Profit": NaN,
        "Cost Of Revenue": NaN,
        "Total Revenue": NaN,
        "Operating Revenue": NaN
    },
    "2022-12-31": {
        "Tax Effect Of Unusual Items": NaN,
        "Tax Rate For Calcs": NaN,
        "Normalized EBITDA": NaN,
        "Net Income From Continuing Operation Net Minority Interest": NaN,
        "Reconciled Depreciation": NaN,
        "Reconciled Cost Of Revenue": NaN,
        "EBITDA": NaN,
        "EBIT": NaN,
        "Net Interest Income": NaN,
        "Interest Expense": NaN,
        "Interest Income": NaN,
        "Normalized Income": NaN,
        "Net Income From Continuing And Discontinued Operation": NaN,
        "Total Expenses": NaN,
        "Total Operating Income As Reported": NaN,
        "Diluted Average Shares": NaN,
        "Basic Average Shares": NaN,
        "Diluted EPS": NaN,
        "Basic EPS": NaN,
        "Diluted NI Availto Com Stockholders": NaN,
        "Net Income Common Stockholders": NaN,
        "Otherunder Preferred Stock Dividend": NaN,
        "Net Income": NaN,
        "Net Income Including Noncontrolling Interests": NaN,
        "Net Income Discontinuous Operations": NaN,
        "Net Income Continuous Operations": NaN,
        "Tax Provision": NaN,
        "Pretax Income": NaN,
        "Other Income Expense": NaN,
        "Other Non Operating Income Expenses": NaN,
        "Net Non Operating Interest Income Expense": NaN,
        "Interest Expense Non Operating": NaN,
        "Interest Income Non Operating": NaN,
        "Operating Income": NaN,
        "Operating Expense": NaN,
        "Other Operating Expenses": 900000.0,
        "Research And Development": NaN,
        "Selling General And Administration": NaN,
        "Gross Profit": NaN,
        "Cost Of Revenue": NaN,
        "Total Revenue": NaN,
        "Operating Revenue": NaN
    },
    "2022-09-30": {
        "Tax Effect Of Unusual Items": 0.0,
        "Tax Rate For Calcs": 0.220525,
        "Normalized EBITDA": 350000000.0,
        "Net Income From Continuing Operation Net Minority Interest": 255200000.0,
        "Reconciled Depreciation": 63000000.0,
        "Reconciled Cost Of Revenue": 1201800000.0,
        "EBITDA": 350000000.0,
        "EBIT": 350000000.0,
        "Net Interest Income": -19600000.0,
        "Interest Expense": 22600000.0,
        "Interest Income": 3000000.0,
        "Normalized Income": 255200000.0,
        "Net Income From Continuing And Discontinued Operation": 254700000.0,
        "Total Expenses": 1445900000.0,
        "Total Operating Income As Reported": 348200000.0,
        "Diluted Average Shares": 52600000.0,
        "Basic Average Shares": 51900000.0,
        "Diluted EPS": 4.83,
        "Basic EPS": 4.9,
        "Diluted NI Availto Com Stockholders": 254700000.0,
        "Net Income Common Stockholders": 254700000.0,
        "Otherunder Preferred Stock Dividend": 600000.0,
        "Net Income": 254700000.0,
        "Net Income Including Noncontrolling Interests": 254700000.0,
        "Net Income Discontinuous Operations": -500000.0,
        "Net Income Continuous Operations": 255200000.0,
        "Tax Provision": 72200000.0,
        "Pretax Income": 327400000.0,
        "Other Income Expense": -1200000.0,
        "Other Non Operating Income Expenses": -1200000.0,
        "Net Non Operating Interest Income Expense": -19600000.0,
        "Interest Expense Non Operating": 22600000.0,
        "Interest Income Non Operating": 3000000.0,
        "Operating Income": 348200000.0,
        "Operating Expense": 244100000.0,
        "Other Operating Expenses": 22000000.0,
        "Research And Development": 13100000.0,
        "Selling General And Administration": 209000000.0,
        "Gross Profit": 592300000.0,
        "Cost Of Revenue": 1201800000.0,
        "Total Revenue": 1794100000.0,
        "Operating Revenue": 1794100000.0
    },
    "2022-06-30": {
        "Tax Effect Of Unusual Items": 0.0,
        "Tax Rate For Calcs": 0.234015,
        "Normalized EBITDA": 408700000.0,
        "Net Income From Continuing Operation Net Minority Interest": 295900000.0,
        "Reconciled Depreciation": 62500000.0,
        "Reconciled Cost Of Revenue": 1214900000.0,
        "EBITDA": 408700000.0,
        "EBIT": 408700000.0,
        "Net Interest Income": -21800000.0,
        "Interest Expense": 22400000.0,
        "Interest Income": 600000.0,
        "Normalized Income": 295900000.0,
        "Net Income From Continuing And Discontinued Operation": 301500000.0,
        "Total Expenses": 1436300000.0,
        "Total Operating Income As Reported": 410600000.0,
        "Diluted Average Shares": 52500000.0,
        "Basic Average Shares": 51800000.0,
        "Diluted EPS": 5.73,
        "Basic EPS": 5.81,
        "Diluted NI Availto Com Stockholders": 301500000.0,
        "Net Income Common Stockholders": 301500000.0,
        "Otherunder Preferred Stock Dividend": 100000.0,
        "Net Income": 301500000.0,
        "Net Income Including Noncontrolling Interests": 301500000.0,
        "Net Income Discontinuous Operations": 5600000.0,
        "Net Income Continuous Operations": 295900000.0,
        "Tax Provision": 90400000.0,
        "Pretax Income": 386300000.0,
        "Other Income Expense": -2500000.0,
        "Other Non Operating Income Expenses": -2500000.0,
        "Net Non Operating Interest Income Expense": -21800000.0,
        "Interest Expense Non Operating": 22400000.0,
        "Interest Income Non Operating": 600000.0,
        "Operating Income": 410600000.0,
        "Operating Expense": 221400000.0,
        "Other Operating Expenses": -1800000.0,
        "Research And Development": 12600000.0,
        "Selling General And Administration": 210600000.0,
        "Gross Profit": 632000000.0,
        "Cost Of Revenue": 1214900000.0,
        "Total Revenue": 1846900000.0,
        "Operating Revenue": 1846900000.0
    },
    "2022-03-31": {
        "Diluted EPS": 3.66,
        "Total Revenue": NaN,
        "Gross Profit": 491,
        "Operating Income": 277,
        "EBIT": 342,
        "Net Income": 194
    },
    "2021-12-31": {
        "Diluted EPS": 2.4,
        "Total Revenue": NaN,
        "Gross Profit": 391,
        "Operating Income": 182,
        "EBIT": 244,
        "Net Income": 127
    },
    "2021-09-30": {
        "Diluted EPS": 2.67,
        "Total Revenue": NaN,
        "Gross Profit": 372,
        "Operating Income": 167,
        "EBIT": 224,
        "Net Income": 142
    },
    "2021-06-30": {
        "Diluted EPS": 1.87,
        "Total Revenue": NaN,
        "Gross Profit": 308,
        "Operating Income": 134,
        "EBIT": 187,
        "Net Income": 99
    },
    "2021-03-31": {
        "Diluted EPS": 0.97,
        "Total Revenue": 941,
        "Gross Profit": 245,
        "Operating Income": 85,
        "EBIT": 139,
        "Net Income": 52
    },
    "2020-12-31": {
        "Diluted EPS": 1.48,
        "Total Revenue": 917,
        "Gross Profit": 271,
        "Operating Income": 116,
        "EBIT": 171,
        "Net Income": 80
    },
    "2020-09-30": {
        "Diluted EPS": 1.87,
        "Total Revenue": NaN,
        "Gross Profit": 318,
        "Operating Income": 155,
        "EBIT": 211,
        "Net Income": 102
    },
    "2020-06-30": {
        "Diluted EPS": 1.36,
        "Total Revenue": 965,
        "Gross Profit": 270,
        "Operating Income": 115,
        "EBIT": 171,
        "Net Income": 75
    },
    "2020-03-31": {
        "Diluted EPS": 1.09,
        "Total Revenue": NaN,
        "Gross Profit": 278,
        "Operating Income": 103,
        "EBIT": 160,
        "Net Income": 62
    },
    "2019-12-31": {
        "Diluted EPS": 1.78,
        "Total Revenue": 817,
        "Gross Profit": 243,
        "Operating Income": 121,
        "EBIT": 175,
        "Net Income": 100
    },
    "2019-09-30": {
        "Diluted EPS": 2.4,
        "Total Revenue": NaN,
        "Gross Profit": 380,
        "Operating Income": 191,
        "EBIT": 243,
        "Net Income": 139
    },
    "2019-06-30": {
        "Diluted EPS": 2.65,
        "Total Revenue": NaN,
        "Gross Profit": 394,
        "Operating Income": 207,
        "EBIT": 258,
        "Net Income": 153
    },
    "2019-03-31": {
        "Diluted EPS": 1.36,
        "Total Revenue": NaN,
        "Gross Profit": 289,
        "Operating Income": 115,
        "EBIT": 164,
        "Net Income": 79
    },
    "2018-12-31": {
        "Diluted EPS": 1.59,
        "Total Revenue": NaN,
        "Gross Profit": 279,
        "Operating Income": 115,
        "EBIT": 162,
        "Net Income": 88
    },
    "2018-09-30": {
        "Diluted EPS": 1.64,
        "Total Revenue": NaN,
        "Gross Profit": 314,
        "Operating Income": 140,
        "EBIT": 186,
        "Net Income": 100
    },
    "2018-06-30": {
        "Diluted EPS": 1.85,
        "Total Revenue": NaN,
        "Gross Profit": 332,
        "Operating Income": 160,
        "EBIT": 206,
        "Net Income": 114
    },
    "2018-03-31": {
        "Diluted EPS": 4.94,
        "Total Revenue": 985,
        "Gross Profit": 249,
        "Operating Income": 95,
        "EBIT": 146,
        "Net Income": 310
    },
    "2017-12-31": {
        "Diluted EPS": 1.82,
        "Total Revenue": 991,
        "Gross Profit": 251,
        "Operating Income": 93,
        "EBIT": 142,
        "Net Income": 115
    },
    "2017-09-30": {
        "Diluted EPS": 1.37,
        "Total Revenue": NaN,
        "Gross Profit": 285,
        "Operating Income": 135,
        "EBIT": 176,
        "Net Income": 86
    },
    "2017-06-30": {
        "Diluted EPS": 1.58,
        "Total Revenue": 984,
        "Gross Profit": 287,
        "Operating Income": 146,
        "EBIT": 187,
        "Net Income": 102
    },
    "2017-03-31": {
        "Diluted EPS": 0.94,
        "Total Revenue": 774,
        "Gross Profit": 226,
        "Operating Income": 90,
        "EBIT": 128,
        "Net Income": 62
    },
    "2016-12-31": {
        "Diluted EPS": 1.17,
        "Total Revenue": 643,
        "Gross Profit": 196,
        "Operating Income": 78,
        "EBIT": 114,
        "Net Income": 76
    },
    "2016-09-30": {
        "Diluted EPS": -0.15,
        "Total Revenue": 991,
        "Gross Profit": 324,
        "Operating Income": 178,
        "EBIT": 213,
        "Net Income": -10
    },
    "2016-06-30": {
        "Diluted EPS": 1.75,
        "Total Revenue": 997,
        "Gross Profit": 321,
        "Operating Income": 179,
        "EBIT": 213,
        "Net Income": 115
    },
    "2016-03-31": {
        "Diluted EPS": 1.05,
        "Total Revenue": 794,
        "Gross Profit": 245,
        "Operating Income": 111,
        "EBIT": 144,
        "Net Income": 69
    },
    "2015-12-31": {
        "Diluted EPS": 1.24,
        "Total Revenue": 876,
        "Gross Profit": 253,
        "Operating Income": 127,
        "EBIT": 161,
        "Net Income": 82
    },
    "2015-09-30": {
        "Diluted EPS": 1.56,
        "Total Revenue": 973,
        "Gross Profit": 296,
        "Operating Income": 162,
        "EBIT": 195,
        "Net Income": 104
    },
    "2015-06-30": {
        "Diluted EPS": 1.43,
        "Total Revenue": 985,
        "Gross Profit": 285,
        "Operating Income": 148,
        "EBIT": 182,
        "Net Income": 95
    },
    "2015-03-31": {
        "Diluted EPS": 0.59,
        "Total Revenue": 709,
        "Gross Profit": 173,
        "Operating Income": 66,
        "EBIT": 95,
        "Net Income": 39
    },
    "2014-12-31": {
        "Diluted EPS": 0.81,
        "Total Revenue": 790,
        "Gross Profit": 196,
        "Operating Income": 89,
        "EBIT": 117,
        "Net Income": 53
    },
    "2014-09-30": {
        "Diluted EPS": 1.32,
        "Total Revenue": 904,
        "Gross Profit": 237,
        "Operating Income": 134,
        "EBIT": 160,
        "Net Income": 87
    },
    "2014-06-30": {
        "Diluted EPS": 1.14,
        "Total Revenue": 860,
        "Gross Profit": 225,
        "Operating Income": 122,
        "EBIT": 147,
        "Net Income": 75
    },
    "2014-03-31": {
        "Diluted EPS": 0.55,
        "Total Revenue": 650,
        "Gross Profit": 162,
        "Operating Income": 63,
        "EBIT": 89,
        "Net Income": 36
    },
    "2013-12-31": {
        "Diluted EPS": 1.07,
        "Total Revenue": 724,
        "Gross Profit": 186,
        "Operating Income": 93,
        "EBIT": 117,
        "Net Income": 70
    },
    "2013-09-30": {
        "Diluted EPS": 1.17,
        "Total Revenue": 797,
        "Gross Profit": 200,
        "Operating Income": 110,
        "EBIT": 140,
        "Net Income": 77
    },
    "2013-06-30": {
        "Diluted EPS": 0.13,
        "Total Revenue": 793,
        "Gross Profit": 207,
        "Operating Income": 109,
        "EBIT": 140,
        "Net Income": 8
    },
    "2013-03-31": {
        "Diluted EPS": 0.85,
        "Total Revenue": 630,
        "Gross Profit": 152,
        "Operating Income": 55,
        "EBIT": 85,
        "Net Income": 55
    },
    "2012-12-31": {
        "Diluted EPS": 0.74,
        "Total Revenue": 684,
        "Gross Profit": 181,
        "Operating Income": 73,
        "EBIT": 99,
        "Net Income": 48
    },
    "2012-09-30": {
        "Diluted EPS": 1.08,
        "Total Revenue": 910,
        "Gross Profit": 226,
        "Operating Income": 111,
        "EBIT": 137,
        "Net Income": 70
    },
    "2012-06-30": {
        "Diluted EPS": 1.45,
        "Total Revenue": 985,
        "Gross Profit": 255,
        "Operating Income": 140,
        "EBIT": 166,
        "Net Income": 93
    },
    "2012-03-31": {
        "Diluted EPS": 0.94,
        "Total Revenue": 889,
        "Gross Profit": 211,
        "Operating Income": 96,
        "EBIT": 123,
        "Net Income": 60
    },
    "2011-12-31": {
        "Diluted EPS": 0.61,
        "Total Revenue": 790,
        "Gross Profit": 159,
        "Operating Income": 53,
        "EBIT": 76,
        "Net Income": 39
    },
    "2011-09-30": {
        "Diluted EPS": 0.85,
        "Total Revenue": 871,
        "Gross Profit": 188,
        "Operating Income": 82,
        "EBIT": 101,
        "Net Income": 54
    },
    "2011-06-30": {
        "Diluted EPS": 0.86,
        "Total Revenue": 871,
        "Gross Profit": 184,
        "Operating Income": 85,
        "EBIT": 108,
        "Net Income": 55
    },
    "2011-03-31": {
        "Diluted EPS": 0.53,
        "Total Revenue": 694,
        "Gross Profit": 147,
        "Operating Income": 54,
        "EBIT": 77,
        "Net Income": 33
    },
    "2010-12-31": {
        "Diluted EPS": 0.52,
        "Total Revenue": 627,
        "Gross Profit": 130,
        "Operating Income": 28,
        "EBIT": 47,
        "Net Income": 32
    },
    "2010-09-30": {
        "Diluted EPS": 0.81,
        "Total Revenue": 666,
        "Gross Profit": 144,
        "Operating Income": 66,
        "EBIT": 84,
        "Net Income": 50
    },
    "2010-06-30": {
        "Diluted EPS": 0.62,
        "Total Revenue": 688,
        "Gross Profit": 144,
        "Operating Income": 63,
        "EBIT": 82,
        "Net Income": 38
    },
    "2010-03-31": {
        "Diluted EPS": 0.39,
        "Total Revenue": 547,
        "Gross Profit": 112,
        "Operating Income": 38,
        "EBIT": 56,
        "Net Income": 24
    },
    "2009-12-31": {
        "Diluted EPS": 0.58,
        "Total Revenue": 486,
        "Gross Profit": 108,
        "Operating Income": 34,
        "EBIT": 50,
        "Net Income": 35
    },
    "2009-09-30": {
        "Diluted EPS": 0.75,
        "Total Revenue": 604,
        "Gross Profit": 144,
        "Operating Income": 74,
        "EBIT": 91,
        "Net Income": 46
    },
    "2009-06-30": {
        "Diluted EPS": 0.9,
        "Total Revenue": 637,
        "Gross Profit": 145,
        "Operating Income": 85,
        "EBIT": 102,
        "Net Income": 55
    },
    "2009-03-31": {
        "Diluted EPS": 0.11,
        "Total Revenue": 531,
        "Gross Profit": 93,
        "Operating Income": 19,
        "EBIT": 37,
        "Net Income": 7
    },
    "2023-09-30": {
        "Tax Effect Of Unusual Items": NaN,
        "Tax Rate For Calcs": NaN,
        "Normalized EBITDA": NaN,
        "Net Income From Continuing Operation Net Minority Interest": NaN,
        "Reconciled Depreciation": NaN,
        "Reconciled Cost Of Revenue": NaN,
        "EBITDA": NaN,
        "EBIT": NaN,
        "Net Interest Income": NaN,
        "Interest Expense": NaN,
        "Interest Income": NaN,
        "Normalized Income": NaN,
        "Net Income From Continuing And Discontinued Operation": NaN,
        "Total Expenses": NaN,
        "Total Operating Income As Reported": NaN,
        "Diluted Average Shares": 50100000.0,
        "Basic Average Shares": 49500000.0,
        "Diluted EPS": 5.29,
        "Basic EPS": 5.35,
        "Diluted NI Availto Com Stockholders": NaN,
        "Net Income Common Stockholders": NaN,
        "Otherunder Preferred Stock Dividend": 100000.0,
        "Net Income": NaN,
        "Net Income Including Noncontrolling Interests": NaN,
        "Net Income Discontinuous Operations": NaN,
        "Net Income Continuous Operations": NaN,
        "Tax Provision": NaN,
        "Pretax Income": NaN,
        "Other Income Expense": NaN,
        "Other Non Operating Income Expenses": NaN,
        "Net Non Operating Interest Income Expense": NaN,
        "Interest Expense Non Operating": NaN,
        "Interest Income Non Operating": NaN,
        "Operating Income": NaN,
        "Operating Expense": NaN,
        "Other Operating Expenses": NaN,
        "Depreciation Amortization Depletion Income Statement": NaN,
        "Depreciation And Amortization In Income Statement": NaN,
        "Research And Development": NaN,
        "Selling General And Administration": NaN,
        "Selling And Marketing Expense": NaN,
        "Gross Profit": NaN,
        "Cost Of Revenue": NaN,
        "Total Revenue": NaN,
        "Operating Revenue": NaN
    },
    "2023-12-31": {
        "Tax Effect Of Unusual Items": NaN,
        "Tax Rate For Calcs": NaN,
        "Normalized EBITDA": NaN,
        "Net Income From Continuing Operation Net Minority Interest": NaN,
        "Reconciled Depreciation": NaN,
        "Reconciled Cost Of Revenue": NaN,
        "EBITDA": NaN,
        "EBIT": NaN,
        "Net Interest Income": NaN,
        "Interest Expense": NaN,
        "Interest Income": NaN,
        "Normalized Income": NaN,
        "Net Income From Continuing And Discontinued Operation": NaN,
        "Total Expenses": NaN,
        "Total Operating Income As Reported": NaN,
        "Diluted Average Shares": NaN,
        "Basic Average Shares": NaN,
        "Diluted EPS": NaN,
        "Basic EPS": NaN,
        "Diluted NI Availto Com Stockholders": NaN,
        "Net Income Common Stockholders": NaN,
        "Otherunder Preferred Stock Dividend": 1600000.0,
        "Net Income": NaN,
        "Net Income Including Noncontrolling Interests": NaN,
        "Net Income Discontinuous Operations": NaN,
        "Net Income Continuous Operations": NaN,
        "Tax Provision": NaN,
        "Pretax Income": NaN,
        "Other Income Expense": NaN,
        "Other Non Operating Income Expenses": NaN,
        "Net Non Operating Interest Income Expense": NaN,
        "Interest Expense Non Operating": NaN,
        "Interest Income Non Operating": NaN,
        "Operating Income": NaN,
        "Operating Expense": NaN,
        "Other Operating Expenses": NaN,
        "Depreciation Amortization Depletion Income Statement": NaN,
        "Depreciation And Amortization In Income Statement": NaN,
        "Research And Development": NaN,
        "Selling General And Administration": NaN,
        "Selling And Marketing Expense": NaN,
        "Gross Profit": NaN,
        "Cost Of Revenue": NaN,
        "Total Revenue": NaN,
        "Operating Revenue": NaN
    },
    "2024-03-31": {
        "Tax Effect Of Unusual Items": NaN,
        "Tax Rate For Calcs": NaN,
        "Normalized EBITDA": NaN,
        "Net Income From Continuing Operation Net Minority Interest": NaN,
        "Reconciled Depreciation": NaN,
        "Reconciled Cost Of Revenue": NaN,
        "EBITDA": NaN,
        "EBIT": NaN,
        "Net Interest Income": NaN,
        "Interest Expense": NaN,
        "Interest Income": NaN,
        "Normalized Income": NaN,
        "Net Income From Continuing And Discontinued Operation": NaN,
        "Total Expenses": NaN,
        "Total Operating Income As Reported": NaN,
        "Diluted Average Shares": NaN,
        "Basic Average Shares": NaN,
        "Diluted EPS": NaN,
        "Basic EPS": NaN,
        "Diluted NI Availto Com Stockholders": NaN,
        "Net Income Common Stockholders": NaN,
        "Otherunder Preferred Stock Dividend": 400000.0,
        "Net Income": NaN,
        "Net Income Including Noncontrolling Interests": NaN,
        "Net Income Discontinuous Operations": NaN,
        "Net Income Continuous Operations": NaN,
        "Tax Provision": NaN,
        "Pretax Income": NaN,
        "Other Income Expense": NaN,
        "Other Non Operating Income Expenses": NaN,
        "Net Non Operating Interest Income Expense": NaN,
        "Interest Expense Non Operating": NaN,
        "Interest Income Non Operating": NaN,
        "Operating Income": NaN,
        "Operating Expense": NaN,
        "Other Operating Expenses": NaN,
        "Depreciation Amortization Depletion Income Statement": NaN,
        "Depreciation And Amortization In Income Statement": NaN,
        "Research And Development": NaN,
        "Selling General And Administration": NaN,
        "Selling And Marketing Expense": NaN,
        "Gross Profit": NaN,
        "Cost Of Revenue": NaN,
        "Total Revenue": NaN,
        "Operating Revenue": NaN
    },
    "2024-06-30": {
        "Tax Effect Of Unusual Items": NaN,
        "Tax Rate For Calcs": NaN,
        "Normalized EBITDA": NaN,
        "Net Income From Continuing Operation Net Minority Interest": NaN,
        "Reconciled Depreciation": NaN,
        "Reconciled Cost Of Revenue": NaN,
        "EBITDA": NaN,
        "EBIT": NaN,
        "Net Interest Income": NaN,
        "Interest Expense": NaN,
        "Interest Income": NaN,
        "Normalized Income": NaN,
        "Net Income From Continuing And Discontinued Operation": NaN,
        "Total Expenses": NaN,
        "Total Operating Income As Reported": NaN,
        "Diluted Average Shares": NaN,
        "Basic Average Shares": NaN,
        "Diluted EPS": NaN,
        "Basic EPS": NaN,
        "Diluted NI Availto Com Stockholders": NaN,
        "Net Income Common Stockholders": NaN,
        "Otherunder Preferred Stock Dividend": NaN,
        "Net Income": NaN,
        "Net Income Including Noncontrolling Interests": NaN,
        "Net Income Discontinuous Operations": NaN,
        "Net Income Continuous Operations": NaN,
        "Tax Provision": NaN,
        "Pretax Income": NaN,
        "Other Income Expense": NaN,
        "Other Non Operating Income Expenses": NaN,
        "Net Non Operating Interest Income Expense": NaN,
        "Interest Expense Non Operating": NaN,
        "Interest Income Non Operating": NaN,
        "Operating Income": NaN,
        "Operating Expense": NaN,
        "Other Operating Expenses": NaN,
        "Depreciation Amortization Depletion Income Statement": 27200000.0,
        "Depreciation And Amortization In Income Statement": 27200000.0,
        "Research And Development": NaN,
        "Selling General And Administration": NaN,
        "Selling And Marketing Expense": 162100000.0,
        "Gross Profit": NaN,
        "Cost Of Revenue": NaN,
        "Total Revenue": NaN,
        "Operating Revenue": NaN
    },
    "2024-09-30": {
        "Tax Effect Of Unusual Items": 0.0,
        "Tax Rate For Calcs": 0.233,
        "Normalized EBITDA": 384700000.0,
        "Net Income From Continuing Operation Net Minority Interest": 246600000.0,
        "Reconciled Depreciation": 44600000.0,
        "Reconciled Cost Of Revenue": 819200000.0,
        "EBITDA": 384700000.0,
        "EBIT": 340100000.0,
        "Net Interest Income": 4000000.0,
        "Interest Expense": 18600000.0,
        "Interest Income": 22600000.0,
        "Normalized Income": 246600000.0,
        "Net Income From Continuing And Discontinued Operation": 244300000.0,
        "Total Expenses": 1017200000.0,
        "Total Operating Income As Reported": 316400000.0,
        "Diluted Average Shares": 46500000.0,
        "Basic Average Shares": 45900000.0,
        "Diluted EPS": 5.25,
        "Basic EPS": 5.31,
        "Diluted NI Availto Com Stockholders": 244300000.0,
        "Net Income Common Stockholders": 244300000.0,
        "Otherunder Preferred Stock Dividend": 100000.0,
        "Net Income": 244300000.0,
        "Net Income Including Noncontrolling Interests": 244300000.0,
        "Net Income Discontinuous Operations": -2300000.0,
        "Net Income Continuous Operations": 246600000.0,
        "Tax Provision": 74900000.0,
        "Pretax Income": 321500000.0,
        "Other Income Expense": 1100000.0,
        "Other Non Operating Income Expenses": 1100000.0,
        "Net Non Operating Interest Income Expense": 4000000.0,
        "Interest Expense Non Operating": 18600000.0,
        "Interest Income Non Operating": 22600000.0,
        "Operating Income": 316400000.0,
        "Operating Expense": 198000000.0,
        "Other Operating Expenses": -1900000.0,
        "Depreciation Amortization Depletion Income Statement": NaN,
        "Depreciation And Amortization In Income Statement": NaN,
        "Research And Development": 8100000.0,
        "Selling General And Administration": 191800000.0,
        "Selling And Marketing Expense": NaN,
        "Gross Profit": 514400000.0,
        "Cost Of Revenue": 819200000.0,
        "Total Revenue": 1333600000.0,
        "Operating Revenue": 1333600000.0
    },
    "2024-12-31": {
        "Tax Effect Of Unusual Items": 0.0,
        "Tax Rate For Calcs": 0.19604,
        "Normalized EBITDA": 265300000.0,
        "Net Income From Continuing Operation Net Minority Interest": 162400000.0,
        "Reconciled Depreciation": 46000000.0,
        "Reconciled Cost Of Revenue": 717400000.0,
        "EBITDA": 265300000.0,
        "EBIT": 219300000.0,
        "Net Interest Income": -1300000.0,
        "Interest Expense": 17300000.0,
        "Interest Income": 16000000.0,
        "Normalized Income": 162400000.0,
        "Net Income From Continuing And Discontinued Operation": 162800000.0,
        "Total Expenses": 898900000.0,
        "Total Operating Income As Reported": 224000000.0,
        "Diluted Average Shares": 45500000.0,
        "Basic Average Shares": 45000000.0,
        "Diluted EPS": 3.57,
        "Basic EPS": 3.61,
        "Diluted NI Availto Com Stockholders": 160600000.0,
        "Net Income Common Stockholders": 160600000.0,
        "Otherunder Preferred Stock Dividend": 2200000.0,
        "Net Income": 162800000.0,
        "Net Income Including Noncontrolling Interests": 162800000.0,
        "Net Income Discontinuous Operations": 400000.0,
        "Net Income Continuous Operations": 162400000.0,
        "Tax Provision": 39600000.0,
        "Pretax Income": 202000000.0,
        "Other Income Expense": -20700000.0,
        "Other Non Operating Income Expenses": -20700000.0,
        "Net Non Operating Interest Income Expense": -1300000.0,
        "Interest Expense Non Operating": 17300000.0,
        "Interest Income Non Operating": 16000000.0,
        "Operating Income": 224000000.0,
        "Operating Expense": 181500000.0,
        "Other Operating Expenses": -2200000.0,
        "Depreciation Amortization Depletion Income Statement": NaN,
        "Depreciation And Amortization In Income Statement": NaN,
        "Research And Development": 8800000.0,
        "Selling General And Administration": 67000000.0,
        "Selling And Marketing Expense": NaN,
        "Gross Profit": 405500000.0,
        "Cost Of Revenue": 717400000.0,
        "Total Revenue": 1122900000.0,
        "Operating Revenue": 1122900000.0
    },
    "2025-03-31": {
        "Tax Effect Of Unusual Items": 0.0,
        "Tax Rate For Calcs": 0.199,
        "Normalized EBITDA": 237600000.0,
        "Net Income From Continuing Operation Net Minority Interest": 140100000.0,
        "Reconciled Depreciation": 47800000.0,
        "Reconciled Cost Of Revenue": 710100000.0,
        "EBITDA": 237600000.0,
        "EBIT": 189800000.0,
        "Net Interest Income": -8400000.0,
        "Interest Expense": 14800000.0,
        "Interest Income": 6400000.0,
        "Normalized Income": 140100000.0,
        "Net Income From Continuing And Discontinued Operation": 143300000.0,
        "Total Expenses": 912200000.0,
        "Total Operating Income As Reported": 183600000.0,
        "Diluted Average Shares": 44700000.0,
        "Basic Average Shares": 44300000.0,
        "Diluted EPS": 3.2,
        "Basic EPS": 3.23,
        "Diluted NI Availto Com Stockholders": 143000000.0,
        "Net Income Common Stockholders": 143000000.0,
        "Otherunder Preferred Stock Dividend": 300000.0,
        "Net Income": 143300000.0,
        "Net Income Including Noncontrolling Interests": 143300000.0,
        "Net Income Discontinuous Operations": 3200000.0,
        "Net Income Continuous Operations": 140100000.0,
        "Tax Provision": 34900000.0,
        "Pretax Income": 175000000.0,
        "Other Income Expense": -200000.0,
        "Other Non Operating Income Expenses": -200000.0,
        "Net Non Operating Interest Income Expense": -8400000.0,
        "Interest Expense Non Operating": 14800000.0,
        "Interest Income Non Operating": 6400000.0,
        "Operating Income": 183600000.0,
        "Operating Expense": 202100000.0,
        "Other Operating Expenses": -2600000.0,
        "Depreciation Amortization Depletion Income Statement": NaN,
        "Depreciation And Amortization In Income Statement": NaN,
        "Research And Development": 10700000.0,
        "Selling General And Administration": 194000000.0,
        "Selling And Marketing Expense": NaN,
        "Gross Profit": 385700000.0,
        "Cost Of Revenue": 710100000.0,
        "Total Revenue": 1095800000.0,
        "Operating Revenue": 1095800000.0
    },
    "2025-06-30": {
        "Tax Effect Of Unusual Items": 0.0,
        "Tax Rate For Calcs": 0.21,
        "Normalized EBITDA": 387200000.0,
        "Net Income From Continuing Operation Net Minority Interest": 255500000.0,
        "Reconciled Depreciation": 48900000.0,
        "Reconciled Cost Of Revenue": 908400000.0,
        "EBITDA": 387200000.0,
        "EBIT": 338300000.0,
        "Net Interest Income": -13300000.0,
        "Interest Expense": 14700000.0,
        "Interest Income": 1400000.0,
        "Normalized Income": 255500000.0,
        "Net Income From Continuing And Discontinued Operation": 255800000.0,
        "Total Expenses": 1114500000.0,
        "Total Operating Income As Reported": 335000000.0,
        "Diluted Average Shares": 43400000.0,
        "Basic Average Shares": 43000000.0,
        "Diluted EPS": 5.88,
        "Basic EPS": 5.93,
        "Diluted NI Availto Com Stockholders": 255800000.0,
        "Net Income Common Stockholders": 255800000.0,
        "Otherunder Preferred Stock Dividend": NaN,
        "Net Income": 255800000.0,
        "Net Income Including Noncontrolling Interests": 255800000.0,
        "Net Income Discontinuous Operations": 300000.0,
        "Net Income Continuous Operations": 255500000.0,
        "Tax Provision": 68100000.0,
        "Pretax Income": 323600000.0,
        "Other Income Expense": 1900000.0,
        "Other Non Operating Income Expenses": 1900000.0,
        "Net Non Operating Interest Income Expense": -13300000.0,
        "Interest Expense Non Operating": 14700000.0,
        "Interest Income Non Operating": 1400000.0,
        "Operating Income": 335000000.0,
        "Operating Expense": 206100000.0,
        "Other Operating Expenses": -1900000.0,
        "Depreciation Amortization Depletion Income Statement": NaN,
        "Depreciation And Amortization In Income Statement": NaN,
        "Research And Development": 11100000.0,
        "Selling General And Administration": 196900000.0,
        "Selling And Marketing Expense": NaN,
        "Gross Profit": 541100000.0,
        "Cost Of Revenue": 908400000.0,
        "Total Revenue": 1449500000.0,
        "Operating Revenue": 1449500000.0
    },
    "2025-09-30": {
        "Tax Effect Of Unusual Items": 0.0,
        "Tax Rate For Calcs": 0.231,
        "Normalized EBITDA": 348900000.0,
        "Net Income From Continuing Operation Net Minority Interest": 213500000.0,
        "Reconciled Depreciation": 49800000.0,
        "Reconciled Cost Of Revenue": 861700000.0,
        "EBITDA": 348900000.0,
        "EBIT": 299100000.0,
        "Net Interest Income": -14500000.0,
        "Interest Expense": 21300000.0,
        "Interest Income": 6800000.0,
        "Normalized Income": 213500000.0,
        "Net Income From Continuing And Discontinued Operation": 214200000.0,
        "Total Expenses": 1053000000.0,
        "Total Operating Income As Reported": 293900000.0,
        "Diluted Average Shares": 42900000.0,
        "Basic Average Shares": 42500000.0,
        "Diluted EPS": 4.98,
        "Basic EPS": 5.02,
        "Diluted NI Availto Com Stockholders": 214200000.0,
        "Net Income Common Stockholders": 214200000.0,
        "Otherunder Preferred Stock Dividend": NaN,
        "Net Income": 214200000.0,
        "Net Income Including Noncontrolling Interests": 214200000.0,
        "Net Income Discontinuous Operations": 700000.0,
        "Net Income Continuous Operations": 213500000.0,
        "Tax Provision": 64300000.0,
        "Pretax Income": 277800000.0,
        "Other Income Expense": -1600000.0,
        "Other Non Operating Income Expenses": -1600000.0,
        "Net Non Operating Interest Income Expense": -14500000.0,
        "Interest Expense Non Operating": 21300000.0,
        "Interest Income Non Operating": 6800000.0,
        "Operating Income": 293900000.0,
        "Operating Expense": 191300000.0,
        "Other Operating Expenses": 1000000.0,
        "Depreciation Amortization Depletion Income Statement": NaN,
        "Depreciation And Amortization In Income Statement": NaN,
        "Research And Development": 12400000.0,
        "Selling General And Administration": 177900000.0,
        "Selling And Marketing Expense": NaN,
        "Gross Profit": 485200000.0,
        "Cost Of Revenue": 861700000.0,
        "Total Revenue": 1346900000.0,
        "Operating Revenue": 1346900000.0
    }
}