{
    "2023-03-31": {
        "Tax Effect Of Unusual Items": -20829.081633,
        "Tax Rate For Calcs": 0.181122,
        "Normalized EBITDA": 806000.0,
        "Total Unusual Items": -115000.0,
        "Total Unusual Items Excluding Goodwill": -115000.0,
        "Net Income From Continuing Operation Net Minority Interest": 321000.0,
        "Reconciled Depreciation": 237000.0,
        "Reconciled Cost Of Revenue": 8279000.0,
        "EBITDA": 691000.0,
        "EBIT": 454000.0,
        "Net Interest Income": 263000.0,
        "Interest Expense": 62000.0,
        "Interest Income": 325000.0,
        "Normalized Income": 415170.918367,
        "Net Income From Continuing And Discontinued Operation": 321000.0,
        "Total Expenses": 13032000.0,
        "Total Operating Income As Reported": 237000.0,
        "Diluted Average Shares": 8924000.0,
        "Basic Average Shares": 8782000.0,
        "Diluted EPS": 0.03,
        "Basic EPS": 0.03,
        "Diluted NI Availto Com Stockholders": 302000.0,
        "Net Income Common Stockholders": 302000.0,
        "Otherunder Preferred Stock Dividend": 19000.0,
        "Net Income": 321000.0,
        "Net Income Including Noncontrolling Interests": 321000.0,
        "Net Income Continuous Operations": 321000.0,
        "Tax Provision": 71000.0,
        "Pretax Income": 392000.0,
        "Other Income Expense": -108000.0,
        "Other Non Operating Income Expenses": 7000.0,
        "Gain On Sale Of Security": -115000.0,
        "Net Non Operating Interest Income Expense": 263000.0,
        "Interest Expense Non Operating": 62000.0,
        "Interest Income Non Operating": 325000.0,
        "Operating Income": 237000.0,
        "Operating Expense": 4753000.0,
        "Research And Development": 858000.0,
        "Selling General And Administration": 3895000.0,
        "Gross Profit": 4990000.0,
        "Cost Of Revenue": 8279000.0,
        "Total Revenue": 13269000.0,
        "Operating Revenue": 13269000.0
    },
    "2022-12-31": {
        "Tax Effect Of Unusual Items": -60907.678245,
        "Tax Rate For Calcs": 0.121572,
        "Normalized EBITDA": 1898000.0,
        "Total Unusual Items": -501000.0,
        "Total Unusual Items Excluding Goodwill": -501000.0,
        "Net Income From Continuing Operation Net Minority Interest": 961000.0,
        "Reconciled Depreciation": 239000.0,
        "Reconciled Cost Of Revenue": 12527000.0,
        "EBITDA": 1397000.0,
        "EBIT": 1158000.0,
        "Net Interest Income": 197000.0,
        "Interest Expense": 64000.0,
        "Interest Income": 261000.0,
        "Normalized Income": 1401092.321755,
        "Net Income From Continuing And Discontinued Operation": 961000.0,
        "Total Expenses": 16980000.0,
        "Total Operating Income As Reported": 1364000.0,
        "Diluted Average Shares": 4328000.0,
        "Basic Average Shares": 4295000.0,
        "Diluted EPS": 0.21,
        "Basic EPS": 0.21,
        "Diluted NI Availto Com Stockholders": 906000.0,
        "Net Income Common Stockholders": 906000.0,
        "Otherunder Preferred Stock Dividend": 55000.0,
        "Net Income": 961000.0,
        "Net Income Including Noncontrolling Interests": 961000.0,
        "Net Income Continuous Operations": 961000.0,
        "Tax Provision": 133000.0,
        "Pretax Income": 1094000.0,
        "Other Income Expense": -467000.0,
        "Other Non Operating Income Expenses": 34000.0,
        "Gain On Sale Of Security": -501000.0,
        "Net Non Operating Interest Income Expense": 197000.0,
        "Interest Expense Non Operating": 64000.0,
        "Interest Income Non Operating": 261000.0,
        "Operating Income": 1364000.0,
        "Operating Expense": 4453000.0,
        "Research And Development": 836000.0,
        "Selling General And Administration": 3617000.0,
        "Gross Profit": 5817000.0,
        "Cost Of Revenue": 12527000.0,
        "Total Revenue": 18344000.0,
        "Operating Revenue": 18344000.0
    },
    "2022-09-30": {
        "Tax Effect Of Unusual Items": NaN,
        "Tax Rate For Calcs": NaN,
        "Normalized EBITDA": NaN,
        "Total Unusual Items": NaN,
        "Total Unusual Items Excluding Goodwill": NaN,
        "Net Income From Continuing Operation Net Minority Interest": NaN,
        "Reconciled Depreciation": NaN,
        "Reconciled Cost Of Revenue": NaN,
        "EBITDA": NaN,
        "EBIT": NaN,
        "Net Interest Income": NaN,
        "Interest Expense": NaN,
        "Interest Income": NaN,
        "Normalized Income": NaN,
        "Net Income From Continuing And Discontinued Operation": NaN,
        "Total Expenses": NaN,
        "Total Operating Income As Reported": NaN,
        "Diluted Average Shares": NaN,
        "Basic Average Shares": NaN,
        "Diluted EPS": NaN,
        "Basic EPS": NaN,
        "Diluted NI Availto Com Stockholders": NaN,
        "Net Income Common Stockholders": NaN,
        "Otherunder Preferred Stock Dividend": NaN,
        "Net Income": NaN,
        "Net Income Including Noncontrolling Interests": NaN,
        "Net Income Continuous Operations": NaN,
        "Tax Provision": NaN,
        "Pretax Income": NaN,
        "Other Income Expense": NaN,
        "Other Non Operating Income Expenses": NaN,
        "Special Income Charges": 0.0,
        "Gain On Sale Of Security": NaN,
        "Net Non Operating Interest Income Expense": NaN,
        "Interest Expense Non Operating": NaN,
        "Interest Income Non Operating": NaN,
        "Operating Income": NaN,
        "Operating Expense": NaN,
        "Research And Development": NaN,
        "Selling General And Administration": NaN,
        "Gross Profit": NaN,
        "Cost Of Revenue": NaN,
        "Total Revenue": NaN,
        "Operating Revenue": NaN
    },
    "2022-06-30": {
        "Tax Effect Of Unusual Items": 9781.294964,
        "Tax Rate For Calcs": 0.015827,
        "Normalized EBITDA": 354000.0,
        "Total Unusual Items": 618000.0,
        "Total Unusual Items Excluding Goodwill": 618000.0,
        "Net Income From Continuing Operation Net Minority Interest": 684000.0,
        "Reconciled Depreciation": 197000.0,
        "Reconciled Cost Of Revenue": 8352000.0,
        "EBITDA": 972000.0,
        "EBIT": 775000.0,
        "Net Interest Income": 78000.0,
        "Interest Expense": 80000.0,
        "Interest Income": 158000.0,
        "Normalized Income": 75781.294964,
        "Net Income From Continuing And Discontinued Operation": 684000.0,
        "Total Expenses": 13307000.0,
        "Total Operating Income As Reported": 19000.0,
        "Diluted Average Shares": 4283000.0,
        "Basic Average Shares": 4280000.0,
        "Diluted EPS": 0.15,
        "Basic EPS": 0.15,
        "Diluted NI Availto Com Stockholders": 646000.0,
        "Net Income Common Stockholders": 646000.0,
        "Otherunder Preferred Stock Dividend": 38000.0,
        "Net Income": 684000.0,
        "Net Income Including Noncontrolling Interests": 684000.0,
        "Net Income Discontinuous Operations": NaN,
        "Net Income Continuous Operations": 684000.0,
        "Tax Provision": 11000.0,
        "Pretax Income": 695000.0,
        "Other Income Expense": 598000.0,
        "Other Non Operating Income Expenses": -20000.0,
        "Special Income Charges": 0.0,
        "Gain On Sale Of Security": 618000.0,
        "Net Non Operating Interest Income Expense": 78000.0,
        "Interest Expense Non Operating": 80000.0,
        "Interest Income Non Operating": 158000.0,
        "Operating Income": 19000.0,
        "Operating Expense": 4955000.0,
        "Research And Development": 884000.0,
        "Selling General And Administration": 4071000.0,
        "Gross Profit": 4974000.0,
        "Cost Of Revenue": 8352000.0,
        "Total Revenue": 13326000.0,
        "Operating Revenue": 13326000.0
    },
    "2022-03-31": {
        "Diluted EPS": 0.03,
        "Total Revenue": 12,
        "Gross Profit": 4,
        "Operating Income": 0,
        "EBIT": 0,
        "Net Income": 0
    },
    "2021-12-31": {
        "Diluted EPS": -0.09,
        "Total Revenue": 12,
        "Gross Profit": 4,
        "Operating Income": 0,
        "EBIT": 0,
        "Net Income": 0
    },
    "2021-09-30": {
        "Diluted EPS": 0.2,
        "Total Revenue": 10,
        "Gross Profit": 4,
        "Operating Income": 0,
        "EBIT": 0,
        "Net Income": 1
    },
    "2021-06-30": {
        "Diluted EPS": -0.1,
        "Total Revenue": 14,
        "Gross Profit": 4,
        "Operating Income": 0,
        "EBIT": 0,
        "Net Income": 0
    },
    "2021-03-31": {
        "Diluted EPS": -0.2,
        "Total Revenue": 14,
        "Gross Profit": 4,
        "Operating Income": 0,
        "EBIT": 0,
        "Net Income": -1
    },
    "2020-12-31": {
        "Diluted EPS": 0.26,
        "Total Revenue": 11,
        "Gross Profit": 3,
        "Operating Income": -1,
        "EBIT": 0,
        "Net Income": 1
    },
    "2020-09-30": {
        "Diluted EPS": 0.01,
        "Total Revenue": 14,
        "Gross Profit": 4,
        "Operating Income": 0,
        "EBIT": 0,
        "Net Income": 0
    },
    "2020-06-30": {
        "Diluted EPS": -0.05,
        "Total Revenue": 14,
        "Gross Profit": 4,
        "Operating Income": 0,
        "EBIT": 0,
        "Net Income": 0
    },
    "2020-03-31": {
        "Diluted EPS": -0.18,
        "Total Revenue": 17,
        "Gross Profit": 4,
        "Operating Income": 0,
        "EBIT": 0,
        "Net Income": -1
    },
    "2019-12-31": {
        "Diluted EPS": -0.14,
        "Total Revenue": 17,
        "Gross Profit": 4,
        "Operating Income": 0,
        "EBIT": 0,
        "Net Income": -1
    },
    "2019-09-30": {
        "Diluted EPS": -0.07,
        "Total Revenue": 22,
        "Gross Profit": 5,
        "Operating Income": 0,
        "EBIT": 0,
        "Net Income": 0
    },
    "2019-06-30": {
        "Diluted EPS": 0.12,
        "Total Revenue": 22,
        "Gross Profit": 5,
        "Operating Income": 0,
        "EBIT": 0,
        "Net Income": 1
    },
    "2019-03-31": {
        "Diluted EPS": -0.15,
        "Total Revenue": 16,
        "Gross Profit": 4,
        "Operating Income": -1,
        "EBIT": -1,
        "Net Income": -1
    },
    "2018-12-31": {
        "Diluted EPS": 0.01,
        "Total Revenue": 19,
        "Gross Profit": 4,
        "Operating Income": 0,
        "EBIT": 0,
        "Net Income": 0
    },
    "2018-09-30": {
        "Diluted EPS": 4.03,
        "Total Revenue": 20,
        "Gross Profit": 5,
        "Operating Income": -1,
        "EBIT": -1,
        "Net Income": 16
    },
    "2018-06-30": {
        "Diluted EPS": 0.0,
        "Total Revenue": 20,
        "Gross Profit": 5,
        "Operating Income": 0,
        "EBIT": 0,
        "Net Income": 0
    },
    "2018-03-31": {
        "Diluted EPS": -0.16,
        "Total Revenue": 17,
        "Gross Profit": 4,
        "Operating Income": -1,
        "EBIT": -1,
        "Net Income": -1
    },
    "2017-12-31": {
        "Diluted EPS": -0.32,
        "Total Revenue": 17,
        "Gross Profit": 4,
        "Operating Income": 0,
        "EBIT": 0,
        "Net Income": -1
    },
    "2017-09-30": {
        "Diluted EPS": 0.35,
        "Total Revenue": 17,
        "Gross Profit": 5,
        "Operating Income": 2,
        "EBIT": 2,
        "Net Income": 1
    },
    "2017-06-30": {
        "Diluted EPS": 0.18,
        "Total Revenue": 26,
        "Gross Profit": 6,
        "Operating Income": 1,
        "EBIT": 1,
        "Net Income": 1
    },
    "2017-03-31": {
        "Diluted EPS": 0.11,
        "Total Revenue": 25,
        "Gross Profit": 6,
        "Operating Income": 1,
        "EBIT": 1,
        "Net Income": 0
    },
    "2016-12-31": {
        "Diluted EPS": -0.01,
        "Total Revenue": 20,
        "Gross Profit": 4,
        "Operating Income": 0,
        "EBIT": 0,
        "Net Income": 0
    },
    "2016-09-30": {
        "Diluted EPS": 0.15,
        "Total Revenue": 26,
        "Gross Profit": 6,
        "Operating Income": 1,
        "EBIT": 1,
        "Net Income": 1
    },
    "2016-06-30": {
        "Diluted EPS": 0.32,
        "Total Revenue": 27,
        "Gross Profit": 7,
        "Operating Income": 2,
        "EBIT": 2,
        "Net Income": 1
    },
    "2016-03-31": {
        "Diluted EPS": 0.13,
        "Total Revenue": 27,
        "Gross Profit": 6,
        "Operating Income": 1,
        "EBIT": 1,
        "Net Income": 0
    },
    "2015-12-31": {
        "Diluted EPS": 0.07,
        "Total Revenue": 24,
        "Gross Profit": 5,
        "Operating Income": 0,
        "EBIT": 1,
        "Net Income": 0
    },
    "2015-09-30": {
        "Diluted EPS": 0.18,
        "Total Revenue": 28,
        "Gross Profit": 6,
        "Operating Income": 1,
        "EBIT": 1,
        "Net Income": 1
    },
    "2015-06-30": {
        "Diluted EPS": 0.07,
        "Total Revenue": 22,
        "Gross Profit": 5,
        "Operating Income": 1,
        "EBIT": 1,
        "Net Income": 0
    },
    "2015-03-31": {
        "Diluted EPS": -0.19,
        "Total Revenue": 19,
        "Gross Profit": 4,
        "Operating Income": -1,
        "EBIT": 0,
        "Net Income": -1
    },
    "2014-12-31": {
        "Diluted EPS": -0.12,
        "Total Revenue": 20,
        "Gross Profit": 4,
        "Operating Income": -1,
        "EBIT": -1,
        "Net Income": 0
    },
    "2014-09-30": {
        "Diluted EPS": -0.03,
        "Total Revenue": 20,
        "Gross Profit": 5,
        "Operating Income": 0,
        "EBIT": 0,
        "Net Income": 0
    },
    "2014-06-30": {
        "Diluted EPS": 0.25,
        "Total Revenue": 23,
        "Gross Profit": 6,
        "Operating Income": 1,
        "EBIT": 1,
        "Net Income": 1
    },
    "2014-03-31": {
        "Diluted EPS": 0.05,
        "Total Revenue": 21,
        "Gross Profit": 5,
        "Operating Income": 0,
        "EBIT": 0,
        "Net Income": 0
    },
    "2013-12-31": {
        "Diluted EPS": 0.1,
        "Total Revenue": 21,
        "Gross Profit": 5,
        "Operating Income": 0,
        "EBIT": 1,
        "Net Income": 0
    },
    "2013-09-30": {
        "Diluted EPS": 0.0,
        "Total Revenue": 22,
        "Gross Profit": 5,
        "Operating Income": 0,
        "EBIT": 0,
        "Net Income": 0
    },
    "2013-06-30": {
        "Diluted EPS": -0.14,
        "Total Revenue": 19,
        "Gross Profit": 4,
        "Operating Income": -1,
        "EBIT": -1,
        "Net Income": 0
    },
    "2013-03-31": {
        "Diluted EPS": 0.21,
        "Total Revenue": 26,
        "Gross Profit": 6,
        "Operating Income": 1,
        "EBIT": 1,
        "Net Income": 1
    },
    "2012-12-31": {
        "Diluted EPS": 0.03,
        "Total Revenue": 21,
        "Gross Profit": 4,
        "Operating Income": 0,
        "EBIT": 0,
        "Net Income": 0
    },
    "2012-09-30": {
        "Diluted EPS": 1.43,
        "Total Revenue": 22,
        "Gross Profit": 6,
        "Operating Income": 2,
        "EBIT": 2,
        "Net Income": 5
    },
    "2012-06-30": {
        "Diluted EPS": 0.22,
        "Total Revenue": 22,
        "Gross Profit": 5,
        "Operating Income": 1,
        "EBIT": 1,
        "Net Income": 1
    },
    "2012-03-31": {
        "Diluted EPS": 0.13,
        "Total Revenue": 19,
        "Gross Profit": 5,
        "Operating Income": 1,
        "EBIT": 1,
        "Net Income": 0
    },
    "2011-12-31": {
        "Diluted EPS": 0.13,
        "Total Revenue": 21,
        "Gross Profit": 5,
        "Operating Income": 1,
        "EBIT": 1,
        "Net Income": 0
    },
    "2011-09-30": {
        "Diluted EPS": -0.03,
        "Total Revenue": 17,
        "Gross Profit": 4,
        "Operating Income": 0,
        "EBIT": 0,
        "Net Income": 0
    },
    "2011-06-30": {
        "Diluted EPS": -0.06,
        "Total Revenue": 19,
        "Gross Profit": 4,
        "Operating Income": 0,
        "EBIT": 0,
        "Net Income": 0
    },
    "2011-03-31": {
        "Diluted EPS": 0.08,
        "Total Revenue": 18,
        "Gross Profit": 4,
        "Operating Income": 0,
        "EBIT": 1,
        "Net Income": 0
    },
    "2010-12-31": {
        "Diluted EPS": 0.11,
        "Total Revenue": 21,
        "Gross Profit": 5,
        "Operating Income": 1,
        "EBIT": 1,
        "Net Income": 0
    },
    "2010-09-30": {
        "Diluted EPS": 0.02,
        "Total Revenue": 21,
        "Gross Profit": 5,
        "Operating Income": 0,
        "EBIT": 0,
        "Net Income": 0
    },
    "2010-06-30": {
        "Diluted EPS": 0.17,
        "Total Revenue": 27,
        "Gross Profit": 5,
        "Operating Income": 1,
        "EBIT": 1,
        "Net Income": 1
    },
    "2010-03-31": {
        "Diluted EPS": 0.27,
        "Total Revenue": 24,
        "Gross Profit": 5,
        "Operating Income": 2,
        "EBIT": 2,
        "Net Income": 1
    },
    "2009-12-31": {
        "Diluted EPS": -0.21,
        "Total Revenue": 19,
        "Gross Profit": 2,
        "Operating Income": -1,
        "EBIT": -1,
        "Net Income": -1
    },
    "2009-09-30": {
        "Diluted EPS": -0.99,
        "Total Revenue": 18,
        "Gross Profit": 3,
        "Operating Income": -5,
        "EBIT": -1,
        "Net Income": -4
    },
    "2009-06-30": {
        "Diluted EPS": -0.21,
        "Total Revenue": 19,
        "Gross Profit": 3,
        "Operating Income": -1,
        "EBIT": -1,
        "Net Income": -1
    },
    "2009-03-31": {
        "Diluted EPS": 0.06,
        "Total Revenue": 23,
        "Gross Profit": 4,
        "Operating Income": 0,
        "EBIT": 0,
        "Net Income": 0
    },
    "2023-06-30": {
        "Tax Effect Of Unusual Items": NaN,
        "Tax Rate For Calcs": NaN,
        "Normalized EBITDA": NaN,
        "Total Unusual Items": NaN,
        "Total Unusual Items Excluding Goodwill": NaN,
        "Net Income From Continuing Operation Net Minority Interest": NaN,
        "Reconciled Depreciation": NaN,
        "Reconciled Cost Of Revenue": NaN,
        "EBITDA": NaN,
        "EBIT": NaN,
        "Net Interest Income": NaN,
        "Interest Expense": NaN,
        "Interest Income": NaN,
        "Normalized Income": NaN,
        "Net Income From Continuing And Discontinued Operation": NaN,
        "Total Expenses": NaN,
        "Total Operating Income As Reported": NaN,
        "Diluted Average Shares": 9032000.0,
        "Basic Average Shares": 8826000.0,
        "Diluted EPS": 0.26,
        "Basic EPS": 0.27,
        "Diluted NI Availto Com Stockholders": NaN,
        "Net Income Common Stockholders": NaN,
        "Otherunder Preferred Stock Dividend": 159000.0,
        "Net Income": NaN,
        "Net Income Including Noncontrolling Interests": NaN,
        "Net Income Continuous Operations": NaN,
        "Tax Provision": NaN,
        "Pretax Income": NaN,
        "Other Income Expense": NaN,
        "Other Non Operating Income Expenses": NaN,
        "Gain On Sale Of Security": NaN,
        "Net Non Operating Interest Income Expense": NaN,
        "Interest Expense Non Operating": NaN,
        "Interest Income Non Operating": NaN,
        "Operating Income": NaN,
        "Operating Expense": NaN,
        "Research And Development": NaN,
        "Selling General And Administration": NaN,
        "Gross Profit": NaN,
        "Cost Of Revenue": NaN,
        "Total Revenue": NaN,
        "Operating Revenue": NaN
    },
    "2023-09-30": {
        "Tax Effect Of Unusual Items": NaN,
        "Tax Rate For Calcs": NaN,
        "Normalized EBITDA": NaN,
        "Total Unusual Items": NaN,
        "Total Unusual Items Excluding Goodwill": NaN,
        "Net Income From Continuing Operation Net Minority Interest": NaN,
        "Reconciled Depreciation": NaN,
        "Reconciled Cost Of Revenue": NaN,
        "EBITDA": NaN,
        "EBIT": NaN,
        "Net Interest Income": NaN,
        "Interest Expense": NaN,
        "Interest Income": NaN,
        "Normalized Income": NaN,
        "Net Income From Continuing And Discontinued Operation": NaN,
        "Total Expenses": NaN,
        "Total Operating Income As Reported": NaN,
        "Diluted Average Shares": 8928000.0,
        "Basic Average Shares": 8852000.0,
        "Diluted EPS": 0.15,
        "Basic EPS": 0.15,
        "Diluted NI Availto Com Stockholders": NaN,
        "Net Income Common Stockholders": NaN,
        "Otherunder Preferred Stock Dividend": 88000.0,
        "Net Income": NaN,
        "Net Income Including Noncontrolling Interests": NaN,
        "Net Income Continuous Operations": NaN,
        "Tax Provision": NaN,
        "Pretax Income": NaN,
        "Other Income Expense": NaN,
        "Other Non Operating Income Expenses": NaN,
        "Gain On Sale Of Security": NaN,
        "Net Non Operating Interest Income Expense": NaN,
        "Interest Expense Non Operating": NaN,
        "Interest Income Non Operating": NaN,
        "Operating Income": NaN,
        "Operating Expense": NaN,
        "Research And Development": NaN,
        "Selling General And Administration": NaN,
        "Gross Profit": NaN,
        "Cost Of Revenue": NaN,
        "Total Revenue": NaN,
        "Operating Revenue": NaN
    },
    "2023-12-31": {
        "Tax Effect Of Unusual Items": NaN,
        "Tax Rate For Calcs": NaN,
        "Normalized EBITDA": NaN,
        "Total Unusual Items": NaN,
        "Total Unusual Items Excluding Goodwill": NaN,
        "Net Income From Continuing Operation Net Minority Interest": NaN,
        "Reconciled Depreciation": NaN,
        "Reconciled Cost Of Revenue": NaN,
        "EBITDA": NaN,
        "EBIT": NaN,
        "Net Interest Income": NaN,
        "Interest Expense": NaN,
        "Interest Income": NaN,
        "Normalized Income": NaN,
        "Net Income From Continuing And Discontinued Operation": NaN,
        "Total Expenses": NaN,
        "Total Operating Income As Reported": NaN,
        "Diluted Average Shares": 8864000.0,
        "Basic Average Shares": 8864000.0,
        "Diluted EPS": -0.01,
        "Basic EPS": -0.01,
        "Diluted NI Availto Com Stockholders": NaN,
        "Net Income Common Stockholders": NaN,
        "Otherunder Preferred Stock Dividend": 0.0,
        "Net Income": NaN,
        "Net Income Including Noncontrolling Interests": NaN,
        "Net Income Continuous Operations": NaN,
        "Tax Provision": NaN,
        "Pretax Income": NaN,
        "Other Income Expense": NaN,
        "Other Non Operating Income Expenses": NaN,
        "Gain On Sale Of Security": NaN,
        "Net Non Operating Interest Income Expense": NaN,
        "Interest Expense Non Operating": NaN,
        "Interest Income Non Operating": NaN,
        "Operating Income": NaN,
        "Operating Expense": NaN,
        "Research And Development": NaN,
        "Selling General And Administration": NaN,
        "Gross Profit": NaN,
        "Cost Of Revenue": NaN,
        "Total Revenue": NaN,
        "Operating Revenue": NaN
    },
    "2024-03-31": {
        "Tax Effect Of Unusual Items": NaN,
        "Tax Rate For Calcs": NaN,
        "Normalized EBITDA": NaN,
        "Total Unusual Items": NaN,
        "Total Unusual Items Excluding Goodwill": NaN,
        "Net Income From Continuing Operation Net Minority Interest": NaN,
        "Reconciled Depreciation": NaN,
        "Reconciled Cost Of Revenue": NaN,
        "EBITDA": NaN,
        "EBIT": NaN,
        "Net Interest Income": NaN,
        "Interest Expense": NaN,
        "Interest Income": NaN,
        "Normalized Income": NaN,
        "Net Income From Continuing And Discontinued Operation": NaN,
        "Total Expenses": NaN,
        "Total Operating Income As Reported": NaN,
        "Diluted Average Shares": 9455000.0,
        "Basic Average Shares": 9070000.0,
        "Diluted EPS": 0.16,
        "Basic EPS": 0.16,
        "Diluted NI Availto Com Stockholders": NaN,
        "Net Income Common Stockholders": NaN,
        "Otherunder Preferred Stock Dividend": 106000.0,
        "Net Income": NaN,
        "Net Income Including Noncontrolling Interests": NaN,
        "Net Income Continuous Operations": NaN,
        "Tax Provision": NaN,
        "Pretax Income": NaN,
        "Other Income Expense": NaN,
        "Other Non Operating Income Expenses": NaN,
        "Gain On Sale Of Security": NaN,
        "Net Non Operating Interest Income Expense": NaN,
        "Interest Expense Non Operating": NaN,
        "Interest Income Non Operating": NaN,
        "Operating Income": NaN,
        "Operating Expense": NaN,
        "Research And Development": NaN,
        "Selling General And Administration": NaN,
        "Gross Profit": NaN,
        "Cost Of Revenue": NaN,
        "Total Revenue": NaN,
        "Operating Revenue": NaN
    },
    "2024-06-30": {
        "Tax Effect Of Unusual Items": NaN,
        "Tax Rate For Calcs": NaN,
        "Normalized EBITDA": NaN,
        "Total Unusual Items": NaN,
        "Total Unusual Items Excluding Goodwill": NaN,
        "Net Income From Continuing Operation Net Minority Interest": NaN,
        "Reconciled Depreciation": NaN,
        "Reconciled Cost Of Revenue": NaN,
        "EBITDA": NaN,
        "EBIT": NaN,
        "Net Interest Income": NaN,
        "Interest Expense": NaN,
        "Interest Income": NaN,
        "Normalized Income": NaN,
        "Net Income From Continuing And Discontinued Operation": NaN,
        "Total Expenses": NaN,
        "Total Operating Income As Reported": NaN,
        "Diluted Average Shares": 9110000.0,
        "Basic Average Shares": 9110000.0,
        "Diluted EPS": -0.02,
        "Basic EPS": -0.02,
        "Diluted NI Availto Com Stockholders": NaN,
        "Net Income Common Stockholders": NaN,
        "Otherunder Preferred Stock Dividend": 0.0,
        "Net Income": NaN,
        "Net Income Including Noncontrolling Interests": NaN,
        "Net Income Continuous Operations": NaN,
        "Tax Provision": NaN,
        "Pretax Income": NaN,
        "Other Income Expense": NaN,
        "Other Non Operating Income Expenses": NaN,
        "Gain On Sale Of Security": NaN,
        "Net Non Operating Interest Income Expense": NaN,
        "Interest Expense Non Operating": NaN,
        "Interest Income Non Operating": NaN,
        "Operating Income": NaN,
        "Operating Expense": NaN,
        "Research And Development": NaN,
        "Selling General And Administration": NaN,
        "Gross Profit": NaN,
        "Cost Of Revenue": NaN,
        "Total Revenue": NaN,
        "Operating Revenue": NaN
    },
    "2024-09-30": {
        "Tax Effect Of Unusual Items": -26057.080132,
        "Tax Rate For Calcs": 0.091109,
        "Normalized EBITDA": -1255000.0,
        "Total Unusual Items": -286000.0,
        "Total Unusual Items Excluding Goodwill": -286000.0,
        "Net Income From Continuing Operation Net Minority Interest": -1656000.0,
        "Reconciled Depreciation": 196000.0,
        "Reconciled Cost Of Revenue": 9333000.0,
        "EBITDA": -1541000.0,
        "EBIT": -1737000.0,
        "Net Interest Income": 465000.0,
        "Interest Expense": 85000.0,
        "Interest Income": 550000.0,
        "Normalized Income": -1396057.080132,
        "Net Income From Continuing And Discontinued Operation": -1656000.0,
        "Total Expenses": 15076000.0,
        "Total Operating Income As Reported": -2043000.0,
        "Diluted Average Shares": NaN,
        "Basic Average Shares": NaN,
        "Diluted EPS": NaN,
        "Basic EPS": NaN,
        "Diluted NI Availto Com Stockholders": -1570000.0,
        "Net Income Common Stockholders": -1570000.0,
        "Otherunder Preferred Stock Dividend": NaN,
        "Net Income": -1656000.0,
        "Net Income Including Noncontrolling Interests": -1656000.0,
        "Net Income Continuous Operations": -1656000.0,
        "Tax Provision": -166000.0,
        "Pretax Income": -1822000.0,
        "Other Income Expense": -244000.0,
        "Other Non Operating Income Expenses": 42000.0,
        "Gain On Sale Of Security": -286000.0,
        "Net Non Operating Interest Income Expense": 465000.0,
        "Interest Expense Non Operating": 85000.0,
        "Interest Income Non Operating": 550000.0,
        "Operating Income": -2043000.0,
        "Operating Expense": 5743000.0,
        "Research And Development": 793000.0,
        "Selling General And Administration": 4950000.0,
        "Gross Profit": 3700000.0,
        "Cost Of Revenue": 9333000.0,
        "Total Revenue": 13033000.0,
        "Operating Revenue": 13033000.0
    },
    "2024-12-31": {
        "Tax Effect Of Unusual Items": 61950.0,
        "Tax Rate For Calcs": 0.21,
        "Normalized EBITDA": 336000.0,
        "Total Unusual Items": 295000.0,
        "Total Unusual Items Excluding Goodwill": 295000.0,
        "Net Income From Continuing Operation Net Minority Interest": 472000.0,
        "Reconciled Depreciation": 197000.0,
        "Reconciled Cost Of Revenue": 11106000.0,
        "EBITDA": 631000.0,
        "EBIT": 434000.0,
        "Net Interest Income": 412000.0,
        "Interest Expense": 77000.0,
        "Interest Income": 489000.0,
        "Normalized Income": 238950.0,
        "Net Income From Continuing And Discontinued Operation": 472000.0,
        "Total Expenses": 16024000.0,
        "Total Operating Income As Reported": -354000.0,
        "Diluted Average Shares": 9619000.0,
        "Basic Average Shares": 9124000.0,
        "Diluted EPS": 0.05,
        "Basic EPS": 0.05,
        "Diluted NI Availto Com Stockholders": 438000.0,
        "Net Income Common Stockholders": 438000.0,
        "Otherunder Preferred Stock Dividend": 34000.0,
        "Net Income": 472000.0,
        "Net Income Including Noncontrolling Interests": 472000.0,
        "Net Income Continuous Operations": 472000.0,
        "Tax Provision": -115000.0,
        "Pretax Income": 357000.0,
        "Other Income Expense": 299000.0,
        "Other Non Operating Income Expenses": 4000.0,
        "Gain On Sale Of Security": 295000.0,
        "Net Non Operating Interest Income Expense": 412000.0,
        "Interest Expense Non Operating": 77000.0,
        "Interest Income Non Operating": 489000.0,
        "Operating Income": -354000.0,
        "Operating Expense": 4918000.0,
        "Research And Development": 786000.0,
        "Selling General And Administration": 4132000.0,
        "Gross Profit": 4564000.0,
        "Cost Of Revenue": 11106000.0,
        "Total Revenue": 15670000.0,
        "Operating Revenue": 15670000.0
    },
    "2025-03-31": {
        "Tax Effect Of Unusual Items": -27720.0,
        "Tax Rate For Calcs": 0.21,
        "Normalized EBITDA": -399000.0,
        "Total Unusual Items": -132000.0,
        "Total Unusual Items Excluding Goodwill": -132000.0,
        "Net Income From Continuing Operation Net Minority Interest": -108000.0,
        "Reconciled Depreciation": 183000.0,
        "Reconciled Cost Of Revenue": 8940000.0,
        "EBITDA": -531000.0,
        "EBIT": -714000.0,
        "Net Interest Income": 337000.0,
        "Interest Expense": 77000.0,
        "Interest Income": 414000.0,
        "Normalized Income": -3720.0,
        "Net Income From Continuing And Discontinued Operation": -108000.0,
        "Total Expenses": 14141000.0,
        "Total Operating Income As Reported": -994000.0,
        "Diluted Average Shares": 9343000.0,
        "Basic Average Shares": 9343000.0,
        "Diluted EPS": -0.01,
        "Basic EPS": -0.01,
        "Diluted NI Availto Com Stockholders": -108000.0,
        "Net Income Common Stockholders": -108000.0,
        "Otherunder Preferred Stock Dividend": 0.0,
        "Net Income": -108000.0,
        "Net Income Including Noncontrolling Interests": -108000.0,
        "Net Income Continuous Operations": -108000.0,
        "Tax Provision": -683000.0,
        "Pretax Income": -791000.0,
        "Other Income Expense": -134000.0,
        "Other Non Operating Income Expenses": -2000.0,
        "Gain On Sale Of Security": -132000.0,
        "Net Non Operating Interest Income Expense": 337000.0,
        "Interest Expense Non Operating": 77000.0,
        "Interest Income Non Operating": 414000.0,
        "Operating Income": -994000.0,
        "Operating Expense": 5201000.0,
        "Research And Development": 763000.0,
        "Selling General And Administration": 4438000.0,
        "Gross Profit": 4207000.0,
        "Cost Of Revenue": 8940000.0,
        "Total Revenue": 13147000.0,
        "Operating Revenue": 13147000.0
    },
    "2025-06-30": {
        "Tax Effect Of Unusual Items": -42000.0,
        "Tax Rate For Calcs": 0.21,
        "Normalized EBITDA": -541000.0,
        "Total Unusual Items": -200000.0,
        "Total Unusual Items Excluding Goodwill": -200000.0,
        "Net Income From Continuing Operation Net Minority Interest": -264000.0,
        "Reconciled Depreciation": 169000.0,
        "Reconciled Cost Of Revenue": 10995000.0,
        "EBITDA": -741000.0,
        "EBIT": -910000.0,
        "Net Interest Income": 335000.0,
        "Interest Expense": 105000.0,
        "Interest Income": 440000.0,
        "Normalized Income": -106000.0,
        "Net Income From Continuing And Discontinued Operation": -264000.0,
        "Total Expenses": 16671000.0,
        "Total Operating Income As Reported": -1223000.0,
        "Diluted Average Shares": 9362000.0,
        "Basic Average Shares": 9362000.0,
        "Diluted EPS": -0.03,
        "Basic EPS": -0.03,
        "Diluted NI Availto Com Stockholders": -264000.0,
        "Net Income Common Stockholders": -264000.0,
        "Otherunder Preferred Stock Dividend": 0.0,
        "Net Income": -264000.0,
        "Net Income Including Noncontrolling Interests": -264000.0,
        "Net Income Continuous Operations": -264000.0,
        "Tax Provision": -751000.0,
        "Pretax Income": -1015000.0,
        "Other Income Expense": -127000.0,
        "Other Non Operating Income Expenses": 73000.0,
        "Gain On Sale Of Security": -200000.0,
        "Net Non Operating Interest Income Expense": 335000.0,
        "Interest Expense Non Operating": 105000.0,
        "Interest Income Non Operating": 440000.0,
        "Operating Income": -1223000.0,
        "Operating Expense": 5676000.0,
        "Research And Development": 791000.0,
        "Selling General And Administration": 4885000.0,
        "Gross Profit": 4453000.0,
        "Cost Of Revenue": 10995000.0,
        "Total Revenue": 15448000.0,
        "Operating Revenue": 15448000.0
    },
    "2025-09-30": {
        "Tax Effect Of Unusual Items": 6933.962264,
        "Tax Rate For Calcs": 0.099057,
        "Normalized EBITDA": -31000.0,
        "Total Unusual Items": 70000.0,
        "Total Unusual Items Excluding Goodwill": 70000.0,
        "Net Income From Continuing Operation Net Minority Interest": -191000.0,
        "Reconciled Depreciation": 153000.0,
        "Reconciled Cost Of Revenue": 9178000.0,
        "EBITDA": 39000.0,
        "EBIT": -114000.0,
        "Net Interest Income": 413000.0,
        "Interest Expense": 98000.0,
        "Interest Income": 511000.0,
        "Normalized Income": -254066.037736,
        "Net Income From Continuing And Discontinued Operation": -191000.0,
        "Total Expenses": 15003000.0,
        "Total Operating Income As Reported": -538000.0,
        "Diluted Average Shares": 9361000.0,
        "Basic Average Shares": 9361000.0,
        "Diluted EPS": -0.02,
        "Basic EPS": -0.02,
        "Diluted NI Availto Com Stockholders": -185000.0,
        "Net Income Common Stockholders": -185000.0,
        "Otherunder Preferred Stock Dividend": -6000.0,
        "Net Income": -191000.0,
        "Net Income Including Noncontrolling Interests": -191000.0,
        "Net Income Continuous Operations": -191000.0,
        "Tax Provision": -21000.0,
        "Pretax Income": -212000.0,
        "Other Income Expense": -87000.0,
        "Other Non Operating Income Expenses": -157000.0,
        "Gain On Sale Of Security": 70000.0,
        "Net Non Operating Interest Income Expense": 413000.0,
        "Interest Expense Non Operating": 98000.0,
        "Interest Income Non Operating": 511000.0,
        "Operating Income": -538000.0,
        "Operating Expense": 5825000.0,
        "Research And Development": 910000.0,
        "Selling General And Administration": 4915000.0,
        "Gross Profit": 5287000.0,
        "Cost Of Revenue": 9178000.0,
        "Total Revenue": 14465000.0,
        "Operating Revenue": 14465000.0
    }
}