{
    "2023-03-31": {
        "Tax Effect Of Unusual Items": NaN,
        "Tax Rate For Calcs": NaN,
        "Normalized EBITDA": NaN,
        "Total Unusual Items": NaN,
        "Total Unusual Items Excluding Goodwill": NaN,
        "Net Income From Continuing Operation Net Minority Interest": NaN,
        "Reconciled Depreciation": NaN,
        "Reconciled Cost Of Revenue": NaN,
        "EBITDA": NaN,
        "EBIT": NaN,
        "Net Interest Income": NaN,
        "Interest Income": 2336000.0,
        "Normalized Income": NaN,
        "Net Income From Continuing And Discontinued Operation": NaN,
        "Total Expenses": NaN,
        "Total Operating Income As Reported": NaN,
        "Diluted Average Shares": NaN,
        "Basic Average Shares": NaN,
        "Diluted EPS": NaN,
        "Basic EPS": NaN,
        "Diluted NI Availto Com Stockholders": NaN,
        "Net Income Common Stockholders": NaN,
        "Net Income": NaN,
        "Minority Interests": NaN,
        "Net Income Including Noncontrolling Interests": NaN,
        "Net Income Continuous Operations": NaN,
        "Tax Provision": NaN,
        "Pretax Income": NaN,
        "Other Income Expense": NaN,
        "Special Income Charges": NaN,
        "Other Special Charges": NaN,
        "Restructuring And Mergern Acquisition": NaN,
        "Net Non Operating Interest Income Expense": NaN,
        "Total Other Finance Cost": NaN,
        "Interest Income Non Operating": 2336000.0,
        "Operating Income": NaN,
        "Operating Expense": NaN,
        "Research And Development": NaN,
        "Selling General And Administration": NaN,
        "Selling And Marketing Expense": NaN,
        "General And Administrative Expense": NaN,
        "Other Gand A": NaN,
        "Gross Profit": NaN,
        "Cost Of Revenue": NaN,
        "Total Revenue": NaN,
        "Operating Revenue": NaN
    },
    "2022-12-31": {
        "Tax Effect Of Unusual Items": -1394318.705598,
        "Tax Rate For Calcs": 0.022477,
        "Normalized EBITDA": 3719000.0,
        "Total Unusual Items": -62032000.0,
        "Total Unusual Items Excluding Goodwill": -62032000.0,
        "Net Income From Continuing Operation Net Minority Interest": -73966000.0,
        "Reconciled Depreciation": 9121000.0,
        "Reconciled Cost Of Revenue": 128438000.0,
        "EBITDA": -58313000.0,
        "EBIT": -67434000.0,
        "Net Interest Income": -8905000.0,
        "Interest Income": NaN,
        "Normalized Income": -13328318.705598,
        "Net Income From Continuing And Discontinued Operation": -73966000.0,
        "Total Expenses": 163782000.0,
        "Total Operating Income As Reported": -75180000.0,
        "Diluted Average Shares": 34504904.0,
        "Basic Average Shares": 34504904.0,
        "Diluted EPS": -2.15,
        "Basic EPS": -2.15,
        "Diluted NI Availto Com Stockholders": -73966000.0,
        "Net Income Common Stockholders": -73966000.0,
        "Net Income": -73966000.0,
        "Minority Interests": -78000.0,
        "Net Income Including Noncontrolling Interests": -73888000.0,
        "Net Income Continuous Operations": -73888000.0,
        "Tax Provision": -1699000.0,
        "Pretax Income": -75587000.0,
        "Other Income Expense": -62269000.0,
        "Special Income Charges": -70767000.0,
        "Other Special Charges": -491000.0,
        "Restructuring And Mergern Acquisition": NaN,
        "Net Non Operating Interest Income Expense": -8905000.0,
        "Total Other Finance Cost": NaN,
        "Interest Income Non Operating": NaN,
        "Operating Income": -4413000.0,
        "Operating Expense": 35344000.0,
        "Research And Development": 1151000.0,
        "Selling General And Administration": 34193000.0,
        "Selling And Marketing Expense": 22332000.0,
        "General And Administrative Expense": 11861000.0,
        "Other Gand A": 11861000.0,
        "Gross Profit": 30931000.0,
        "Cost Of Revenue": 128438000.0,
        "Total Revenue": 159369000.0,
        "Operating Revenue": 159369000.0
    },
    "2022-09-30": {
        "Tax Effect Of Unusual Items": NaN,
        "Tax Rate For Calcs": NaN,
        "Normalized EBITDA": NaN,
        "Total Unusual Items": NaN,
        "Total Unusual Items Excluding Goodwill": NaN,
        "Net Income From Continuing Operation Net Minority Interest": NaN,
        "Reconciled Depreciation": NaN,
        "Reconciled Cost Of Revenue": NaN,
        "EBITDA": NaN,
        "EBIT": NaN,
        "Net Interest Income": NaN,
        "Interest Income": NaN,
        "Normalized Income": NaN,
        "Net Income From Continuing And Discontinued Operation": NaN,
        "Total Expenses": NaN,
        "Total Operating Income As Reported": NaN,
        "Diluted Average Shares": NaN,
        "Basic Average Shares": NaN,
        "Diluted EPS": NaN,
        "Basic EPS": NaN,
        "Diluted NI Availto Com Stockholders": NaN,
        "Net Income Common Stockholders": NaN,
        "Net Income": NaN,
        "Minority Interests": NaN,
        "Net Income Including Noncontrolling Interests": NaN,
        "Net Income Continuous Operations": NaN,
        "Tax Provision": NaN,
        "Pretax Income": NaN,
        "Other Income Expense": NaN,
        "Special Income Charges": NaN,
        "Other Special Charges": NaN,
        "Restructuring And Mergern Acquisition": 0.0,
        "Net Non Operating Interest Income Expense": NaN,
        "Total Other Finance Cost": 4307000.0,
        "Interest Income Non Operating": NaN,
        "Operating Income": NaN,
        "Operating Expense": NaN,
        "Research And Development": NaN,
        "Selling General And Administration": NaN,
        "Selling And Marketing Expense": NaN,
        "General And Administrative Expense": NaN,
        "Other Gand A": NaN,
        "Gross Profit": NaN,
        "Cost Of Revenue": NaN,
        "Total Revenue": NaN,
        "Operating Revenue": NaN
    },
    "2022-06-30": {
        "Tax Effect Of Unusual Items": -163714.866026,
        "Tax Rate For Calcs": 0.122725,
        "Normalized EBITDA": 17847000.0,
        "Total Unusual Items": -1334000.0,
        "Total Unusual Items Excluding Goodwill": -1334000.0,
        "Net Income From Continuing Operation Net Minority Interest": 11147000.0,
        "Reconciled Depreciation": 8823000.0,
        "Reconciled Cost Of Revenue": 132747000.0,
        "EBITDA": 16513000.0,
        "EBIT": 7690000.0,
        "Net Interest Income": 6445000.0,
        "Interest Expense": NaN,
        "Interest Income": 6445000.0,
        "Normalized Income": 12317285.133974,
        "Net Income From Continuing And Discontinued Operation": 11147000.0,
        "Total Expenses": 172582000.0,
        "Total Operating Income As Reported": 6356000.0,
        "Diluted Average Shares": 34524257.0,
        "Basic Average Shares": 34479635.0,
        "Diluted EPS": 0.32,
        "Basic EPS": 0.32,
        "Diluted NI Availto Com Stockholders": 11147000.0,
        "Net Income Common Stockholders": 11147000.0,
        "Net Income": 11147000.0,
        "Minority Interests": -83000.0,
        "Net Income Including Noncontrolling Interests": 11230000.0,
        "Net Income Continuous Operations": 11230000.0,
        "Tax Provision": 1571000.0,
        "Pretax Income": 12801000.0,
        "Other Income Expense": -1334000.0,
        "Special Income Charges": -1334000.0,
        "Other Special Charges": 1334000.0,
        "Impairment Of Capital Assets": NaN,
        "Restructuring And Mergern Acquisition": NaN,
        "Net Non Operating Interest Income Expense": 6445000.0,
        "Total Other Finance Cost": NaN,
        "Interest Expense Non Operating": NaN,
        "Interest Income Non Operating": 6445000.0,
        "Operating Income": 7690000.0,
        "Operating Expense": 39835000.0,
        "Research And Development": 1190000.0,
        "Selling General And Administration": 38645000.0,
        "Selling And Marketing Expense": 24884000.0,
        "General And Administrative Expense": 13761000.0,
        "Other Gand A": 13761000.0,
        "Gross Profit": 47525000.0,
        "Cost Of Revenue": 132747000.0,
        "Total Revenue": 180272000.0,
        "Operating Revenue": 180272000.0
    },
    "2022-03-31": {
        "Diluted EPS": 0.18,
        "Total Revenue": 170,
        "Gross Profit": 43,
        "Operating Income": 7,
        "EBIT": 16,
        "Net Income": 6
    },
    "2021-12-31": {
        "Diluted EPS": -0.12,
        "Total Revenue": 171,
        "Gross Profit": 40,
        "Operating Income": 3,
        "EBIT": 12,
        "Net Income": -4
    },
    "2021-09-30": {
        "Diluted EPS": 0.17,
        "Total Revenue": 163,
        "Gross Profit": 43,
        "Operating Income": 9,
        "EBIT": 18,
        "Net Income": 6
    },
    "2021-06-30": {
        "Diluted EPS": 0.05,
        "Total Revenue": 163,
        "Gross Profit": 46,
        "Operating Income": 5,
        "EBIT": 14,
        "Net Income": 2
    },
    "2021-03-31": {
        "Diluted EPS": 0.41,
        "Total Revenue": 146,
        "Gross Profit": 43,
        "Operating Income": 10,
        "EBIT": 19,
        "Net Income": 14
    },
    "2020-12-31": {
        "Diluted EPS": -0.07,
        "Total Revenue": 137,
        "Gross Profit": 39,
        "Operating Income": 8,
        "EBIT": 16,
        "Net Income": -2
    },
    "2020-09-30": {
        "Diluted EPS": 0.37,
        "Total Revenue": 124,
        "Gross Profit": 39,
        "Operating Income": 15,
        "EBIT": 22,
        "Net Income": 13
    },
    "2020-06-30": {
        "Diluted EPS": -0.17,
        "Total Revenue": 99,
        "Gross Profit": 20,
        "Operating Income": -3,
        "EBIT": 4,
        "Net Income": -6
    },
    "2020-03-31": {
        "Diluted EPS": 0.08,
        "Total Revenue": 127,
        "Gross Profit": 36,
        "Operating Income": 2,
        "EBIT": 9,
        "Net Income": 3
    },
    "2019-12-31": {
        "Diluted EPS": -0.02,
        "Total Revenue": 134,
        "Gross Profit": 35,
        "Operating Income": 0,
        "EBIT": 7,
        "Net Income": 0
    },
    "2019-09-30": {
        "Diluted EPS": 0.21,
        "Total Revenue": 143,
        "Gross Profit": 43,
        "Operating Income": 13,
        "EBIT": 20,
        "Net Income": 7
    },
    "2019-06-30": {
        "Diluted EPS": 0.19,
        "Total Revenue": 141,
        "Gross Profit": 40,
        "Operating Income": 11,
        "EBIT": 19,
        "Net Income": 6
    },
    "2019-03-31": {
        "Diluted EPS": -0.01,
        "Total Revenue": 128,
        "Gross Profit": 31,
        "Operating Income": 1,
        "EBIT": 7,
        "Net Income": 0
    },
    "2018-12-31": {
        "Diluted EPS": 0.04,
        "Total Revenue": 143,
        "Gross Profit": 37,
        "Operating Income": 4,
        "EBIT": 11,
        "Net Income": 2
    },
    "2018-09-30": {
        "Diluted EPS": 0.31,
        "Total Revenue": 148,
        "Gross Profit": 44,
        "Operating Income": 14,
        "EBIT": 21,
        "Net Income": 11
    },
    "2018-06-30": {
        "Diluted EPS": 0.32,
        "Total Revenue": 149,
        "Gross Profit": 48,
        "Operating Income": 13,
        "EBIT": 20,
        "Net Income": 11
    },
    "2018-03-31": {
        "Diluted EPS": 0.05,
        "Total Revenue": 136,
        "Gross Profit": 34,
        "Operating Income": 1,
        "EBIT": 9,
        "Net Income": 1
    },
    "2017-12-31": {
        "Diluted EPS": -0.19,
        "Total Revenue": 148,
        "Gross Profit": 46,
        "Operating Income": -5,
        "EBIT": 3,
        "Net Income": -8
    },
    "2017-09-30": {
        "Diluted EPS": 0.19,
        "Total Revenue": 155,
        "Gross Profit": 50,
        "Operating Income": 11,
        "EBIT": 18,
        "Net Income": 7
    },
    "2017-06-30": {
        "Diluted EPS": 0.42,
        "Total Revenue": 149,
        "Gross Profit": 52,
        "Operating Income": 19,
        "EBIT": 27,
        "Net Income": 15
    },
    "2017-03-31": {
        "Diluted EPS": 0.31,
        "Total Revenue": 136,
        "Gross Profit": 49,
        "Operating Income": 15,
        "EBIT": 23,
        "Net Income": 11
    },
    "2016-12-31": {
        "Diluted EPS": 0.37,
        "Total Revenue": 135,
        "Gross Profit": 51,
        "Operating Income": 19,
        "EBIT": 26,
        "Net Income": 13
    },
    "2016-09-30": {
        "Diluted EPS": 0.65,
        "Total Revenue": 144,
        "Gross Profit": 58,
        "Operating Income": 28,
        "EBIT": 35,
        "Net Income": 22
    },
    "2016-06-30": {
        "Diluted EPS": 0.73,
        "Total Revenue": 142,
        "Gross Profit": 60,
        "Operating Income": 31,
        "EBIT": 38,
        "Net Income": 25
    },
    "2016-03-31": {
        "Diluted EPS": 0.33,
        "Total Revenue": 117,
        "Gross Profit": 43,
        "Operating Income": 14,
        "EBIT": 21,
        "Net Income": 12
    },
    "2015-12-31": {
        "Diluted EPS": 0.53,
        "Total Revenue": 127,
        "Gross Profit": 48,
        "Operating Income": 23,
        "EBIT": 29,
        "Net Income": 19
    },
    "2015-09-30": {
        "Diluted EPS": 0.56,
        "Total Revenue": 137,
        "Gross Profit": 54,
        "Operating Income": 25,
        "EBIT": 31,
        "Net Income": 20
    },
    "2015-06-30": {
        "Diluted EPS": 0.65,
        "Total Revenue": 128,
        "Gross Profit": 53,
        "Operating Income": 28,
        "EBIT": 33,
        "Net Income": 23
    },
    "2015-03-31": {
        "Diluted EPS": 0.46,
        "Total Revenue": 108,
        "Gross Profit": 45,
        "Operating Income": 21,
        "EBIT": 25,
        "Net Income": 16
    },
    "2014-12-31": {
        "Diluted EPS": 0.58,
        "Total Revenue": 114,
        "Gross Profit": 49,
        "Operating Income": 23,
        "EBIT": 27,
        "Net Income": 20
    },
    "2014-09-30": {
        "Diluted EPS": 0.75,
        "Total Revenue": 123,
        "Gross Profit": 54,
        "Operating Income": 31,
        "EBIT": 35,
        "Net Income": 27
    },
    "2014-06-30": {
        "Diluted EPS": 0.51,
        "Total Revenue": 116,
        "Gross Profit": 48,
        "Operating Income": 24,
        "EBIT": 28,
        "Net Income": 18
    },
    "2014-03-31": {
        "Diluted EPS": 0.37,
        "Total Revenue": 94,
        "Gross Profit": 39,
        "Operating Income": 17,
        "EBIT": 22,
        "Net Income": 13
    },
    "2013-12-31": {
        "Diluted EPS": 0.48,
        "Total Revenue": 97,
        "Gross Profit": 42,
        "Operating Income": 20,
        "EBIT": 24,
        "Net Income": 17
    },
    "2013-09-30": {
        "Diluted EPS": 0.46,
        "Total Revenue": 94,
        "Gross Profit": 42,
        "Operating Income": 21,
        "EBIT": 25,
        "Net Income": 16
    },
    "2013-06-30": {
        "Diluted EPS": 0.56,
        "Total Revenue": 89,
        "Gross Profit": 44,
        "Operating Income": 22,
        "EBIT": 26,
        "Net Income": 20
    },
    "2013-03-31": {
        "Diluted EPS": 0.3,
        "Total Revenue": 76,
        "Gross Profit": 34,
        "Operating Income": 13,
        "EBIT": 17,
        "Net Income": 11
    },
    "2012-12-31": {
        "Diluted EPS": 0.31,
        "Total Revenue": 76,
        "Gross Profit": 32,
        "Operating Income": 12,
        "EBIT": 16,
        "Net Income": 11
    },
    "2012-09-30": {
        "Diluted EPS": 0.36,
        "Total Revenue": 78,
        "Gross Profit": 35,
        "Operating Income": 17,
        "EBIT": 20,
        "Net Income": 13
    },
    "2012-06-30": {
        "Diluted EPS": 0.34,
        "Total Revenue": 75,
        "Gross Profit": 32,
        "Operating Income": 14,
        "EBIT": 14,
        "Net Income": 12
    },
    "2012-03-31": {
        "Diluted EPS": 0.18,
        "Total Revenue": 67,
        "Gross Profit": 28,
        "Operating Income": 7,
        "EBIT": 7,
        "Net Income": 5
    },
    "2011-12-31": {
        "Diluted EPS": 0.14,
        "Total Revenue": 67,
        "Gross Profit": 67,
        "Operating Income": 67,
        "EBIT": 67,
        "Net Income": 4
    },
    "2011-09-30": {
        "Diluted EPS": 0.37,
        "Total Revenue": 74,
        "Gross Profit": 74,
        "Operating Income": 74,
        "EBIT": 74,
        "Net Income": 10
    },
    "2011-06-30": {
        "Diluted EPS": 0.27,
        "Total Revenue": 66,
        "Gross Profit": 66,
        "Operating Income": 66,
        "EBIT": 66,
        "Net Income": 7
    },
    "2011-03-31": {
        "Diluted EPS": 0.29,
        "Total Revenue": 52,
        "Gross Profit": 52,
        "Operating Income": 52,
        "EBIT": 52,
        "Net Income": 8
    },
    "2023-06-30": {
        "Tax Effect Of Unusual Items": NaN,
        "Tax Rate For Calcs": NaN,
        "Normalized EBITDA": NaN,
        "Total Unusual Items": NaN,
        "Total Unusual Items Excluding Goodwill": NaN,
        "Net Income From Continuing Operation Net Minority Interest": NaN,
        "Reconciled Depreciation": NaN,
        "Reconciled Cost Of Revenue": NaN,
        "EBITDA": NaN,
        "EBIT": NaN,
        "Net Interest Income": NaN,
        "Interest Income": NaN,
        "Normalized Income": NaN,
        "Net Income From Continuing And Discontinued Operation": NaN,
        "Total Expenses": NaN,
        "Total Operating Income As Reported": NaN,
        "Diluted Average Shares": NaN,
        "Basic Average Shares": NaN,
        "Diluted EPS": NaN,
        "Basic EPS": NaN,
        "Diluted NI Availto Com Stockholders": NaN,
        "Net Income Common Stockholders": NaN,
        "Net Income": NaN,
        "Minority Interests": NaN,
        "Net Income Including Noncontrolling Interests": NaN,
        "Net Income Continuous Operations": NaN,
        "Tax Provision": NaN,
        "Pretax Income": NaN,
        "Other Income Expense": NaN,
        "Special Income Charges": NaN,
        "Other Special Charges": NaN,
        "Restructuring And Mergern Acquisition": 23573000.0,
        "Net Non Operating Interest Income Expense": NaN,
        "Total Other Finance Cost": NaN,
        "Interest Income Non Operating": NaN,
        "Operating Income": NaN,
        "Operating Expense": NaN,
        "Research And Development": NaN,
        "Selling General And Administration": NaN,
        "Selling And Marketing Expense": NaN,
        "General And Administrative Expense": NaN,
        "Other Gand A": NaN,
        "Gross Profit": NaN,
        "Cost Of Revenue": NaN,
        "Total Revenue": NaN,
        "Operating Revenue": NaN
    },
    "2023-09-30": {
        "Tax Effect Of Unusual Items": NaN,
        "Tax Rate For Calcs": NaN,
        "Normalized EBITDA": NaN,
        "Total Unusual Items": NaN,
        "Total Unusual Items Excluding Goodwill": NaN,
        "Net Income From Continuing Operation Net Minority Interest": NaN,
        "Reconciled Depreciation": NaN,
        "Reconciled Cost Of Revenue": NaN,
        "EBITDA": NaN,
        "EBIT": NaN,
        "Net Interest Income": NaN,
        "Interest Income": NaN,
        "Normalized Income": NaN,
        "Net Income From Continuing And Discontinued Operation": NaN,
        "Total Expenses": NaN,
        "Total Operating Income As Reported": NaN,
        "Diluted Average Shares": NaN,
        "Basic Average Shares": NaN,
        "Diluted EPS": NaN,
        "Basic EPS": NaN,
        "Diluted NI Availto Com Stockholders": NaN,
        "Net Income Common Stockholders": NaN,
        "Net Income": NaN,
        "Minority Interests": NaN,
        "Net Income Including Noncontrolling Interests": NaN,
        "Net Income Continuous Operations": NaN,
        "Tax Provision": NaN,
        "Pretax Income": NaN,
        "Other Income Expense": NaN,
        "Special Income Charges": NaN,
        "Other Special Charges": NaN,
        "Restructuring And Mergern Acquisition": -3349000.0,
        "Net Non Operating Interest Income Expense": NaN,
        "Total Other Finance Cost": -1292000.0,
        "Interest Income Non Operating": NaN,
        "Operating Income": NaN,
        "Operating Expense": NaN,
        "Research And Development": NaN,
        "Selling General And Administration": NaN,
        "Selling And Marketing Expense": NaN,
        "General And Administrative Expense": NaN,
        "Other Gand A": NaN,
        "Gross Profit": NaN,
        "Cost Of Revenue": NaN,
        "Total Revenue": NaN,
        "Operating Revenue": NaN
    },
    "2023-12-31": {
        "Tax Effect Of Unusual Items": NaN,
        "Tax Rate For Calcs": NaN,
        "Normalized EBITDA": NaN,
        "Total Unusual Items": NaN,
        "Total Unusual Items Excluding Goodwill": NaN,
        "Net Income From Continuing Operation Net Minority Interest": NaN,
        "Reconciled Depreciation": NaN,
        "Reconciled Cost Of Revenue": NaN,
        "EBITDA": NaN,
        "EBIT": NaN,
        "Net Interest Income": NaN,
        "Interest Income": NaN,
        "Normalized Income": NaN,
        "Net Income From Continuing And Discontinued Operation": NaN,
        "Total Expenses": NaN,
        "Total Operating Income As Reported": NaN,
        "Diluted Average Shares": 34527235.0,
        "Basic Average Shares": 34527235.0,
        "Diluted EPS": -1.47,
        "Basic EPS": -1.47,
        "Diluted NI Availto Com Stockholders": NaN,
        "Net Income Common Stockholders": NaN,
        "Net Income": NaN,
        "Minority Interests": NaN,
        "Net Income Including Noncontrolling Interests": NaN,
        "Net Income Continuous Operations": NaN,
        "Tax Provision": NaN,
        "Pretax Income": NaN,
        "Other Income Expense": NaN,
        "Special Income Charges": NaN,
        "Other Special Charges": NaN,
        "Restructuring And Mergern Acquisition": NaN,
        "Net Non Operating Interest Income Expense": NaN,
        "Interest Income Non Operating": NaN,
        "Operating Income": NaN,
        "Operating Expense": NaN,
        "Research And Development": NaN,
        "Selling General And Administration": NaN,
        "Selling And Marketing Expense": NaN,
        "General And Administrative Expense": NaN,
        "Other Gand A": NaN,
        "Gross Profit": NaN,
        "Cost Of Revenue": NaN,
        "Total Revenue": NaN,
        "Operating Revenue": NaN
    },
    "2024-03-31": {
        "Tax Effect Of Unusual Items": -148050.0,
        "Tax Rate For Calcs": 0.21,
        "Normalized EBITDA": 135000.0,
        "Total Unusual Items": -705000.0,
        "Total Unusual Items Excluding Goodwill": -705000.0,
        "Net Income From Continuing Operation Net Minority Interest": -5087000.0,
        "Reconciled Depreciation": 4328000.0,
        "Reconciled Cost Of Revenue": 89305000.0,
        "EBITDA": -570000.0,
        "EBIT": -4898000.0,
        "Net Interest Income": 706000.0,
        "Interest Income": 706000.0,
        "Normalized Income": -4530050.0,
        "Net Income From Continuing And Discontinued Operation": -5087000.0,
        "Total Expenses": 123190000.0,
        "Total Operating Income As Reported": -5603000.0,
        "Diluted Average Shares": 34534185.0,
        "Basic Average Shares": 34534185.0,
        "Diluted EPS": -0.15,
        "Basic EPS": -0.15,
        "Diluted NI Availto Com Stockholders": -5087000.0,
        "Net Income Common Stockholders": -5087000.0,
        "Net Income": -5087000.0,
        "Minority Interests": -164000.0,
        "Net Income Including Noncontrolling Interests": -4923000.0,
        "Net Income Continuous Operations": -4923000.0,
        "Tax Provision": 26000.0,
        "Pretax Income": -4897000.0,
        "Other Income Expense": -705000.0,
        "Special Income Charges": -705000.0,
        "Other Special Charges": 705000.0,
        "Restructuring And Mergern Acquisition": 0.0,
        "Net Non Operating Interest Income Expense": 706000.0,
        "Interest Income Non Operating": 706000.0,
        "Operating Income": -4898000.0,
        "Operating Expense": 33885000.0,
        "Research And Development": 1212000.0,
        "Selling General And Administration": 32673000.0,
        "Selling And Marketing Expense": 22368000.0,
        "General And Administrative Expense": 10305000.0,
        "Other Gand A": 10305000.0,
        "Gross Profit": 28987000.0,
        "Cost Of Revenue": 89305000.0,
        "Total Revenue": 118292000.0,
        "Operating Revenue": 118292000.0
    },
    "2024-06-30": {
        "Tax Effect Of Unusual Items": -613410.0,
        "Tax Rate For Calcs": 0.21,
        "Normalized EBITDA": 899000.0,
        "Total Unusual Items": -2921000.0,
        "Total Unusual Items Excluding Goodwill": -2921000.0,
        "Net Income From Continuing Operation Net Minority Interest": -9179000.0,
        "Reconciled Depreciation": 4310000.0,
        "Reconciled Cost Of Revenue": 92098000.0,
        "EBITDA": -2022000.0,
        "EBIT": -6332000.0,
        "Net Interest Income": 1848000.0,
        "Interest Income": 1848000.0,
        "Normalized Income": -6871410.0,
        "Net Income From Continuing And Discontinued Operation": -9179000.0,
        "Total Expenses": 125764000.0,
        "Total Operating Income As Reported": -9253000.0,
        "Diluted Average Shares": 34536399.0,
        "Basic Average Shares": 34536399.0,
        "Diluted EPS": -0.27,
        "Basic EPS": -0.27,
        "Diluted NI Availto Com Stockholders": -9179000.0,
        "Net Income Common Stockholders": -9179000.0,
        "Net Income": -9179000.0,
        "Minority Interests": 191000.0,
        "Net Income Including Noncontrolling Interests": -9370000.0,
        "Net Income Continuous Operations": -9370000.0,
        "Tax Provision": 1965000.0,
        "Pretax Income": -7405000.0,
        "Other Income Expense": -2921000.0,
        "Special Income Charges": -2921000.0,
        "Other Special Charges": 2831000.0,
        "Restructuring And Mergern Acquisition": 90000.0,
        "Net Non Operating Interest Income Expense": 1848000.0,
        "Interest Income Non Operating": 1848000.0,
        "Operating Income": -6332000.0,
        "Operating Expense": 33666000.0,
        "Research And Development": 1100000.0,
        "Selling General And Administration": 32566000.0,
        "Selling And Marketing Expense": 22554000.0,
        "General And Administrative Expense": 10012000.0,
        "Other Gand A": 10012000.0,
        "Gross Profit": 27334000.0,
        "Cost Of Revenue": 92098000.0,
        "Total Revenue": 119432000.0,
        "Operating Revenue": 119432000.0
    },
    "2024-09-30": {
        "Tax Effect Of Unusual Items": 1001490.0,
        "Tax Rate For Calcs": 0.21,
        "Normalized EBITDA": -9327000.0,
        "Total Unusual Items": 4769000.0,
        "Total Unusual Items Excluding Goodwill": 4769000.0,
        "Net Income From Continuing Operation Net Minority Interest": -4222000.0,
        "Reconciled Depreciation": 4285000.0,
        "Reconciled Cost Of Revenue": 86268000.0,
        "EBITDA": -4558000.0,
        "EBIT": -8843000.0,
        "Net Interest Income": 297000.0,
        "Interest Income": 297000.0,
        "Normalized Income": -7989510.0,
        "Net Income From Continuing And Discontinued Operation": -4222000.0,
        "Total Expenses": 116477000.0,
        "Total Operating Income As Reported": -4074000.0,
        "Diluted Average Shares": 34539160.0,
        "Basic Average Shares": 34539160.0,
        "Diluted EPS": -0.12,
        "Basic EPS": -0.12,
        "Diluted NI Availto Com Stockholders": -4222000.0,
        "Net Income Common Stockholders": -4222000.0,
        "Net Income": -4222000.0,
        "Minority Interests": 6000.0,
        "Net Income Including Noncontrolling Interests": -4228000.0,
        "Net Income Continuous Operations": -4228000.0,
        "Tax Provision": 451000.0,
        "Pretax Income": -3777000.0,
        "Other Income Expense": 4769000.0,
        "Special Income Charges": 4769000.0,
        "Other Special Charges": 2077000.0,
        "Restructuring And Mergern Acquisition": -6846000.0,
        "Net Non Operating Interest Income Expense": 297000.0,
        "Interest Income Non Operating": 297000.0,
        "Operating Income": -8843000.0,
        "Operating Expense": 30209000.0,
        "Research And Development": 1192000.0,
        "Selling General And Administration": 29017000.0,
        "Selling And Marketing Expense": 21126000.0,
        "General And Administrative Expense": 7891000.0,
        "Other Gand A": 7891000.0,
        "Gross Profit": 21366000.0,
        "Cost Of Revenue": 86268000.0,
        "Total Revenue": 107634000.0,
        "Operating Revenue": 107634000.0
    },
    "2024-12-31": {
        "Tax Effect Of Unusual Items": -530039.277967,
        "Tax Rate For Calcs": 0.052719,
        "Normalized EBITDA": -3411000.0,
        "Total Unusual Items": -10054000.0,
        "Total Unusual Items Excluding Goodwill": -10054000.0,
        "Net Income From Continuing Operation Net Minority Interest": -24344000.0,
        "Reconciled Depreciation": 4211000.0,
        "Reconciled Cost Of Revenue": 78875000.0,
        "EBITDA": -13465000.0,
        "EBIT": -17676000.0,
        "Net Interest Income": -2198000.0,
        "Interest Income": 1948000.0,
        "Normalized Income": -14820039.277967,
        "Net Income From Continuing And Discontinued Operation": -24344000.0,
        "Total Expenses": 111427000.0,
        "Total Operating Income As Reported": -22956000.0,
        "Diluted Average Shares": NaN,
        "Basic Average Shares": NaN,
        "Diluted EPS": NaN,
        "Basic EPS": NaN,
        "Diluted NI Availto Com Stockholders": -20562000.0,
        "Net Income Common Stockholders": -20562000.0,
        "Net Income": -24344000.0,
        "Minority Interests": 111000.0,
        "Net Income Including Noncontrolling Interests": -24455000.0,
        "Net Income Continuous Operations": -24455000.0,
        "Tax Provision": -1361000.0,
        "Pretax Income": -25816000.0,
        "Other Income Expense": -10054000.0,
        "Special Income Charges": -9392000.0,
        "Other Special Charges": 1629000.0,
        "Restructuring And Mergern Acquisition": NaN,
        "Net Non Operating Interest Income Expense": -2198000.0,
        "Interest Income Non Operating": 1948000.0,
        "Operating Income": -13564000.0,
        "Operating Expense": 32552000.0,
        "Research And Development": 1446000.0,
        "Selling General And Administration": 31106000.0,
        "Selling And Marketing Expense": 20191000.0,
        "General And Administrative Expense": 10915000.0,
        "Other Gand A": 10915000.0,
        "Gross Profit": 18988000.0,
        "Cost Of Revenue": 78875000.0,
        "Total Revenue": 97863000.0,
        "Operating Revenue": 97863000.0
    },
    "2025-03-31": {
        "Tax Effect Of Unusual Items": -719460.0,
        "Tax Rate For Calcs": 0.21,
        "Normalized EBITDA": -4477000.0,
        "Total Unusual Items": -3426000.0,
        "Total Unusual Items Excluding Goodwill": -3426000.0,
        "Net Income From Continuing Operation Net Minority Interest": -12880000.0,
        "Reconciled Depreciation": 3424000.0,
        "Reconciled Cost Of Revenue": 78388000.0,
        "EBITDA": -7903000.0,
        "EBIT": -11327000.0,
        "Net Interest Income": 2463000.0,
        "Interest Income": 2463000.0,
        "Normalized Income": -10173460.0,
        "Net Income From Continuing And Discontinued Operation": -12880000.0,
        "Total Expenses": 110885000.0,
        "Total Operating Income As Reported": -14753000.0,
        "Diluted Average Shares": 34551999.0,
        "Basic Average Shares": 34551999.0,
        "Diluted EPS": -0.37,
        "Basic EPS": -0.37,
        "Diluted NI Availto Com Stockholders": -12880000.0,
        "Net Income Common Stockholders": -12880000.0,
        "Net Income": -12880000.0,
        "Minority Interests": 108000.0,
        "Net Income Including Noncontrolling Interests": -12988000.0,
        "Net Income Continuous Operations": -12988000.0,
        "Tax Provision": 698000.0,
        "Pretax Income": -12290000.0,
        "Other Income Expense": -3426000.0,
        "Special Income Charges": -3426000.0,
        "Other Special Charges": 3415000.0,
        "Restructuring And Mergern Acquisition": 11000.0,
        "Net Non Operating Interest Income Expense": 2463000.0,
        "Interest Income Non Operating": 2463000.0,
        "Operating Income": -11327000.0,
        "Operating Expense": 32497000.0,
        "Research And Development": 1437000.0,
        "Selling General And Administration": 31060000.0,
        "Selling And Marketing Expense": 20700000.0,
        "General And Administrative Expense": 10360000.0,
        "Other Gand A": 10360000.0,
        "Gross Profit": 21170000.0,
        "Cost Of Revenue": 78388000.0,
        "Total Revenue": 99558000.0,
        "Operating Revenue": 99558000.0
    }
}