{
    "2023-03-31": {
        "Tax Effect Of Unusual Items": NaN,
        "Tax Rate For Calcs": NaN,
        "Normalized EBITDA": NaN,
        "Total Unusual Items": 0.0,
        "Total Unusual Items Excluding Goodwill": 0.0,
        "Net Income From Continuing Operation Net Minority Interest": NaN,
        "Reconciled Depreciation": NaN,
        "Reconciled Cost Of Revenue": NaN,
        "EBITDA": NaN,
        "EBIT": NaN,
        "Net Interest Income": NaN,
        "Interest Expense": NaN,
        "Interest Income": NaN,
        "Normalized Income": NaN,
        "Net Income From Continuing And Discontinued Operation": NaN,
        "Total Expenses": NaN,
        "Total Operating Income As Reported": NaN,
        "Diluted Average Shares": NaN,
        "Basic Average Shares": NaN,
        "Diluted EPS": NaN,
        "Basic EPS": NaN,
        "Diluted NI Availto Com Stockholders": NaN,
        "Net Income Common Stockholders": NaN,
        "Net Income": NaN,
        "Net Income Including Noncontrolling Interests": NaN,
        "Net Income Continuous Operations": NaN,
        "Tax Provision": NaN,
        "Pretax Income": NaN,
        "Special Income Charges": 0.0,
        "Restructuring And Mergern Acquisition": 0.0,
        "Net Non Operating Interest Income Expense": NaN,
        "Interest Expense Non Operating": NaN,
        "Interest Income Non Operating": NaN,
        "Operating Income": NaN,
        "Operating Expense": NaN,
        "Depreciation Amortization Depletion Income Statement": NaN,
        "Depreciation And Amortization In Income Statement": NaN,
        "Amortization": NaN,
        "Amortization Of Intangibles Income Statement": NaN,
        "Research And Development": NaN,
        "Selling General And Administration": NaN,
        "Selling And Marketing Expense": NaN,
        "General And Administrative Expense": NaN,
        "Other Gand A": NaN,
        "Gross Profit": NaN,
        "Cost Of Revenue": NaN,
        "Total Revenue": NaN,
        "Operating Revenue": NaN
    },
    "2022-12-31": {
        "Tax Effect Of Unusual Items": NaN,
        "Tax Rate For Calcs": NaN,
        "Normalized EBITDA": NaN,
        "Total Unusual Items": 300000.0,
        "Total Unusual Items Excluding Goodwill": 300000.0,
        "Net Income From Continuing Operation Net Minority Interest": NaN,
        "Reconciled Depreciation": NaN,
        "Reconciled Cost Of Revenue": NaN,
        "EBITDA": NaN,
        "EBIT": NaN,
        "Net Interest Income": NaN,
        "Interest Expense": NaN,
        "Interest Income": NaN,
        "Normalized Income": NaN,
        "Net Income From Continuing And Discontinued Operation": NaN,
        "Total Expenses": NaN,
        "Total Operating Income As Reported": NaN,
        "Diluted Average Shares": NaN,
        "Basic Average Shares": NaN,
        "Diluted EPS": NaN,
        "Basic EPS": NaN,
        "Diluted NI Availto Com Stockholders": NaN,
        "Net Income Common Stockholders": NaN,
        "Net Income": NaN,
        "Net Income Including Noncontrolling Interests": NaN,
        "Net Income Continuous Operations": NaN,
        "Tax Provision": NaN,
        "Pretax Income": NaN,
        "Other Income Expense": 300000.0,
        "Special Income Charges": 300000.0,
        "Restructuring And Mergern Acquisition": -300000.0,
        "Net Non Operating Interest Income Expense": NaN,
        "Interest Expense Non Operating": NaN,
        "Interest Income Non Operating": NaN,
        "Operating Income": NaN,
        "Operating Expense": NaN,
        "Depreciation Amortization Depletion Income Statement": NaN,
        "Depreciation And Amortization In Income Statement": NaN,
        "Amortization": NaN,
        "Amortization Of Intangibles Income Statement": NaN,
        "Research And Development": NaN,
        "Selling General And Administration": NaN,
        "Selling And Marketing Expense": NaN,
        "General And Administrative Expense": NaN,
        "Other Gand A": NaN,
        "Gross Profit": NaN,
        "Cost Of Revenue": NaN,
        "Total Revenue": NaN,
        "Operating Revenue": NaN
    },
    "2022-09-30": {
        "Tax Effect Of Unusual Items": NaN,
        "Tax Rate For Calcs": NaN,
        "Normalized EBITDA": NaN,
        "Total Unusual Items": NaN,
        "Total Unusual Items Excluding Goodwill": NaN,
        "Net Income From Continuing Operation Net Minority Interest": NaN,
        "Reconciled Depreciation": NaN,
        "Reconciled Cost Of Revenue": NaN,
        "EBITDA": NaN,
        "EBIT": NaN,
        "Net Interest Income": NaN,
        "Interest Expense": NaN,
        "Interest Income": NaN,
        "Normalized Income": NaN,
        "Net Income From Continuing And Discontinued Operation": NaN,
        "Total Expenses": NaN,
        "Total Operating Income As Reported": NaN,
        "Diluted Average Shares": NaN,
        "Basic Average Shares": NaN,
        "Diluted EPS": NaN,
        "Basic EPS": NaN,
        "Diluted NI Availto Com Stockholders": NaN,
        "Net Income Common Stockholders": NaN,
        "Net Income": NaN,
        "Net Income Including Noncontrolling Interests": NaN,
        "Net Income Continuous Operations": NaN,
        "Tax Provision": NaN,
        "Pretax Income": NaN,
        "Other Income Expense": 151000.0,
        "Special Income Charges": NaN,
        "Restructuring And Mergern Acquisition": NaN,
        "Net Non Operating Interest Income Expense": NaN,
        "Interest Expense Non Operating": NaN,
        "Interest Income Non Operating": NaN,
        "Operating Income": NaN,
        "Operating Expense": NaN,
        "Depreciation Amortization Depletion Income Statement": NaN,
        "Depreciation And Amortization In Income Statement": NaN,
        "Amortization": NaN,
        "Amortization Of Intangibles Income Statement": NaN,
        "Research And Development": NaN,
        "Selling General And Administration": NaN,
        "Selling And Marketing Expense": NaN,
        "General And Administrative Expense": NaN,
        "Other Gand A": NaN,
        "Gross Profit": NaN,
        "Cost Of Revenue": NaN,
        "Total Revenue": NaN,
        "Operating Revenue": NaN
    },
    "2022-06-30": {
        "Tax Effect Of Unusual Items": 8159200.0,
        "Tax Rate For Calcs": 0.4,
        "Normalized EBITDA": -21371000.0,
        "Total Unusual Items": 20398000.0,
        "Total Unusual Items Excluding Goodwill": 20398000.0,
        "Net Income From Continuing Operation Net Minority Interest": -1648000.0,
        "Reconciled Depreciation": 2628000.0,
        "Reconciled Cost Of Revenue": 7155000.0,
        "EBITDA": -973000.0,
        "EBIT": -3601000.0,
        "Net Interest Income": 366000.0,
        "Interest Expense": 4000.0,
        "Interest Income": 370000.0,
        "Normalized Income": -13886800.0,
        "Net Income From Continuing And Discontinued Operation": -1648000.0,
        "Total Expenses": 59207000.0,
        "Total Operating Income As Reported": -3971000.0,
        "Diluted Average Shares": 26064000.0,
        "Basic Average Shares": 26064000.0,
        "Diluted EPS": -0.06,
        "Basic EPS": -0.06,
        "Diluted NI Availto Com Stockholders": -1648000.0,
        "Net Income Common Stockholders": -1648000.0,
        "Net Income": -1648000.0,
        "Net Income Including Noncontrolling Interests": -1648000.0,
        "Net Income Continuous Operations": -1648000.0,
        "Tax Provision": -1957000.0,
        "Pretax Income": -3605000.0,
        "Other Income Expense": 20398000.0,
        "Special Income Charges": 20398000.0,
        "Restructuring And Mergern Acquisition": -20398000.0,
        "Net Non Operating Interest Income Expense": 366000.0,
        "Interest Expense Non Operating": 4000.0,
        "Interest Income Non Operating": 370000.0,
        "Operating Income": -24369000.0,
        "Operating Expense": 51521000.0,
        "Depreciation Amortization Depletion Income Statement": 2097000.0,
        "Depreciation And Amortization In Income Statement": 2097000.0,
        "Amortization": 2097000.0,
        "Amortization Of Intangibles Income Statement": 2097000.0,
        "Research And Development": 11926000.0,
        "Selling General And Administration": 37498000.0,
        "Selling And Marketing Expense": 21581000.0,
        "General And Administrative Expense": 15917000.0,
        "Other Gand A": 15917000.0,
        "Gross Profit": 27152000.0,
        "Cost Of Revenue": 7686000.0,
        "Total Revenue": 34838000.0,
        "Operating Revenue": 34838000.0
    },
    "2023-06-30": {
        "Tax Effect Of Unusual Items": NaN,
        "Tax Rate For Calcs": NaN,
        "Normalized EBITDA": NaN,
        "Total Unusual Items": 0.0,
        "Total Unusual Items Excluding Goodwill": 0.0,
        "Net Income From Continuing Operation Net Minority Interest": NaN,
        "Reconciled Depreciation": NaN,
        "Reconciled Cost Of Revenue": NaN,
        "EBITDA": NaN,
        "EBIT": NaN,
        "Net Interest Income": NaN,
        "Interest Expense": NaN,
        "Interest Income": NaN,
        "Normalized Income": NaN,
        "Net Income From Continuing And Discontinued Operation": NaN,
        "Total Expenses": NaN,
        "Total Operating Income As Reported": NaN,
        "Diluted Average Shares": NaN,
        "Basic Average Shares": NaN,
        "Diluted EPS": NaN,
        "Basic EPS": NaN,
        "Diluted NI Availto Com Stockholders": NaN,
        "Net Income Common Stockholders": NaN,
        "Net Income": NaN,
        "Net Income Including Noncontrolling Interests": NaN,
        "Net Income Continuous Operations": NaN,
        "Tax Provision": NaN,
        "Pretax Income": NaN,
        "Special Income Charges": 0.0,
        "Restructuring And Mergern Acquisition": 0.0,
        "Net Non Operating Interest Income Expense": NaN,
        "Interest Expense Non Operating": NaN,
        "Interest Income Non Operating": NaN,
        "Operating Income": NaN,
        "Operating Expense": NaN,
        "Depreciation Amortization Depletion Income Statement": NaN,
        "Depreciation And Amortization In Income Statement": NaN,
        "Amortization": NaN,
        "Amortization Of Intangibles Income Statement": NaN,
        "Research And Development": NaN,
        "Selling General And Administration": NaN,
        "Selling And Marketing Expense": NaN,
        "General And Administrative Expense": NaN,
        "Other Gand A": NaN,
        "Gross Profit": NaN,
        "Cost Of Revenue": NaN,
        "Total Revenue": NaN,
        "Operating Revenue": NaN
    },
    "2022-03-31": {
        "Diluted EPS": -0.97,
        "Total Revenue": 27,
        "Gross Profit": 21,
        "Operating Income": -25,
        "EBIT": -22,
        "Net Income": -25
    },
    "2021-12-31": {
        "Diluted EPS": -0.25,
        "Total Revenue": 25,
        "Gross Profit": 20,
        "Operating Income": -15,
        "EBIT": -14,
        "Net Income": -6
    },
    "2021-09-30": {
        "Diluted EPS": -0.47,
        "Total Revenue": 23,
        "Gross Profit": 19,
        "Operating Income": -12,
        "EBIT": -11,
        "Net Income": -12
    },
    "2021-06-30": {
        "Diluted EPS": -0.35,
        "Total Revenue": 23,
        "Gross Profit": 19,
        "Operating Income": -9,
        "EBIT": -8,
        "Net Income": -9
    },
    "2021-03-31": {
        "Diluted EPS": -0.17,
        "Total Revenue": 23,
        "Gross Profit": 20,
        "Operating Income": -4,
        "EBIT": -4,
        "Net Income": -4
    },
    "2020-12-31": {
        "Diluted EPS": -0.26,
        "Total Revenue": 17,
        "Gross Profit": 15,
        "Operating Income": -3,
        "EBIT": -3,
        "Net Income": -5
    },
    "2020-09-30": {
        "Diluted EPS": -0.23,
        "Total Revenue": 15,
        "Gross Profit": 13,
        "Operating Income": -4,
        "EBIT": -4,
        "Net Income": -5
    },
    "2020-06-30": {
        "Diluted EPS": -0.08,
        "Total Revenue": 13,
        "Gross Profit": 11,
        "Operating Income": -1,
        "EBIT": 0,
        "Net Income": -1
    },
    "2020-03-31": {
        "Diluted EPS": 0.03,
        "Total Revenue": 17,
        "Gross Profit": 15,
        "Operating Income": 1,
        "EBIT": 1,
        "Net Income": 1
    },
    "2019-12-31": {
        "Diluted EPS": 2.01,
        "Total Revenue": 18,
        "Gross Profit": 16,
        "Operating Income": 3,
        "EBIT": 3,
        "Net Income": 2
    },
    "2019-09-30": {
        "Diluted EPS": 0.05,
        "Total Revenue": 15,
        "Gross Profit": 13,
        "Operating Income": 4,
        "EBIT": 5,
        "Net Income": 6
    },
    "2019-06-30": {
        "Diluted EPS": -1.05,
        "Total Revenue": 11,
        "Gross Profit": 9,
        "Operating Income": 1,
        "EBIT": 2,
        "Net Income": -2
    },
    "2019-03-31": {
        "Diluted EPS": -1.22,
        "Total Revenue": 9,
        "Gross Profit": 7,
        "Operating Income": 0,
        "EBIT": 0,
        "Net Income": -2
    },
    "2018-12-31": {
        "Diluted EPS": 0.0,
        "Total Revenue": NaN,
        "Gross Profit": NaN,
        "Operating Income": NaN,
        "EBIT": NaN,
        "Net Income": NaN
    },
    "2018-09-30": {
        "Diluted EPS": -2.33,
        "Total Revenue": 4,
        "Gross Profit": 2,
        "Operating Income": -3,
        "EBIT": -3,
        "Net Income": -4
    },
    "2018-06-30": {
        "Diluted EPS": -2.15,
        "Total Revenue": 4,
        "Gross Profit": 3,
        "Operating Income": -3,
        "EBIT": -3,
        "Net Income": -4
    },
    "2023-09-30": {
        "Tax Effect Of Unusual Items": NaN,
        "Tax Rate For Calcs": NaN,
        "Normalized EBITDA": NaN,
        "Total Unusual Items": 0.0,
        "Total Unusual Items Excluding Goodwill": 0.0,
        "Net Income From Continuing Operation Net Minority Interest": NaN,
        "Reconciled Depreciation": NaN,
        "Reconciled Cost Of Revenue": NaN,
        "EBITDA": NaN,
        "EBIT": NaN,
        "Net Interest Income": NaN,
        "Interest Expense": NaN,
        "Interest Income": NaN,
        "Normalized Income": NaN,
        "Net Income From Continuing And Discontinued Operation": NaN,
        "Total Expenses": NaN,
        "Total Operating Income As Reported": NaN,
        "Diluted Average Shares": NaN,
        "Basic Average Shares": NaN,
        "Diluted EPS": NaN,
        "Basic EPS": NaN,
        "Diluted NI Availto Com Stockholders": NaN,
        "Net Income Common Stockholders": NaN,
        "Net Income": NaN,
        "Net Income Including Noncontrolling Interests": NaN,
        "Net Income Continuous Operations": NaN,
        "Tax Provision": NaN,
        "Pretax Income": NaN,
        "Other Income Expense": NaN,
        "Special Income Charges": 0.0,
        "Restructuring And Mergern Acquisition": 0.0,
        "Gain On Sale Of Security": NaN,
        "Net Non Operating Interest Income Expense": NaN,
        "Interest Expense Non Operating": NaN,
        "Interest Income Non Operating": NaN,
        "Operating Income": NaN,
        "Operating Expense": NaN,
        "Depreciation Amortization Depletion Income Statement": NaN,
        "Depreciation And Amortization In Income Statement": NaN,
        "Amortization": NaN,
        "Amortization Of Intangibles Income Statement": NaN,
        "Research And Development": NaN,
        "Selling General And Administration": NaN,
        "Selling And Marketing Expense": NaN,
        "General And Administrative Expense": NaN,
        "Other Gand A": NaN,
        "Gross Profit": NaN,
        "Cost Of Revenue": NaN,
        "Total Revenue": NaN,
        "Operating Revenue": NaN
    },
    "2023-12-31": {
        "Tax Effect Of Unusual Items": NaN,
        "Tax Rate For Calcs": NaN,
        "Normalized EBITDA": NaN,
        "Total Unusual Items": 0.0,
        "Total Unusual Items Excluding Goodwill": 0.0,
        "Net Income From Continuing Operation Net Minority Interest": NaN,
        "Reconciled Depreciation": NaN,
        "Reconciled Cost Of Revenue": NaN,
        "EBITDA": NaN,
        "EBIT": NaN,
        "Net Interest Income": NaN,
        "Interest Expense": NaN,
        "Interest Income": NaN,
        "Normalized Income": NaN,
        "Net Income From Continuing And Discontinued Operation": NaN,
        "Total Expenses": NaN,
        "Total Operating Income As Reported": NaN,
        "Diluted Average Shares": NaN,
        "Basic Average Shares": NaN,
        "Diluted EPS": NaN,
        "Basic EPS": NaN,
        "Diluted NI Availto Com Stockholders": NaN,
        "Net Income Common Stockholders": NaN,
        "Net Income": NaN,
        "Net Income Including Noncontrolling Interests": NaN,
        "Net Income Continuous Operations": NaN,
        "Tax Provision": NaN,
        "Pretax Income": NaN,
        "Other Income Expense": NaN,
        "Special Income Charges": 0.0,
        "Restructuring And Mergern Acquisition": 0.0,
        "Gain On Sale Of Security": NaN,
        "Net Non Operating Interest Income Expense": NaN,
        "Interest Expense Non Operating": NaN,
        "Interest Income Non Operating": NaN,
        "Operating Income": NaN,
        "Operating Expense": NaN,
        "Depreciation Amortization Depletion Income Statement": NaN,
        "Depreciation And Amortization In Income Statement": NaN,
        "Amortization": NaN,
        "Amortization Of Intangibles Income Statement": NaN,
        "Research And Development": NaN,
        "Selling General And Administration": NaN,
        "Selling And Marketing Expense": NaN,
        "General And Administrative Expense": NaN,
        "Other Gand A": NaN,
        "Gross Profit": NaN,
        "Cost Of Revenue": NaN,
        "Total Revenue": NaN,
        "Operating Revenue": NaN
    },
    "2024-03-31": {
        "Tax Effect Of Unusual Items": 0.0,
        "Tax Rate For Calcs": 0.21,
        "Normalized EBITDA": 865000.0,
        "Total Unusual Items": NaN,
        "Total Unusual Items Excluding Goodwill": NaN,
        "Net Income From Continuing Operation Net Minority Interest": -2534000.0,
        "Reconciled Depreciation": 3340000.0,
        "Reconciled Cost Of Revenue": 12801000.0,
        "EBITDA": 865000.0,
        "EBIT": -2475000.0,
        "Net Interest Income": 2982000.0,
        "Interest Expense": 14000.0,
        "Interest Income": 2996000.0,
        "Normalized Income": -2534000.0,
        "Net Income From Continuing And Discontinued Operation": -2534000.0,
        "Total Expenses": 78445000.0,
        "Total Operating Income As Reported": -5471000.0,
        "Diluted Average Shares": 27485000.0,
        "Basic Average Shares": 27485000.0,
        "Diluted EPS": -0.09,
        "Basic EPS": -0.09,
        "Diluted NI Availto Com Stockholders": -2534000.0,
        "Net Income Common Stockholders": -2534000.0,
        "Net Income": -2534000.0,
        "Net Income Including Noncontrolling Interests": -2534000.0,
        "Net Income Continuous Operations": -2534000.0,
        "Tax Provision": 45000.0,
        "Pretax Income": -2489000.0,
        "Other Income Expense": NaN,
        "Special Income Charges": NaN,
        "Restructuring And Mergern Acquisition": NaN,
        "Gain On Sale Of Security": NaN,
        "Net Non Operating Interest Income Expense": 2982000.0,
        "Interest Expense Non Operating": 14000.0,
        "Interest Income Non Operating": 2996000.0,
        "Operating Income": -5471000.0,
        "Operating Expense": 64551000.0,
        "Depreciation Amortization Depletion Income Statement": 2247000.0,
        "Depreciation And Amortization In Income Statement": 2247000.0,
        "Amortization": 2247000.0,
        "Amortization Of Intangibles Income Statement": 2247000.0,
        "Research And Development": 13809000.0,
        "Selling General And Administration": 48495000.0,
        "Selling And Marketing Expense": 30544000.0,
        "General And Administrative Expense": 17951000.0,
        "Other Gand A": 17951000.0,
        "Gross Profit": 59080000.0,
        "Cost Of Revenue": 13894000.0,
        "Total Revenue": 72974000.0,
        "Operating Revenue": 72974000.0
    },
    "2024-06-30": {
        "Tax Effect Of Unusual Items": 0.0,
        "Tax Rate For Calcs": 0.21,
        "Normalized EBITDA": 11504000.0,
        "Total Unusual Items": NaN,
        "Total Unusual Items Excluding Goodwill": NaN,
        "Net Income From Continuing Operation Net Minority Interest": 8920000.0,
        "Reconciled Depreciation": 3348000.0,
        "Reconciled Cost Of Revenue": 13418000.0,
        "EBITDA": 11504000.0,
        "EBIT": 8156000.0,
        "Net Interest Income": 2874000.0,
        "Interest Expense": 270000.0,
        "Interest Income": 3144000.0,
        "Normalized Income": 8920000.0,
        "Net Income From Continuing And Discontinued Operation": 8920000.0,
        "Total Expenses": 81990000.0,
        "Total Operating Income As Reported": 5012000.0,
        "Diluted Average Shares": 28738000.0,
        "Basic Average Shares": 27646000.0,
        "Diluted EPS": 0.31,
        "Basic EPS": 0.32,
        "Diluted NI Availto Com Stockholders": 8920000.0,
        "Net Income Common Stockholders": 8920000.0,
        "Net Income": 8920000.0,
        "Net Income Including Noncontrolling Interests": 8920000.0,
        "Net Income Continuous Operations": 8920000.0,
        "Tax Provision": -1034000.0,
        "Pretax Income": 7886000.0,
        "Other Income Expense": NaN,
        "Gain On Sale Of Security": NaN,
        "Net Non Operating Interest Income Expense": 2874000.0,
        "Interest Expense Non Operating": 270000.0,
        "Interest Income Non Operating": 3144000.0,
        "Operating Income": 5012000.0,
        "Operating Expense": 67471000.0,
        "Depreciation Amortization Depletion Income Statement": 2247000.0,
        "Depreciation And Amortization In Income Statement": 2247000.0,
        "Amortization": 2247000.0,
        "Amortization Of Intangibles Income Statement": 2247000.0,
        "Research And Development": 14136000.0,
        "Selling General And Administration": 51088000.0,
        "Selling And Marketing Expense": 32675000.0,
        "General And Administrative Expense": 18413000.0,
        "Other Gand A": 18413000.0,
        "Gross Profit": 72483000.0,
        "Cost Of Revenue": 14519000.0,
        "Total Revenue": 87002000.0,
        "Operating Revenue": 87002000.0
    },
    "2024-09-30": {
        "Tax Effect Of Unusual Items": 0.0,
        "Tax Rate For Calcs": 0.21,
        "Normalized EBITDA": 12024000.0,
        "Total Unusual Items": NaN,
        "Total Unusual Items Excluding Goodwill": NaN,
        "Net Income From Continuing Operation Net Minority Interest": 2269000.0,
        "Reconciled Depreciation": 3541000.0,
        "Reconciled Cost Of Revenue": 14340000.0,
        "EBITDA": 12024000.0,
        "EBIT": 8483000.0,
        "Net Interest Income": 3203000.0,
        "Interest Expense": 201000.0,
        "Interest Income": 3404000.0,
        "Normalized Income": 2269000.0,
        "Net Income From Continuing And Discontinued Operation": 2269000.0,
        "Total Expenses": 80703000.0,
        "Total Operating Income As Reported": 5079000.0,
        "Diluted Average Shares": 29401000.0,
        "Basic Average Shares": 27840000.0,
        "Diluted EPS": 0.08,
        "Basic EPS": 0.08,
        "Diluted NI Availto Com Stockholders": 2269000.0,
        "Net Income Common Stockholders": 2269000.0,
        "Net Income": 2269000.0,
        "Net Income Including Noncontrolling Interests": 2269000.0,
        "Net Income Continuous Operations": 2269000.0,
        "Tax Provision": 6013000.0,
        "Pretax Income": 8282000.0,
        "Other Income Expense": NaN,
        "Other Non Operating Income Expenses": NaN,
        "Gain On Sale Of Security": NaN,
        "Net Non Operating Interest Income Expense": 3203000.0,
        "Interest Expense Non Operating": 201000.0,
        "Interest Income Non Operating": 3404000.0,
        "Operating Income": 5079000.0,
        "Operating Expense": 65094000.0,
        "Depreciation Amortization Depletion Income Statement": 2272000.0,
        "Depreciation And Amortization In Income Statement": 2272000.0,
        "Amortization": 2272000.0,
        "Amortization Of Intangibles Income Statement": 2272000.0,
        "Research And Development": 12323000.0,
        "Selling General And Administration": 50499000.0,
        "Selling And Marketing Expense": 29835000.0,
        "General And Administrative Expense": 20664000.0,
        "Other Gand A": 20664000.0,
        "Gross Profit": 70173000.0,
        "Cost Of Revenue": 15609000.0,
        "Total Revenue": 85782000.0,
        "Operating Revenue": 85782000.0
    },
    "2024-12-31": {
        "Tax Effect Of Unusual Items": 0.0,
        "Tax Rate For Calcs": 0.21,
        "Normalized EBITDA": 13745000.0,
        "Total Unusual Items": NaN,
        "Total Unusual Items Excluding Goodwill": NaN,
        "Net Income From Continuing Operation Net Minority Interest": 9590000.0,
        "Reconciled Depreciation": 5768000.0,
        "Reconciled Cost Of Revenue": 14755000.0,
        "EBITDA": 13745000.0,
        "EBIT": 7977000.0,
        "Net Interest Income": 3280000.0,
        "Interest Expense": 92000.0,
        "Interest Income": 3372000.0,
        "Normalized Income": 9590000.0,
        "Net Income From Continuing And Discontinued Operation": 9590000.0,
        "Total Expenses": 82261000.0,
        "Total Operating Income As Reported": 4050000.0,
        "Diluted Average Shares": 30200000.0,
        "Basic Average Shares": 28126000.0,
        "Diluted EPS": 0.32,
        "Basic EPS": 0.34,
        "Diluted NI Availto Com Stockholders": 9590000.0,
        "Net Income Common Stockholders": 9590000.0,
        "Net Income": 9590000.0,
        "Net Income Including Noncontrolling Interests": 9590000.0,
        "Net Income Continuous Operations": 9590000.0,
        "Tax Provision": -1705000.0,
        "Pretax Income": 7885000.0,
        "Other Income Expense": NaN,
        "Other Non Operating Income Expenses": NaN,
        "Gain On Sale Of Security": NaN,
        "Net Non Operating Interest Income Expense": 3280000.0,
        "Interest Expense Non Operating": 92000.0,
        "Interest Income Non Operating": 3372000.0,
        "Operating Income": 4050000.0,
        "Operating Expense": 66078000.0,
        "Depreciation Amortization Depletion Income Statement": 4340000.0,
        "Depreciation And Amortization In Income Statement": 4340000.0,
        "Amortization": 4340000.0,
        "Amortization Of Intangibles Income Statement": 4340000.0,
        "Research And Development": 11773000.0,
        "Selling General And Administration": 49965000.0,
        "Selling And Marketing Expense": 30413000.0,
        "General And Administrative Expense": 19552000.0,
        "Other Gand A": 19552000.0,
        "Gross Profit": 70128000.0,
        "Cost Of Revenue": 16183000.0,
        "Total Revenue": 86311000.0,
        "Operating Revenue": 86311000.0
    },
    "2025-03-31": {
        "Tax Effect Of Unusual Items": -22944.501542,
        "Tax Rate For Calcs": 0.016101,
        "Normalized EBITDA": 4935000.0,
        "Total Unusual Items": -1425000.0,
        "Total Unusual Items Excluding Goodwill": -1425000.0,
        "Net Income From Continuing Operation Net Minority Interest": -25848000.0,
        "Reconciled Depreciation": 29764000.0,
        "Reconciled Cost Of Revenue": 14944000.0,
        "EBITDA": 3510000.0,
        "EBIT": -26254000.0,
        "Net Interest Income": 3082000.0,
        "Interest Expense": 17000.0,
        "Interest Income": 3099000.0,
        "Normalized Income": -24445944.501542,
        "Net Income From Continuing And Discontinued Operation": -25848000.0,
        "Total Expenses": 115916000.0,
        "Total Operating Income As Reported": -27928000.0,
        "Diluted Average Shares": 28609000.0,
        "Basic Average Shares": 28609000.0,
        "Diluted EPS": -0.9,
        "Basic EPS": -0.9,
        "Diluted NI Availto Com Stockholders": -25848000.0,
        "Net Income Common Stockholders": -25848000.0,
        "Net Income": -25848000.0,
        "Net Income Including Noncontrolling Interests": -25848000.0,
        "Net Income Continuous Operations": -25848000.0,
        "Tax Provision": -423000.0,
        "Pretax Income": -26271000.0,
        "Other Income Expense": -1425000.0,
        "Other Non Operating Income Expenses": NaN,
        "Gain On Sale Of Security": -1425000.0,
        "Net Non Operating Interest Income Expense": 3082000.0,
        "Interest Expense Non Operating": 17000.0,
        "Interest Income Non Operating": 3099000.0,
        "Operating Income": -27928000.0,
        "Operating Expense": 99533000.0,
        "Depreciation Amortization Depletion Income Statement": 28325000.0,
        "Depreciation And Amortization In Income Statement": 28325000.0,
        "Amortization": 28325000.0,
        "Amortization Of Intangibles Income Statement": 28325000.0,
        "Research And Development": 12588000.0,
        "Selling General And Administration": 58620000.0,
        "Selling And Marketing Expense": 36808000.0,
        "General And Administrative Expense": 21812000.0,
        "Other Gand A": 21812000.0,
        "Gross Profit": 71605000.0,
        "Cost Of Revenue": 16383000.0,
        "Total Revenue": 87988000.0,
        "Operating Revenue": 87988000.0
    },
    "2025-06-30": {
        "Tax Effect Of Unusual Items": 248850.0,
        "Tax Rate For Calcs": 0.21,
        "Normalized EBITDA": 2107000.0,
        "Total Unusual Items": 1185000.0,
        "Total Unusual Items Excluding Goodwill": 1185000.0,
        "Net Income From Continuing Operation Net Minority Interest": 4523000.0,
        "Reconciled Depreciation": 3414000.0,
        "Reconciled Cost Of Revenue": 16173000.0,
        "EBITDA": 3292000.0,
        "EBIT": -122000.0,
        "Net Interest Income": 2923000.0,
        "Interest Expense": 21000.0,
        "Interest Income": 2944000.0,
        "Normalized Income": 3586850.0,
        "Net Income From Continuing And Discontinued Operation": 4523000.0,
        "Total Expenses": 90439000.0,
        "Total Operating Income As Reported": -4251000.0,
        "Diluted Average Shares": 29545000.0,
        "Basic Average Shares": 28914000.0,
        "Diluted EPS": 0.15,
        "Basic EPS": 0.16,
        "Diluted NI Availto Com Stockholders": 4523000.0,
        "Net Income Common Stockholders": 4523000.0,
        "Net Income": 4523000.0,
        "Net Income Including Noncontrolling Interests": 4523000.0,
        "Net Income Continuous Operations": 4523000.0,
        "Tax Provision": -4666000.0,
        "Pretax Income": -143000.0,
        "Other Income Expense": 1185000.0,
        "Other Non Operating Income Expenses": NaN,
        "Gain On Sale Of Security": 1185000.0,
        "Net Non Operating Interest Income Expense": 2923000.0,
        "Interest Expense Non Operating": 21000.0,
        "Interest Income Non Operating": 2944000.0,
        "Operating Income": -4251000.0,
        "Operating Expense": 72813000.0,
        "Depreciation Amortization Depletion Income Statement": 1961000.0,
        "Depreciation And Amortization In Income Statement": 1961000.0,
        "Amortization": 1961000.0,
        "Amortization Of Intangibles Income Statement": 1961000.0,
        "Research And Development": 12787000.0,
        "Selling General And Administration": 58065000.0,
        "Selling And Marketing Expense": 35123000.0,
        "General And Administrative Expense": 22942000.0,
        "Other Gand A": 22942000.0,
        "Gross Profit": 68562000.0,
        "Cost Of Revenue": 17626000.0,
        "Total Revenue": 86188000.0,
        "Operating Revenue": 86188000.0
    },
    "2025-09-30": {
        "Tax Effect Of Unusual Items": 747810.0,
        "Tax Rate For Calcs": 0.21,
        "Normalized EBITDA": -107000.0,
        "Total Unusual Items": 3561000.0,
        "Total Unusual Items Excluding Goodwill": 3561000.0,
        "Net Income From Continuing Operation Net Minority Interest": -501000.0,
        "Reconciled Depreciation": 3816000.0,
        "Reconciled Cost Of Revenue": 17164000.0,
        "EBITDA": 3454000.0,
        "EBIT": -362000.0,
        "Net Interest Income": 2809000.0,
        "Interest Expense": 24000.0,
        "Interest Income": 2833000.0,
        "Normalized Income": -3314190.0,
        "Net Income From Continuing And Discontinued Operation": -501000.0,
        "Total Expenses": 89847000.0,
        "Total Operating Income As Reported": -6804000.0,
        "Diluted Average Shares": 29073000.0,
        "Basic Average Shares": 29073000.0,
        "Diluted EPS": -0.02,
        "Basic EPS": -0.02,
        "Diluted NI Availto Com Stockholders": -501000.0,
        "Net Income Common Stockholders": -501000.0,
        "Net Income": -501000.0,
        "Net Income Including Noncontrolling Interests": -501000.0,
        "Net Income Continuous Operations": -501000.0,
        "Tax Provision": 115000.0,
        "Pretax Income": -386000.0,
        "Other Income Expense": 3609000.0,
        "Other Non Operating Income Expenses": 48000.0,
        "Gain On Sale Of Security": 3561000.0,
        "Net Non Operating Interest Income Expense": 2809000.0,
        "Interest Expense Non Operating": 24000.0,
        "Interest Income Non Operating": 2833000.0,
        "Operating Income": -6804000.0,
        "Operating Expense": 71143000.0,
        "Depreciation Amortization Depletion Income Statement": 2276000.0,
        "Depreciation And Amortization In Income Statement": 2276000.0,
        "Amortization": 2276000.0,
        "Amortization Of Intangibles Income Statement": 2276000.0,
        "Research And Development": 12960000.0,
        "Selling General And Administration": 55907000.0,
        "Selling And Marketing Expense": 32785000.0,
        "General And Administrative Expense": 23122000.0,
        "Other Gand A": 23122000.0,
        "Gross Profit": 64339000.0,
        "Cost Of Revenue": 18704000.0,
        "Total Revenue": 83043000.0,
        "Operating Revenue": 83043000.0
    }
}