{
    "2023-03-31": {
        "Tax Effect Of Unusual Items": NaN,
        "Tax Rate For Calcs": NaN,
        "Normalized EBITDA": NaN,
        "Total Unusual Items": NaN,
        "Total Unusual Items Excluding Goodwill": NaN,
        "Net Income From Continuing Operation Net Minority Interest": NaN,
        "Reconciled Depreciation": NaN,
        "Reconciled Cost Of Revenue": NaN,
        "EBITDA": NaN,
        "EBIT": NaN,
        "Net Interest Income": NaN,
        "Interest Expense": NaN,
        "Normalized Income": NaN,
        "Net Income From Continuing And Discontinued Operation": NaN,
        "Total Expenses": NaN,
        "Total Operating Income As Reported": NaN,
        "Diluted Average Shares": NaN,
        "Basic Average Shares": NaN,
        "Diluted EPS": NaN,
        "Basic EPS": NaN,
        "Diluted NI Availto Com Stockholders": NaN,
        "Net Income Common Stockholders": NaN,
        "Otherunder Preferred Stock Dividend": NaN,
        "Net Income": NaN,
        "Net Income Including Noncontrolling Interests": NaN,
        "Net Income Continuous Operations": NaN,
        "Tax Provision": NaN,
        "Pretax Income": NaN,
        "Other Income Expense": NaN,
        "Other Non Operating Income Expenses": NaN,
        "Special Income Charges": NaN,
        "Gain On Sale Of Ppe": -159000.0,
        "Gain On Sale Of Business": NaN,
        "Other Special Charges": 271000.0,
        "Impairment Of Capital Assets": NaN,
        "Net Non Operating Interest Income Expense": NaN,
        "Interest Expense Non Operating": NaN,
        "Operating Income": NaN,
        "Operating Expense": NaN,
        "Selling General And Administration": NaN,
        "General And Administrative Expense": NaN,
        "Other Gand A": NaN,
        "Gross Profit": NaN,
        "Cost Of Revenue": NaN,
        "Total Revenue": NaN,
        "Operating Revenue": NaN
    },
    "2022-12-31": {
        "Tax Effect Of Unusual Items": NaN,
        "Tax Rate For Calcs": NaN,
        "Normalized EBITDA": NaN,
        "Total Unusual Items": NaN,
        "Total Unusual Items Excluding Goodwill": NaN,
        "Net Income From Continuing Operation Net Minority Interest": NaN,
        "Reconciled Depreciation": NaN,
        "Reconciled Cost Of Revenue": NaN,
        "EBITDA": NaN,
        "EBIT": NaN,
        "Net Interest Income": NaN,
        "Interest Expense": NaN,
        "Normalized Income": NaN,
        "Net Income From Continuing And Discontinued Operation": NaN,
        "Total Expenses": NaN,
        "Total Operating Income As Reported": NaN,
        "Diluted Average Shares": NaN,
        "Basic Average Shares": NaN,
        "Diluted EPS": NaN,
        "Basic EPS": NaN,
        "Diluted NI Availto Com Stockholders": NaN,
        "Net Income Common Stockholders": NaN,
        "Otherunder Preferred Stock Dividend": NaN,
        "Net Income": NaN,
        "Net Income Including Noncontrolling Interests": NaN,
        "Net Income Continuous Operations": NaN,
        "Tax Provision": NaN,
        "Pretax Income": NaN,
        "Other Income Expense": NaN,
        "Other Non Operating Income Expenses": NaN,
        "Special Income Charges": NaN,
        "Gain On Sale Of Ppe": NaN,
        "Gain On Sale Of Business": NaN,
        "Other Special Charges": -6000.0,
        "Net Non Operating Interest Income Expense": NaN,
        "Interest Expense Non Operating": NaN,
        "Operating Income": NaN,
        "Operating Expense": NaN,
        "Selling General And Administration": NaN,
        "General And Administrative Expense": NaN,
        "Other Gand A": NaN,
        "Gross Profit": NaN,
        "Cost Of Revenue": NaN,
        "Total Revenue": NaN,
        "Operating Revenue": NaN
    },
    "2022-09-30": {
        "Tax Effect Of Unusual Items": 2251.765251,
        "Tax Rate For Calcs": 0.321681,
        "Normalized EBITDA": 20349000.0,
        "Total Unusual Items": 7000.0,
        "Total Unusual Items Excluding Goodwill": 7000.0,
        "Net Income From Continuing Operation Net Minority Interest": 5860000.0,
        "Reconciled Depreciation": 5039000.0,
        "Reconciled Cost Of Revenue": 61899000.0,
        "EBITDA": 20356000.0,
        "EBIT": 15317000.0,
        "Net Interest Income": -6678000.0,
        "Interest Expense": 6678000.0,
        "Normalized Income": 5855251.765251,
        "Net Income From Continuing And Discontinued Operation": 5860000.0,
        "Total Expenses": 72282000.0,
        "Total Operating Income As Reported": 15222000.0,
        "Diluted Average Shares": 15537000.0,
        "Basic Average Shares": 14689000.0,
        "Diluted EPS": 0.38,
        "Basic EPS": 0.4,
        "Diluted NI Availto Com Stockholders": 5860000.0,
        "Net Income Common Stockholders": 5860000.0,
        "Otherunder Preferred Stock Dividend": 3000.0,
        "Net Income": 5860000.0,
        "Net Income Including Noncontrolling Interests": 5860000.0,
        "Net Income Continuous Operations": 5860000.0,
        "Tax Provision": 2779000.0,
        "Pretax Income": 8639000.0,
        "Other Income Expense": 102000.0,
        "Other Non Operating Income Expenses": 95000.0,
        "Special Income Charges": 7000.0,
        "Gain On Sale Of Business": 7000.0,
        "Other Special Charges": NaN,
        "Net Non Operating Interest Income Expense": -6678000.0,
        "Interest Expense Non Operating": 6678000.0,
        "Operating Income": 15215000.0,
        "Operating Expense": 10383000.0,
        "Selling General And Administration": 10383000.0,
        "General And Administrative Expense": 10383000.0,
        "Other Gand A": 10383000.0,
        "Gross Profit": 25598000.0,
        "Cost Of Revenue": 61899000.0,
        "Total Revenue": 87497000.0,
        "Operating Revenue": 80599000.0
    },
    "2022-06-30": {
        "Tax Effect Of Unusual Items": 717179.166667,
        "Tax Rate For Calcs": 0.279167,
        "Normalized EBITDA": 23967000.0,
        "Total Unusual Items": 2569000.0,
        "Total Unusual Items Excluding Goodwill": 2569000.0,
        "Net Income From Continuing Operation Net Minority Interest": 10899000.0,
        "Reconciled Depreciation": 5428000.0,
        "Reconciled Cost Of Revenue": 62888000.0,
        "EBITDA": 26536000.0,
        "EBIT": 21108000.0,
        "Net Interest Income": -5988000.0,
        "Interest Expense": 5988000.0,
        "Normalized Income": 9047179.166667,
        "Net Income From Continuing And Discontinued Operation": 10899000.0,
        "Total Expenses": 72068000.0,
        "Total Operating Income As Reported": 19725000.0,
        "Diluted Average Shares": 15712000.0,
        "Basic Average Shares": 14798000.0,
        "Diluted EPS": 0.69,
        "Basic EPS": 0.74,
        "Diluted NI Availto Com Stockholders": 10899000.0,
        "Net Income Common Stockholders": 10899000.0,
        "Otherunder Preferred Stock Dividend": 6000.0,
        "Net Income": 10899000.0,
        "Net Income Including Noncontrolling Interests": 10899000.0,
        "Net Income Continuous Operations": 10899000.0,
        "Tax Provision": 4221000.0,
        "Pretax Income": 15120000.0,
        "Other Income Expense": 2576000.0,
        "Other Non Operating Income Expenses": 7000.0,
        "Special Income Charges": 2569000.0,
        "Gain On Sale Of Business": 1193000.0,
        "Other Special Charges": -1376000.0,
        "Net Non Operating Interest Income Expense": -5988000.0,
        "Interest Expense Non Operating": 5988000.0,
        "Operating Income": 18532000.0,
        "Operating Expense": 9180000.0,
        "Selling General And Administration": 9180000.0,
        "General And Administrative Expense": 9180000.0,
        "Other Gand A": 9180000.0,
        "Gross Profit": 27712000.0,
        "Cost Of Revenue": 62888000.0,
        "Total Revenue": 90600000.0,
        "Operating Revenue": 83826000.0
    },
    "2022-03-31": {
        "Diluted EPS": 1.0,
        "Total Revenue": 98,
        "Gross Profit": 34,
        "Operating Income": 25,
        "EBIT": 30,
        "Net Income": 16
    },
    "2021-12-31": {
        "Diluted EPS": 0.72,
        "Total Revenue": 96,
        "Gross Profit": 32,
        "Operating Income": 23,
        "EBIT": 29,
        "Net Income": 13
    },
    "2021-09-30": {
        "Diluted EPS": 0.71,
        "Total Revenue": 95,
        "Gross Profit": 33,
        "Operating Income": 23,
        "EBIT": 29,
        "Net Income": 13
    },
    "2021-06-30": {
        "Diluted EPS": -0.33,
        "Total Revenue": 88,
        "Gross Profit": 29,
        "Operating Income": 21,
        "EBIT": 27,
        "Net Income": -6
    },
    "2021-03-31": {
        "Diluted EPS": 0.71,
        "Total Revenue": 97,
        "Gross Profit": 35,
        "Operating Income": 26,
        "EBIT": 32,
        "Net Income": 13
    },
    "2020-12-31": {
        "Diluted EPS": 0.45,
        "Total Revenue": 90,
        "Gross Profit": 30,
        "Operating Income": 20,
        "EBIT": 26,
        "Net Income": 8
    },
    "2020-09-30": {
        "Diluted EPS": 0.31,
        "Total Revenue": 84,
        "Gross Profit": 28,
        "Operating Income": 16,
        "EBIT": 22,
        "Net Income": 6
    },
    "2020-06-30": {
        "Diluted EPS": 0.36,
        "Total Revenue": 77,
        "Gross Profit": 25,
        "Operating Income": 18,
        "EBIT": 24,
        "Net Income": 6
    },
    "2020-03-31": {
        "Diluted EPS": -0.23,
        "Total Revenue": 77,
        "Gross Profit": 23,
        "Operating Income": 2,
        "EBIT": 7,
        "Net Income": -4
    },
    "2019-12-31": {
        "Diluted EPS": 0.14,
        "Total Revenue": 71,
        "Gross Profit": 21,
        "Operating Income": 11,
        "EBIT": 17,
        "Net Income": 3
    },
    "2019-09-30": {
        "Diluted EPS": 0.03,
        "Total Revenue": 66,
        "Gross Profit": 18,
        "Operating Income": 7,
        "EBIT": 12,
        "Net Income": 1
    },
    "2019-06-30": {
        "Diluted EPS": 0.27,
        "Total Revenue": 68,
        "Gross Profit": 19,
        "Operating Income": 13,
        "EBIT": 18,
        "Net Income": 5
    },
    "2019-03-31": {
        "Diluted EPS": 0.36,
        "Total Revenue": 69,
        "Gross Profit": 22,
        "Operating Income": 16,
        "EBIT": 20,
        "Net Income": 7
    },
    "2018-12-31": {
        "Diluted EPS": -0.15,
        "Total Revenue": 67,
        "Gross Profit": 18,
        "Operating Income": 5,
        "EBIT": 10,
        "Net Income": -3
    },
    "2018-09-30": {
        "Diluted EPS": 0.11,
        "Total Revenue": 64,
        "Gross Profit": 17,
        "Operating Income": 10,
        "EBIT": 15,
        "Net Income": 2
    },
    "2018-06-30": {
        "Diluted EPS": 0.15,
        "Total Revenue": 64,
        "Gross Profit": 17,
        "Operating Income": 10,
        "EBIT": 15,
        "Net Income": 3
    },
    "2018-03-31": {
        "Diluted EPS": 0.52,
        "Total Revenue": 73,
        "Gross Profit": 24,
        "Operating Income": 17,
        "EBIT": 23,
        "Net Income": 9
    },
    "2017-12-31": {
        "Diluted EPS": 1.29,
        "Total Revenue": 65,
        "Gross Profit": 20,
        "Operating Income": 12,
        "EBIT": 18,
        "Net Income": 23
    },
    "2017-09-30": {
        "Diluted EPS": 0.17,
        "Total Revenue": 61,
        "Gross Profit": 15,
        "Operating Income": 9,
        "EBIT": 14,
        "Net Income": 3
    },
    "2017-06-30": {
        "Diluted EPS": 0.24,
        "Total Revenue": 64,
        "Gross Profit": 19,
        "Operating Income": 12,
        "EBIT": 17,
        "Net Income": 4
    },
    "2017-03-31": {
        "Diluted EPS": 0.39,
        "Total Revenue": 68,
        "Gross Profit": 23,
        "Operating Income": 16,
        "EBIT": 21,
        "Net Income": 7
    },
    "2016-12-31": {
        "Diluted EPS": 0.22,
        "Total Revenue": 63,
        "Gross Profit": 21,
        "Operating Income": 14,
        "EBIT": 19,
        "Net Income": 4
    },
    "2016-09-30": {
        "Diluted EPS": 0.33,
        "Total Revenue": 60,
        "Gross Profit": 18,
        "Operating Income": 12,
        "EBIT": 17,
        "Net Income": 6
    },
    "2016-06-30": {
        "Diluted EPS": 0.3,
        "Total Revenue": 62,
        "Gross Profit": 19,
        "Operating Income": 13,
        "EBIT": 18,
        "Net Income": 5
    },
    "2016-03-31": {
        "Diluted EPS": 0.27,
        "Total Revenue": 63,
        "Gross Profit": 21,
        "Operating Income": 12,
        "EBIT": 17,
        "Net Income": 5
    },
    "2015-12-31": {
        "Diluted EPS": 0.3,
        "Total Revenue": 62,
        "Gross Profit": 20,
        "Operating Income": 12,
        "EBIT": 17,
        "Net Income": 5
    },
    "2015-09-30": {
        "Diluted EPS": 0.24,
        "Total Revenue": 58,
        "Gross Profit": 17,
        "Operating Income": 11,
        "EBIT": 15,
        "Net Income": 4
    },
    "2015-06-30": {
        "Diluted EPS": 0.24,
        "Total Revenue": 59,
        "Gross Profit": 18,
        "Operating Income": 11,
        "EBIT": 15,
        "Net Income": 5
    },
    "2015-03-31": {
        "Diluted EPS": 0.34,
        "Total Revenue": 63,
        "Gross Profit": 22,
        "Operating Income": 15,
        "EBIT": 19,
        "Net Income": 6
    },
    "2014-12-31": {
        "Diluted EPS": 0.3,
        "Total Revenue": 59,
        "Gross Profit": 19,
        "Operating Income": 12,
        "EBIT": 15,
        "Net Income": 5
    },
    "2014-09-30": {
        "Diluted EPS": 0.26,
        "Total Revenue": 55,
        "Gross Profit": 15,
        "Operating Income": 8,
        "EBIT": 12,
        "Net Income": 5
    },
    "2014-06-30": {
        "Diluted EPS": 0.17,
        "Total Revenue": 57,
        "Gross Profit": 18,
        "Operating Income": 11,
        "EBIT": 16,
        "Net Income": 3
    },
    "2014-03-31": {
        "Diluted EPS": 0.12,
        "Total Revenue": 56,
        "Gross Profit": 18,
        "Operating Income": 8,
        "EBIT": 12,
        "Net Income": 2
    },
    "2013-12-31": {
        "Diluted EPS": 0.2,
        "Total Revenue": 52,
        "Gross Profit": 14,
        "Operating Income": 9,
        "EBIT": 12,
        "Net Income": 4
    },
    "2013-09-30": {
        "Diluted EPS": 0.32,
        "Total Revenue": 50,
        "Gross Profit": 14,
        "Operating Income": 6,
        "EBIT": 10,
        "Net Income": 6
    },
    "2013-06-30": {
        "Diluted EPS": 0.23,
        "Total Revenue": 54,
        "Gross Profit": 17,
        "Operating Income": 9,
        "EBIT": 13,
        "Net Income": 4
    },
    "2013-03-31": {
        "Diluted EPS": 0.25,
        "Total Revenue": 57,
        "Gross Profit": 19,
        "Operating Income": 12,
        "EBIT": 15,
        "Net Income": 5
    },
    "2012-12-31": {
        "Diluted EPS": 0.21,
        "Total Revenue": 50,
        "Gross Profit": 17,
        "Operating Income": 8,
        "EBIT": 12,
        "Net Income": 4
    },
    "2012-09-30": {
        "Diluted EPS": 0.03,
        "Total Revenue": 48,
        "Gross Profit": 13,
        "Operating Income": 8,
        "EBIT": 11,
        "Net Income": 1
    },
    "2012-06-30": {
        "Diluted EPS": 0.15,
        "Total Revenue": 49,
        "Gross Profit": 14,
        "Operating Income": 9,
        "EBIT": 12,
        "Net Income": 3
    },
    "2012-03-31": {
        "Diluted EPS": 0.24,
        "Total Revenue": 51,
        "Gross Profit": 17,
        "Operating Income": 11,
        "EBIT": 14,
        "Net Income": 4
    },
    "2011-12-31": {
        "Diluted EPS": 0.02,
        "Total Revenue": 47,
        "Gross Profit": 13,
        "Operating Income": 5,
        "EBIT": 8,
        "Net Income": 0
    },
    "2011-09-30": {
        "Diluted EPS": 0.04,
        "Total Revenue": 43,
        "Gross Profit": 11,
        "Operating Income": 6,
        "EBIT": 8,
        "Net Income": 1
    },
    "2011-06-30": {
        "Diluted EPS": 0.14,
        "Total Revenue": 48,
        "Gross Profit": 14,
        "Operating Income": 8,
        "EBIT": 11,
        "Net Income": 3
    },
    "2011-03-31": {
        "Diluted EPS": 0.18,
        "Total Revenue": 51,
        "Gross Profit": 15,
        "Operating Income": 10,
        "EBIT": 13,
        "Net Income": 3
    },
    "2010-12-31": {
        "Diluted EPS": 0.11,
        "Total Revenue": 45,
        "Gross Profit": 12,
        "Operating Income": 7,
        "EBIT": 10,
        "Net Income": 2
    },
    "2010-09-30": {
        "Diluted EPS": 0.05,
        "Total Revenue": 45,
        "Gross Profit": 10,
        "Operating Income": 6,
        "EBIT": 9,
        "Net Income": 1
    },
    "2010-06-30": {
        "Diluted EPS": 0.13,
        "Total Revenue": 45,
        "Gross Profit": 12,
        "Operating Income": 8,
        "EBIT": 11,
        "Net Income": 2
    },
    "2010-03-31": {
        "Diluted EPS": 0.16,
        "Total Revenue": 47,
        "Gross Profit": 14,
        "Operating Income": 9,
        "EBIT": 12,
        "Net Income": 3
    },
    "2009-12-31": {
        "Diluted EPS": 0.1,
        "Total Revenue": 45,
        "Gross Profit": 12,
        "Operating Income": 8,
        "EBIT": 10,
        "Net Income": 2
    },
    "2009-09-30": {
        "Diluted EPS": 0.05,
        "Total Revenue": 42,
        "Gross Profit": 10,
        "Operating Income": 6,
        "EBIT": 9,
        "Net Income": 1
    },
    "2009-06-30": {
        "Diluted EPS": 0.12,
        "Total Revenue": 45,
        "Gross Profit": 12,
        "Operating Income": 8,
        "EBIT": 11,
        "Net Income": 2
    },
    "2009-03-31": {
        "Diluted EPS": 0.13,
        "Total Revenue": 46,
        "Gross Profit": 13,
        "Operating Income": 9,
        "EBIT": 11,
        "Net Income": 2
    },
    "2023-06-30": {
        "Tax Effect Of Unusual Items": NaN,
        "Tax Rate For Calcs": NaN,
        "Normalized EBITDA": NaN,
        "Total Unusual Items": NaN,
        "Total Unusual Items Excluding Goodwill": NaN,
        "Net Income From Continuing Operation Net Minority Interest": NaN,
        "Reconciled Depreciation": NaN,
        "Reconciled Cost Of Revenue": NaN,
        "EBITDA": NaN,
        "EBIT": NaN,
        "Net Interest Income": NaN,
        "Interest Expense": NaN,
        "Normalized Income": NaN,
        "Net Income From Continuing And Discontinued Operation": NaN,
        "Total Expenses": NaN,
        "Total Operating Income As Reported": NaN,
        "Diluted Average Shares": NaN,
        "Basic Average Shares": NaN,
        "Diluted EPS": NaN,
        "Basic EPS": NaN,
        "Diluted NI Availto Com Stockholders": NaN,
        "Net Income Common Stockholders": NaN,
        "Otherunder Preferred Stock Dividend": NaN,
        "Net Income": NaN,
        "Net Income Including Noncontrolling Interests": NaN,
        "Net Income Continuous Operations": NaN,
        "Tax Provision": NaN,
        "Pretax Income": NaN,
        "Other Income Expense": NaN,
        "Other Non Operating Income Expenses": NaN,
        "Special Income Charges": NaN,
        "Gain On Sale Of Ppe": -22000.0,
        "Gain On Sale Of Business": NaN,
        "Other Special Charges": -235000.0,
        "Write Off": 243000.0,
        "Impairment Of Capital Assets": 243000.0,
        "Net Non Operating Interest Income Expense": NaN,
        "Interest Expense Non Operating": NaN,
        "Operating Income": NaN,
        "Operating Expense": NaN,
        "Selling General And Administration": NaN,
        "General And Administrative Expense": NaN,
        "Other Gand A": NaN,
        "Gross Profit": NaN,
        "Cost Of Revenue": NaN,
        "Total Revenue": NaN,
        "Operating Revenue": NaN
    },
    "2023-09-30": {
        "Tax Effect Of Unusual Items": NaN,
        "Tax Rate For Calcs": NaN,
        "Normalized EBITDA": NaN,
        "Total Unusual Items": NaN,
        "Total Unusual Items Excluding Goodwill": NaN,
        "Net Income From Continuing Operation Net Minority Interest": NaN,
        "Reconciled Depreciation": NaN,
        "Reconciled Cost Of Revenue": NaN,
        "EBITDA": NaN,
        "EBIT": NaN,
        "Net Interest Income": NaN,
        "Interest Expense": NaN,
        "Normalized Income": NaN,
        "Net Income From Continuing And Discontinued Operation": NaN,
        "Total Expenses": NaN,
        "Total Operating Income As Reported": NaN,
        "Diluted Average Shares": NaN,
        "Basic Average Shares": NaN,
        "Diluted EPS": NaN,
        "Basic EPS": NaN,
        "Diluted NI Availto Com Stockholders": NaN,
        "Net Income Common Stockholders": NaN,
        "Otherunder Preferred Stock Dividend": NaN,
        "Net Income": NaN,
        "Net Income Including Noncontrolling Interests": NaN,
        "Net Income Continuous Operations": NaN,
        "Tax Provision": NaN,
        "Pretax Income": NaN,
        "Other Income Expense": NaN,
        "Other Non Operating Income Expenses": NaN,
        "Special Income Charges": NaN,
        "Gain On Sale Of Ppe": -188000.0,
        "Gain On Sale Of Business": NaN,
        "Other Special Charges": -379000.0,
        "Impairment Of Capital Assets": 211000.0,
        "Net Non Operating Interest Income Expense": NaN,
        "Interest Expense Non Operating": NaN,
        "Operating Income": NaN,
        "Operating Expense": NaN,
        "Selling General And Administration": NaN,
        "General And Administrative Expense": NaN,
        "Other Gand A": NaN,
        "Gross Profit": NaN,
        "Cost Of Revenue": NaN,
        "Total Revenue": NaN,
        "Operating Revenue": NaN
    },
    "2023-12-31": {
        "Tax Effect Of Unusual Items": NaN,
        "Tax Rate For Calcs": NaN,
        "Normalized EBITDA": NaN,
        "Total Unusual Items": NaN,
        "Total Unusual Items Excluding Goodwill": NaN,
        "Net Income From Continuing Operation Net Minority Interest": NaN,
        "Reconciled Depreciation": NaN,
        "Reconciled Cost Of Revenue": NaN,
        "EBITDA": NaN,
        "EBIT": NaN,
        "Net Interest Income": NaN,
        "Interest Expense": NaN,
        "Normalized Income": NaN,
        "Net Income From Continuing And Discontinued Operation": NaN,
        "Total Expenses": NaN,
        "Total Operating Income As Reported": NaN,
        "Diluted Average Shares": NaN,
        "Basic Average Shares": NaN,
        "Diluted EPS": NaN,
        "Basic EPS": NaN,
        "Diluted NI Availto Com Stockholders": NaN,
        "Net Income Common Stockholders": NaN,
        "Otherunder Preferred Stock Dividend": NaN,
        "Net Income": NaN,
        "Net Income Including Noncontrolling Interests": NaN,
        "Net Income Continuous Operations": NaN,
        "Tax Provision": NaN,
        "Pretax Income": NaN,
        "Other Income Expense": NaN,
        "Other Non Operating Income Expenses": NaN,
        "Special Income Charges": NaN,
        "Gain On Sale Of Ppe": -262000.0,
        "Gain On Sale Of Business": NaN,
        "Other Special Charges": 0.0,
        "Impairment Of Capital Assets": 0.0,
        "Net Non Operating Interest Income Expense": NaN,
        "Interest Expense Non Operating": NaN,
        "Operating Income": NaN,
        "Operating Expense": NaN,
        "Selling General And Administration": NaN,
        "General And Administrative Expense": NaN,
        "Other Gand A": NaN,
        "Gross Profit": NaN,
        "Cost Of Revenue": NaN,
        "Total Revenue": NaN,
        "Operating Revenue": NaN
    },
    "2024-03-31": {
        "Tax Effect Of Unusual Items": NaN,
        "Tax Rate For Calcs": NaN,
        "Normalized EBITDA": NaN,
        "Total Unusual Items": NaN,
        "Total Unusual Items Excluding Goodwill": NaN,
        "Net Income From Continuing Operation Net Minority Interest": NaN,
        "Reconciled Depreciation": NaN,
        "Reconciled Cost Of Revenue": NaN,
        "EBITDA": NaN,
        "EBIT": NaN,
        "Net Interest Income": NaN,
        "Interest Expense": NaN,
        "Normalized Income": NaN,
        "Net Income From Continuing And Discontinued Operation": NaN,
        "Total Expenses": NaN,
        "Total Operating Income As Reported": NaN,
        "Diluted Average Shares": NaN,
        "Basic Average Shares": NaN,
        "Diluted EPS": NaN,
        "Basic EPS": NaN,
        "Diluted NI Availto Com Stockholders": NaN,
        "Net Income Common Stockholders": NaN,
        "Otherunder Preferred Stock Dividend": NaN,
        "Net Income": NaN,
        "Net Income Including Noncontrolling Interests": NaN,
        "Net Income Continuous Operations": NaN,
        "Tax Provision": NaN,
        "Pretax Income": NaN,
        "Other Income Expense": NaN,
        "Other Non Operating Income Expenses": NaN,
        "Special Income Charges": NaN,
        "Gain On Sale Of Ppe": -44000.0,
        "Gain On Sale Of Business": NaN,
        "Other Special Charges": NaN,
        "Impairment Of Capital Assets": NaN,
        "Net Non Operating Interest Income Expense": NaN,
        "Interest Expense Non Operating": NaN,
        "Operating Income": NaN,
        "Operating Expense": NaN,
        "Selling General And Administration": NaN,
        "General And Administrative Expense": NaN,
        "Other Gand A": NaN,
        "Gross Profit": NaN,
        "Cost Of Revenue": NaN,
        "Total Revenue": NaN,
        "Operating Revenue": NaN
    },
    "2024-06-30": {
        "Tax Effect Of Unusual Items": NaN,
        "Tax Rate For Calcs": NaN,
        "Normalized EBITDA": NaN,
        "Total Unusual Items": NaN,
        "Total Unusual Items Excluding Goodwill": NaN,
        "Net Income From Continuing Operation Net Minority Interest": NaN,
        "Reconciled Depreciation": NaN,
        "Reconciled Cost Of Revenue": NaN,
        "EBITDA": NaN,
        "EBIT": NaN,
        "Net Interest Income": NaN,
        "Interest Expense": NaN,
        "Normalized Income": NaN,
        "Net Income From Continuing And Discontinued Operation": NaN,
        "Total Expenses": NaN,
        "Total Operating Income As Reported": NaN,
        "Diluted Average Shares": NaN,
        "Basic Average Shares": NaN,
        "Diluted EPS": NaN,
        "Basic EPS": NaN,
        "Diluted NI Availto Com Stockholders": NaN,
        "Net Income Common Stockholders": NaN,
        "Otherunder Preferred Stock Dividend": NaN,
        "Net Income": NaN,
        "Net Income Including Noncontrolling Interests": NaN,
        "Net Income Continuous Operations": NaN,
        "Tax Provision": NaN,
        "Pretax Income": NaN,
        "Other Income Expense": NaN,
        "Other Non Operating Income Expenses": NaN,
        "Special Income Charges": NaN,
        "Gain On Sale Of Ppe": -15000.0,
        "Gain On Sale Of Business": NaN,
        "Other Special Charges": -417000.0,
        "Impairment Of Capital Assets": 0.0,
        "Net Non Operating Interest Income Expense": NaN,
        "Interest Expense Non Operating": NaN,
        "Operating Income": NaN,
        "Operating Expense": NaN,
        "Selling General And Administration": NaN,
        "General And Administrative Expense": NaN,
        "Other Gand A": NaN,
        "Gross Profit": NaN,
        "Cost Of Revenue": NaN,
        "Total Revenue": NaN,
        "Operating Revenue": NaN
    },
    "2024-09-30": {
        "Tax Effect Of Unusual Items": -128484.0,
        "Tax Rate For Calcs": 0.332,
        "Normalized EBITDA": 29224000.0,
        "Total Unusual Items": -387000.0,
        "Total Unusual Items Excluding Goodwill": -387000.0,
        "Net Income From Continuing Operation Net Minority Interest": 9866000.0,
        "Reconciled Depreciation": 5953000.0,
        "Reconciled Cost Of Revenue": 65197000.0,
        "EBITDA": 28837000.0,
        "EBIT": 22884000.0,
        "Net Interest Income": -8035000.0,
        "Interest Expense": 8035000.0,
        "Normalized Income": 10124516.0,
        "Net Income From Continuing And Discontinued Operation": 9866000.0,
        "Total Expenses": 77403000.0,
        "Total Operating Income As Reported": 22897000.0,
        "Diluted Average Shares": 15491000.0,
        "Basic Average Shares": 15011000.0,
        "Diluted EPS": 0.63,
        "Basic EPS": 0.65,
        "Diluted NI Availto Com Stockholders": 9739000.0,
        "Net Income Common Stockholders": 9739000.0,
        "Otherunder Preferred Stock Dividend": 127000.0,
        "Net Income": 9866000.0,
        "Net Income Including Noncontrolling Interests": 9866000.0,
        "Net Income Continuous Operations": 9866000.0,
        "Tax Provision": 4983000.0,
        "Pretax Income": 14849000.0,
        "Other Income Expense": -400000.0,
        "Other Non Operating Income Expenses": -13000.0,
        "Special Income Charges": -387000.0,
        "Gain On Sale Of Ppe": NaN,
        "Gain On Sale Of Business": -387000.0,
        "Other Special Charges": NaN,
        "Impairment Of Capital Assets": NaN,
        "Net Non Operating Interest Income Expense": -8035000.0,
        "Interest Expense Non Operating": 8035000.0,
        "Operating Income": 23284000.0,
        "Operating Expense": 12206000.0,
        "Selling General And Administration": 12206000.0,
        "General And Administrative Expense": 12206000.0,
        "Other Gand A": 12206000.0,
        "Gross Profit": 35490000.0,
        "Cost Of Revenue": 65197000.0,
        "Total Revenue": 100687000.0,
        "Operating Revenue": 92335000.0
    },
    "2024-12-31": {
        "Tax Effect Of Unusual Items": -186610.320285,
        "Tax Rate For Calcs": 0.298577,
        "Normalized EBITDA": 27640000.0,
        "Total Unusual Items": -625000.0,
        "Total Unusual Items Excluding Goodwill": -625000.0,
        "Net Income From Continuing Operation Net Minority Interest": 9855000.0,
        "Reconciled Depreciation": 5961000.0,
        "Reconciled Cost Of Revenue": 64055000.0,
        "EBITDA": 27015000.0,
        "EBIT": 21054000.0,
        "Net Interest Income": -7004000.0,
        "Interest Expense": 7004000.0,
        "Normalized Income": 10293389.679715,
        "Net Income From Continuing And Discontinued Operation": 9855000.0,
        "Total Expenses": 76019000.0,
        "Total Operating Income As Reported": 21056000.0,
        "Diluted Average Shares": 15590000.0,
        "Basic Average Shares": 15033000.0,
        "Diluted EPS": 0.62,
        "Basic EPS": 0.65,
        "Diluted NI Availto Com Stockholders": 9727000.0,
        "Net Income Common Stockholders": 9727000.0,
        "Otherunder Preferred Stock Dividend": 128000.0,
        "Net Income": 9855000.0,
        "Net Income Including Noncontrolling Interests": 9855000.0,
        "Net Income Continuous Operations": 9855000.0,
        "Tax Provision": 4195000.0,
        "Pretax Income": 14050000.0,
        "Other Income Expense": -627000.0,
        "Other Non Operating Income Expenses": -2000.0,
        "Special Income Charges": -625000.0,
        "Gain On Sale Of Ppe": NaN,
        "Gain On Sale Of Business": 731000.0,
        "Other Special Charges": 0.0,
        "Impairment Of Capital Assets": NaN,
        "Net Non Operating Interest Income Expense": -7004000.0,
        "Interest Expense Non Operating": 7004000.0,
        "Operating Income": 21681000.0,
        "Operating Expense": 11964000.0,
        "Selling General And Administration": 11964000.0,
        "General And Administrative Expense": 11964000.0,
        "Other Gand A": 11964000.0,
        "Gross Profit": 33645000.0,
        "Cost Of Revenue": 64055000.0,
        "Total Revenue": 97700000.0,
        "Operating Revenue": 88424000.0
    },
    "2025-03-31": {
        "Tax Effect Of Unusual Items": 1800240.0,
        "Tax Rate For Calcs": 0.312,
        "Normalized EBITDA": 33518000.0,
        "Total Unusual Items": 5770000.0,
        "Total Unusual Items Excluding Goodwill": 5770000.0,
        "Net Income From Continuing Operation Net Minority Interest": 20926000.0,
        "Reconciled Depreciation": 5736000.0,
        "Reconciled Cost Of Revenue": 69227000.0,
        "EBITDA": 39288000.0,
        "EBIT": 33552000.0,
        "Net Interest Income": -7298000.0,
        "Interest Expense": 7298000.0,
        "Normalized Income": 16956240.0,
        "Net Income From Continuing And Discontinued Operation": 20926000.0,
        "Total Expenses": 81275000.0,
        "Total Operating Income As Reported": 31564000.0,
        "Diluted Average Shares": 15389000.0,
        "Basic Average Shares": 15243000.0,
        "Diluted EPS": 1.34,
        "Basic EPS": 1.35,
        "Diluted NI Availto Com Stockholders": 20579000.0,
        "Net Income Common Stockholders": 20579000.0,
        "Otherunder Preferred Stock Dividend": 347000.0,
        "Net Income": 20926000.0,
        "Net Income Including Noncontrolling Interests": 20926000.0,
        "Net Income Continuous Operations": 20926000.0,
        "Tax Provision": 5328000.0,
        "Pretax Income": 26254000.0,
        "Other Income Expense": 7758000.0,
        "Other Non Operating Income Expenses": 1988000.0,
        "Special Income Charges": 5770000.0,
        "Gain On Sale Of Ppe": -50000.0,
        "Gain On Sale Of Business": 5937000.0,
        "Other Special Charges": NaN,
        "Impairment Of Capital Assets": 117000.0,
        "Net Non Operating Interest Income Expense": -7298000.0,
        "Interest Expense Non Operating": 7298000.0,
        "Operating Income": 25794000.0,
        "Operating Expense": 12048000.0,
        "Selling General And Administration": 12048000.0,
        "General And Administrative Expense": 12048000.0,
        "Other Gand A": 12048000.0,
        "Gross Profit": 37842000.0,
        "Cost Of Revenue": 69227000.0,
        "Total Revenue": 107069000.0,
        "Operating Revenue": 98596000.0
    },
    "2025-06-30": {
        "Tax Effect Of Unusual Items": 303.612742,
        "Tax Rate For Calcs": 0.303613,
        "Normalized EBITDA": 30388000.0,
        "Total Unusual Items": 1000.0,
        "Total Unusual Items Excluding Goodwill": 1000.0,
        "Net Income From Continuing Operation Net Minority Interest": 11739000.0,
        "Reconciled Depreciation": 6498000.0,
        "Reconciled Cost Of Revenue": 66212000.0,
        "EBITDA": 30389000.0,
        "EBIT": 23891000.0,
        "Net Interest Income": -7034000.0,
        "Interest Expense": 7034000.0,
        "Normalized Income": 11738303.612742,
        "Net Income From Continuing And Discontinued Operation": 11739000.0,
        "Total Expenses": 78150000.0,
        "Total Operating Income As Reported": 23998000.0,
        "Diluted Average Shares": 15653000.0,
        "Basic Average Shares": 15458000.0,
        "Diluted EPS": 0.74,
        "Basic EPS": 0.75,
        "Diluted NI Availto Com Stockholders": 11564000.0,
        "Net Income Common Stockholders": 11564000.0,
        "Otherunder Preferred Stock Dividend": 175000.0,
        "Net Income": 11739000.0,
        "Net Income Including Noncontrolling Interests": 11739000.0,
        "Net Income Continuous Operations": 11739000.0,
        "Tax Provision": 5118000.0,
        "Pretax Income": 16857000.0,
        "Other Income Expense": -106000.0,
        "Other Non Operating Income Expenses": -107000.0,
        "Special Income Charges": 1000.0,
        "Gain On Sale Of Ppe": 0.0,
        "Gain On Sale Of Business": 1000.0,
        "Other Special Charges": NaN,
        "Impairment Of Capital Assets": 0.0,
        "Net Non Operating Interest Income Expense": -7034000.0,
        "Interest Expense Non Operating": 7034000.0,
        "Operating Income": 23997000.0,
        "Operating Expense": 11938000.0,
        "Selling General And Administration": 11938000.0,
        "General And Administrative Expense": 11938000.0,
        "Other Gand A": 11938000.0,
        "Gross Profit": 35935000.0,
        "Cost Of Revenue": 66212000.0,
        "Total Revenue": 102147000.0,
        "Operating Revenue": 93023000.0
    },
    "2025-09-30": {
        "Tax Effect Of Unusual Items": -2120578.947368,
        "Tax Rate For Calcs": 0.323308,
        "Normalized EBITDA": 29983000.0,
        "Total Unusual Items": -6559000.0,
        "Total Unusual Items Excluding Goodwill": -6559000.0,
        "Net Income From Continuing Operation Net Minority Interest": 6570000.0,
        "Reconciled Depreciation": 6769000.0,
        "Reconciled Cost Of Revenue": 66499000.0,
        "EBITDA": 23424000.0,
        "EBIT": 16655000.0,
        "Net Interest Income": -6946000.0,
        "Interest Expense": 6946000.0,
        "Normalized Income": 11008421.052632,
        "Net Income From Continuing And Discontinued Operation": 6570000.0,
        "Total Expenses": 78676000.0,
        "Total Operating Income As Reported": 17507000.0,
        "Diluted Average Shares": 15732000.0,
        "Basic Average Shares": 15490000.0,
        "Diluted EPS": 0.41,
        "Basic EPS": 0.42,
        "Diluted NI Availto Com Stockholders": 6474000.0,
        "Net Income Common Stockholders": 6474000.0,
        "Otherunder Preferred Stock Dividend": 96000.0,
        "Net Income": 6570000.0,
        "Net Income Including Noncontrolling Interests": 6570000.0,
        "Net Income Continuous Operations": 6570000.0,
        "Tax Provision": 3139000.0,
        "Pretax Income": 9709000.0,
        "Other Income Expense": -7411000.0,
        "Other Non Operating Income Expenses": -852000.0,
        "Special Income Charges": -6559000.0,
        "Gain On Sale Of Ppe": NaN,
        "Gain On Sale Of Business": -6559000.0,
        "Other Special Charges": NaN,
        "Impairment Of Capital Assets": NaN,
        "Net Non Operating Interest Income Expense": -6946000.0,
        "Interest Expense Non Operating": 6946000.0,
        "Operating Income": 24066000.0,
        "Operating Expense": 12177000.0,
        "Selling General And Administration": 12177000.0,
        "General And Administrative Expense": 12177000.0,
        "Other Gand A": 12177000.0,
        "Gross Profit": 36243000.0,
        "Cost Of Revenue": 66499000.0,
        "Total Revenue": 102742000.0,
        "Operating Revenue": 92837000.0
    }
}