{
    "2025-03-31": {
        "Tax Effect Of Unusual Items": 0.0,
        "Tax Rate For Calcs": 0.24634,
        "Normalized EBITDA": 55681000.0,
        "Net Income From Continuing Operation Net Minority Interest": 35062000.0,
        "Reconciled Depreciation": 11499000.0,
        "Reconciled Cost Of Revenue": 128665000.0,
        "EBITDA": 55681000.0,
        "EBIT": 44182000.0,
        "Net Interest Income": 1615000.0,
        "Interest Expense": NaN,
        "Normalized Income": 35062000.0,
        "Net Income From Continuing And Discontinued Operation": 35062000.0,
        "Total Expenses": 185505000.0,
        "Total Operating Income As Reported": 45044000.0,
        "Diluted Average Shares": 16859000.0,
        "Basic Average Shares": 16779000.0,
        "Diluted EPS": 2.08,
        "Basic EPS": 2.09,
        "Diluted NI Availto Com Stockholders": 35062000.0,
        "Net Income Common Stockholders": 35062000.0,
        "Net Income": 35062000.0,
        "Minority Interests": 7000.0,
        "Net Income Including Noncontrolling Interests": 35055000.0,
        "Net Income Continuous Operations": 35055000.0,
        "Tax Provision": 11458000.0,
        "Pretax Income": 46513000.0,
        "Other Income Expense": -146000.0,
        "Other Non Operating Income Expenses": -146000.0,
        "Net Non Operating Interest Income Expense": 1615000.0,
        "Total Other Finance Cost": NaN,
        "Interest Expense Non Operating": NaN,
        "Operating Income": 45044000.0,
        "Operating Expense": 56840000.0,
        "Selling General And Administration": 56840000.0,
        "Gross Profit": 101884000.0,
        "Cost Of Revenue": 128665000.0,
        "Total Revenue": 230549000.0,
        "Operating Revenue": 230549000.0
    },
    "2024-12-31": {
        "Tax Effect Of Unusual Items": 0.0,
        "Tax Rate For Calcs": 0.137978,
        "Normalized EBITDA": 40648000.0,
        "Net Income From Continuing Operation Net Minority Interest": 26948000.0,
        "Reconciled Depreciation": 11053000.0,
        "Reconciled Cost Of Revenue": 113543000.0,
        "EBITDA": 40648000.0,
        "EBIT": 29595000.0,
        "Net Interest Income": 1976000.0,
        "Interest Expense": NaN,
        "Normalized Income": 26948000.0,
        "Net Income From Continuing And Discontinued Operation": 26948000.0,
        "Total Expenses": 164054000.0,
        "Total Operating Income As Reported": 29595000.0,
        "Diluted Average Shares": 16872000.0,
        "Basic Average Shares": 16792000.0,
        "Diluted EPS": 1.6,
        "Basic EPS": 1.6,
        "Diluted NI Availto Com Stockholders": 26948000.0,
        "Net Income Common Stockholders": 26948000.0,
        "Net Income": 26948000.0,
        "Minority Interests": -10000.0,
        "Net Income Including Noncontrolling Interests": 26958000.0,
        "Net Income Continuous Operations": 26958000.0,
        "Tax Provision": 4315000.0,
        "Pretax Income": 31273000.0,
        "Other Income Expense": -298000.0,
        "Other Non Operating Income Expenses": -298000.0,
        "Net Non Operating Interest Income Expense": 1976000.0,
        "Total Other Finance Cost": -1976000.0,
        "Interest Expense Non Operating": NaN,
        "Operating Income": 29595000.0,
        "Operating Expense": 50511000.0,
        "Selling General And Administration": 50511000.0,
        "Gross Profit": 80106000.0,
        "Cost Of Revenue": 113543000.0,
        "Total Revenue": 193649000.0,
        "Operating Revenue": 193649000.0
    },
    "2024-09-30": {
        "Tax Effect Of Unusual Items": 0.0,
        "Tax Rate For Calcs": 0.260645,
        "Normalized EBITDA": 60814000.0,
        "Net Income From Continuing Operation Net Minority Interest": 36051000.0,
        "Reconciled Depreciation": 9942000.0,
        "Reconciled Cost Of Revenue": 124025000.0,
        "EBITDA": 60814000.0,
        "EBIT": 50872000.0,
        "Net Interest Income": -1341000.0,
        "Interest Expense": 1341000.0,
        "Normalized Income": 36051000.0,
        "Net Income From Continuing And Discontinued Operation": 36051000.0,
        "Total Expenses": 176377000.0,
        "Total Operating Income As Reported": 51549000.0,
        "Diluted Average Shares": 15941000.0,
        "Basic Average Shares": 15866000.0,
        "Diluted EPS": 2.26,
        "Basic EPS": 2.27,
        "Diluted NI Availto Com Stockholders": 36051000.0,
        "Net Income Common Stockholders": 36051000.0,
        "Net Income": 36051000.0,
        "Minority Interests": -570000.0,
        "Net Income Including Noncontrolling Interests": 36621000.0,
        "Net Income Continuous Operations": 36621000.0,
        "Tax Provision": 12910000.0,
        "Pretax Income": 49531000.0,
        "Other Income Expense": -677000.0,
        "Other Non Operating Income Expenses": -677000.0,
        "Net Non Operating Interest Income Expense": -1341000.0,
        "Total Other Finance Cost": NaN,
        "Interest Expense Non Operating": 1341000.0,
        "Operating Income": 51549000.0,
        "Operating Expense": 52352000.0,
        "Selling General And Administration": 52352000.0,
        "Gross Profit": 103901000.0,
        "Cost Of Revenue": 124025000.0,
        "Total Revenue": 227926000.0,
        "Operating Revenue": 227926000.0
    },
    "2024-06-30": {
        "Tax Effect Of Unusual Items": NaN,
        "Tax Rate For Calcs": NaN,
        "Normalized EBITDA": NaN,
        "Net Income From Continuing Operation Net Minority Interest": NaN,
        "Reconciled Depreciation": NaN,
        "Reconciled Cost Of Revenue": NaN,
        "EBITDA": NaN,
        "EBIT": NaN,
        "Net Interest Income": NaN,
        "Interest Expense": 2520000.0,
        "Normalized Income": NaN,
        "Net Income From Continuing And Discontinued Operation": NaN,
        "Total Expenses": NaN,
        "Total Operating Income As Reported": NaN,
        "Diluted Average Shares": NaN,
        "Basic Average Shares": NaN,
        "Diluted EPS": NaN,
        "Basic EPS": NaN,
        "Diluted NI Availto Com Stockholders": NaN,
        "Net Income Common Stockholders": NaN,
        "Net Income": NaN,
        "Minority Interests": NaN,
        "Net Income Including Noncontrolling Interests": NaN,
        "Net Income Continuous Operations": NaN,
        "Tax Provision": NaN,
        "Pretax Income": NaN,
        "Other Income Expense": NaN,
        "Other Non Operating Income Expenses": NaN,
        "Net Non Operating Interest Income Expense": NaN,
        "Total Other Finance Cost": NaN,
        "Interest Expense Non Operating": 2520000.0,
        "Operating Income": NaN,
        "Operating Expense": NaN,
        "Selling General And Administration": NaN,
        "Gross Profit": NaN,
        "Cost Of Revenue": NaN,
        "Total Revenue": NaN,
        "Operating Revenue": NaN
    },
    "2024-03-31": {
        "Tax Effect Of Unusual Items": NaN,
        "Tax Rate For Calcs": NaN,
        "Normalized EBITDA": NaN,
        "Net Income From Continuing Operation Net Minority Interest": NaN,
        "Reconciled Depreciation": NaN,
        "Reconciled Cost Of Revenue": NaN,
        "EBITDA": NaN,
        "EBIT": NaN,
        "Net Interest Income": NaN,
        "Interest Expense": 2643000.0,
        "Normalized Income": NaN,
        "Net Income From Continuing And Discontinued Operation": NaN,
        "Total Expenses": NaN,
        "Total Operating Income As Reported": NaN,
        "Diluted Average Shares": NaN,
        "Basic Average Shares": NaN,
        "Diluted EPS": NaN,
        "Basic EPS": NaN,
        "Diluted NI Availto Com Stockholders": NaN,
        "Net Income Common Stockholders": NaN,
        "Net Income": NaN,
        "Minority Interests": NaN,
        "Net Income Including Noncontrolling Interests": NaN,
        "Net Income Continuous Operations": NaN,
        "Tax Provision": NaN,
        "Pretax Income": NaN,
        "Other Income Expense": NaN,
        "Other Non Operating Income Expenses": NaN,
        "Net Non Operating Interest Income Expense": NaN,
        "Total Other Finance Cost": NaN,
        "Interest Expense Non Operating": 2643000.0,
        "Operating Income": NaN,
        "Operating Expense": NaN,
        "Selling General And Administration": NaN,
        "Gross Profit": NaN,
        "Cost Of Revenue": NaN,
        "Total Revenue": NaN,
        "Operating Revenue": NaN
    },
    "2023-12-31": {
        "Tax Effect Of Unusual Items": NaN,
        "Tax Rate For Calcs": NaN,
        "Normalized EBITDA": NaN,
        "Net Income From Continuing Operation Net Minority Interest": NaN,
        "Reconciled Depreciation": NaN,
        "Reconciled Cost Of Revenue": NaN,
        "EBITDA": NaN,
        "EBIT": NaN,
        "Net Interest Income": NaN,
        "Interest Expense": 2765000.0,
        "Normalized Income": NaN,
        "Net Income From Continuing And Discontinued Operation": NaN,
        "Total Expenses": NaN,
        "Total Operating Income As Reported": NaN,
        "Diluted Average Shares": NaN,
        "Basic Average Shares": NaN,
        "Diluted EPS": NaN,
        "Basic EPS": NaN,
        "Diluted NI Availto Com Stockholders": NaN,
        "Net Income Common Stockholders": NaN,
        "Net Income": NaN,
        "Minority Interests": NaN,
        "Net Income Including Noncontrolling Interests": NaN,
        "Net Income Continuous Operations": NaN,
        "Tax Provision": NaN,
        "Pretax Income": NaN,
        "Other Income Expense": NaN,
        "Other Non Operating Income Expenses": NaN,
        "Net Non Operating Interest Income Expense": NaN,
        "Total Other Finance Cost": 2765000.0,
        "Interest Expense Non Operating": 2765000.0,
        "Operating Income": NaN,
        "Operating Expense": NaN,
        "Selling General And Administration": NaN,
        "Gross Profit": NaN,
        "Cost Of Revenue": NaN,
        "Total Revenue": NaN,
        "Operating Revenue": NaN
    },
    "2023-09-30": {
        "Tax Effect Of Unusual Items": NaN,
        "Tax Rate For Calcs": NaN,
        "Normalized EBITDA": NaN,
        "Net Income From Continuing Operation Net Minority Interest": NaN,
        "Reconciled Depreciation": NaN,
        "Reconciled Cost Of Revenue": NaN,
        "EBITDA": NaN,
        "EBIT": NaN,
        "Net Interest Income": NaN,
        "Interest Expense": 3306000.0,
        "Normalized Income": NaN,
        "Net Income From Continuing And Discontinued Operation": NaN,
        "Total Expenses": NaN,
        "Total Operating Income As Reported": NaN,
        "Diluted Average Shares": 15588000.0,
        "Basic Average Shares": 15544000.0,
        "Diluted EPS": 1.93,
        "Basic EPS": 1.93,
        "Diluted NI Availto Com Stockholders": NaN,
        "Net Income Common Stockholders": NaN,
        "Net Income": NaN,
        "Minority Interests": NaN,
        "Net Income Including Noncontrolling Interests": NaN,
        "Net Income Continuous Operations": NaN,
        "Tax Provision": NaN,
        "Pretax Income": NaN,
        "Other Income Expense": NaN,
        "Other Non Operating Income Expenses": NaN,
        "Net Non Operating Interest Income Expense": NaN,
        "Total Other Finance Cost": NaN,
        "Interest Expense Non Operating": 3306000.0,
        "Operating Income": NaN,
        "Operating Expense": NaN,
        "Selling General And Administration": NaN,
        "Gross Profit": NaN,
        "Cost Of Revenue": NaN,
        "Total Revenue": NaN,
        "Operating Revenue": NaN
    },
    "2025-06-30": {
        "Tax Effect Of Unusual Items": 0.0,
        "Tax Rate For Calcs": 0.243,
        "Normalized EBITDA": 68744000.0,
        "Net Income From Continuing Operation Net Minority Interest": 40925000.0,
        "Reconciled Depreciation": 13340000.0,
        "Reconciled Cost Of Revenue": 148204000.0,
        "EBITDA": 68744000.0,
        "EBIT": 55404000.0,
        "Net Interest Income": -1022000.0,
        "Interest Expense": 1022000.0,
        "Normalized Income": 40925000.0,
        "Net Income From Continuing And Discontinued Operation": 40925000.0,
        "Total Expenses": 208770000.0,
        "Total Operating Income As Reported": 54876000.0,
        "Diluted Average Shares": 16863000.0,
        "Basic Average Shares": 16808000.0,
        "Diluted EPS": 2.43,
        "Basic EPS": 2.43,
        "Diluted NI Availto Com Stockholders": 40925000.0,
        "Net Income Common Stockholders": 40925000.0,
        "Net Income": 40925000.0,
        "Minority Interests": -246000.0,
        "Net Income Including Noncontrolling Interests": 41171000.0,
        "Net Income Continuous Operations": 41171000.0,
        "Tax Provision": 13211000.0,
        "Pretax Income": 54382000.0,
        "Other Income Expense": 528000.0,
        "Other Non Operating Income Expenses": 528000.0,
        "Net Non Operating Interest Income Expense": -1022000.0,
        "Total Other Finance Cost": NaN,
        "Interest Expense Non Operating": 1022000.0,
        "Operating Income": 54876000.0,
        "Operating Expense": 60566000.0,
        "Selling General And Administration": 60566000.0,
        "Gross Profit": 115442000.0,
        "Cost Of Revenue": 148204000.0,
        "Total Revenue": 263646000.0,
        "Operating Revenue": 263646000.0
    },
    "2025-12-31": {
        "Tax Effect Of Unusual Items": 0.0,
        "Tax Rate For Calcs": 0.21,
        "Normalized EBITDA": 36398000.0,
        "Net Income From Continuing Operation Net Minority Interest": 10261000.0,
        "Reconciled Depreciation": 19060000.0,
        "Reconciled Cost Of Revenue": 140549000.0,
        "EBITDA": 36398000.0,
        "EBIT": 17338000.0,
        "Net Interest Income": -8118000.0,
        "Interest Expense": NaN,
        "Normalized Income": 10261000.0,
        "Net Income From Continuing And Discontinued Operation": 10261000.0,
        "Total Expenses": 215654000.0,
        "Total Operating Income As Reported": 17338000.0,
        "Diluted Average Shares": 16641000.0,
        "Basic Average Shares": 16580000.0,
        "Diluted EPS": 0.62,
        "Basic EPS": 0.62,
        "Diluted NI Availto Com Stockholders": 10261000.0,
        "Net Income Common Stockholders": 10261000.0,
        "Net Income": 10261000.0,
        "Minority Interests": -336000.0,
        "Net Income Including Noncontrolling Interests": 10597000.0,
        "Net Income Continuous Operations": 10597000.0,
        "Tax Provision": -2699000.0,
        "Pretax Income": 7898000.0,
        "Other Income Expense": -1322000.0,
        "Other Non Operating Income Expenses": -1322000.0,
        "Net Non Operating Interest Income Expense": -8118000.0,
        "Total Other Finance Cost": 8118000.0,
        "Interest Expense Non Operating": NaN,
        "Operating Income": 17338000.0,
        "Operating Expense": 75105000.0,
        "Selling General And Administration": 75105000.0,
        "Gross Profit": 92443000.0,
        "Cost Of Revenue": 140549000.0,
        "Total Revenue": 232992000.0,
        "Operating Revenue": 232992000.0
    }
}