{
    "2023-03-31": {
        "Tax Effect Of Unusual Items": NaN,
        "Tax Rate For Calcs": NaN,
        "Normalized EBITDA": NaN,
        "Net Income From Continuing Operation Net Minority Interest": NaN,
        "Reconciled Depreciation": NaN,
        "Reconciled Cost Of Revenue": NaN,
        "EBITDA": NaN,
        "EBIT": NaN,
        "Net Interest Income": NaN,
        "Interest Expense": NaN,
        "Normalized Income": NaN,
        "Net Income From Continuing And Discontinued Operation": NaN,
        "Total Expenses": NaN,
        "Total Operating Income As Reported": NaN,
        "Diluted Average Shares": 15523000.0,
        "Basic Average Shares": 15475000.0,
        "Diluted EPS": 1.74,
        "Basic EPS": 1.75,
        "Diluted NI Availto Com Stockholders": NaN,
        "Net Income Common Stockholders": NaN,
        "Net Income": NaN,
        "Minority Interests": NaN,
        "Net Income Including Noncontrolling Interests": NaN,
        "Net Income Continuous Operations": NaN,
        "Tax Provision": NaN,
        "Pretax Income": NaN,
        "Other Income Expense": NaN,
        "Other Non Operating Income Expenses": NaN,
        "Net Non Operating Interest Income Expense": NaN,
        "Interest Expense Non Operating": NaN,
        "Operating Income": NaN,
        "Operating Expense": NaN,
        "Selling General And Administration": NaN,
        "Gross Profit": NaN,
        "Cost Of Revenue": NaN,
        "Total Revenue": NaN,
        "Operating Revenue": NaN
    },
    "2022-12-31": {
        "Tax Effect Of Unusual Items": NaN,
        "Tax Rate For Calcs": NaN,
        "Normalized EBITDA": NaN,
        "Net Income From Continuing Operation Net Minority Interest": NaN,
        "Reconciled Depreciation": NaN,
        "Reconciled Cost Of Revenue": NaN,
        "EBITDA": NaN,
        "EBIT": NaN,
        "Net Interest Income": NaN,
        "Interest Expense": NaN,
        "Normalized Income": NaN,
        "Net Income From Continuing And Discontinued Operation": NaN,
        "Total Expenses": NaN,
        "Total Operating Income As Reported": NaN,
        "Diluted Average Shares": 15512000.0,
        "Basic Average Shares": 15476000.0,
        "Diluted EPS": 1.01,
        "Basic EPS": 1.01,
        "Diluted NI Availto Com Stockholders": NaN,
        "Net Income Common Stockholders": NaN,
        "Net Income": NaN,
        "Minority Interests": NaN,
        "Net Income Including Noncontrolling Interests": NaN,
        "Net Income Continuous Operations": NaN,
        "Tax Provision": NaN,
        "Pretax Income": NaN,
        "Other Income Expense": NaN,
        "Other Non Operating Income Expenses": NaN,
        "Net Non Operating Interest Income Expense": NaN,
        "Interest Expense Non Operating": NaN,
        "Operating Income": NaN,
        "Operating Expense": NaN,
        "Selling General And Administration": NaN,
        "Gross Profit": NaN,
        "Cost Of Revenue": NaN,
        "Total Revenue": NaN,
        "Operating Revenue": NaN
    },
    "2022-09-30": {
        "Tax Effect Of Unusual Items": 0.0,
        "Tax Rate For Calcs": 0.246,
        "Normalized EBITDA": 44080000.0,
        "Net Income From Continuing Operation Net Minority Interest": 24331000.0,
        "Reconciled Depreciation": 8723000.0,
        "Reconciled Cost Of Revenue": 110545000.0,
        "EBITDA": 44080000.0,
        "EBIT": 35357000.0,
        "Net Interest Income": -3106000.0,
        "Interest Expense": 3106000.0,
        "Normalized Income": 24331000.0,
        "Net Income From Continuing And Discontinued Operation": 24331000.0,
        "Total Expenses": 155875000.0,
        "Total Operating Income As Reported": 35317000.0,
        "Diluted Average Shares": 15477000.0,
        "Basic Average Shares": 15439000.0,
        "Diluted EPS": 1.57,
        "Basic EPS": 1.58,
        "Diluted NI Availto Com Stockholders": 24331000.0,
        "Net Income Common Stockholders": 24331000.0,
        "Net Income": 24331000.0,
        "Minority Interests": 16000.0,
        "Net Income Including Noncontrolling Interests": 24315000.0,
        "Net Income Continuous Operations": 24315000.0,
        "Tax Provision": 7936000.0,
        "Pretax Income": 32251000.0,
        "Other Income Expense": 40000.0,
        "Other Non Operating Income Expenses": 40000.0,
        "Net Non Operating Interest Income Expense": -3106000.0,
        "Total Other Finance Cost": NaN,
        "Interest Expense Non Operating": 3106000.0,
        "Operating Income": 35317000.0,
        "Operating Expense": 45330000.0,
        "Selling General And Administration": 45330000.0,
        "Gross Profit": 80647000.0,
        "Cost Of Revenue": 110545000.0,
        "Total Revenue": 191192000.0,
        "Operating Revenue": 191192000.0
    },
    "2022-06-30": {
        "Tax Effect Of Unusual Items": 0.0,
        "Tax Rate For Calcs": 0.245,
        "Normalized EBITDA": 49655000.0,
        "Net Income From Continuing Operation Net Minority Interest": 29443000.0,
        "Reconciled Depreciation": 8613000.0,
        "Reconciled Cost Of Revenue": 113509000.0,
        "EBITDA": 49655000.0,
        "EBIT": 41042000.0,
        "Net Interest Income": -1784000.0,
        "Interest Expense": 1784000.0,
        "Normalized Income": 29443000.0,
        "Net Income From Continuing And Discontinued Operation": 29443000.0,
        "Total Expenses": 159061000.0,
        "Total Operating Income As Reported": 40873000.0,
        "Diluted Average Shares": 15652000.0,
        "Basic Average Shares": 15643000.0,
        "Diluted EPS": 1.88,
        "Basic EPS": 1.88,
        "Diluted NI Availto Com Stockholders": 29443000.0,
        "Net Income Common Stockholders": 29443000.0,
        "Net Income": 29443000.0,
        "Minority Interests": -195000.0,
        "Net Income Including Noncontrolling Interests": 29638000.0,
        "Net Income Continuous Operations": 29638000.0,
        "Tax Provision": 9620000.0,
        "Pretax Income": 39258000.0,
        "Other Income Expense": 169000.0,
        "Other Non Operating Income Expenses": 169000.0,
        "Net Non Operating Interest Income Expense": -1784000.0,
        "Total Other Finance Cost": NaN,
        "Interest Expense Non Operating": 1784000.0,
        "Operating Income": 40873000.0,
        "Operating Expense": 45552000.0,
        "Selling General And Administration": 45552000.0,
        "Gross Profit": 86425000.0,
        "Cost Of Revenue": 113509000.0,
        "Total Revenue": 199934000.0,
        "Operating Revenue": 199934000.0
    },
    "2022-03-31": {
        "Diluted EPS": 1.16,
        "Total Revenue": 173,
        "Gross Profit": 72,
        "Operating Income": 29,
        "EBIT": 37,
        "Net Income": 18
    },
    "2021-12-31": {
        "Diluted EPS": 0.59,
        "Total Revenue": 136,
        "Gross Profit": 51,
        "Operating Income": 13,
        "EBIT": 21,
        "Net Income": 9
    },
    "2021-09-30": {
        "Diluted EPS": 1.15,
        "Total Revenue": 156,
        "Gross Profit": 63,
        "Operating Income": 26,
        "EBIT": 34,
        "Net Income": 18
    },
    "2021-06-30": {
        "Diluted EPS": 1.3,
        "Total Revenue": 161,
        "Gross Profit": 69,
        "Operating Income": 29,
        "EBIT": 41,
        "Net Income": 20
    },
    "2021-03-31": {
        "Diluted EPS": 0.58,
        "Total Revenue": 133,
        "Gross Profit": 54,
        "Operating Income": 17,
        "EBIT": 28,
        "Net Income": 9
    },
    "2020-12-31": {
        "Diluted EPS": 0.16,
        "Total Revenue": 90,
        "Gross Profit": 39,
        "Operating Income": 4,
        "EBIT": 9,
        "Net Income": 2
    },
    "2020-09-30": {
        "Diluted EPS": 1.1,
        "Total Revenue": 105,
        "Gross Profit": 49,
        "Operating Income": 22,
        "EBIT": 26,
        "Net Income": 16
    },
    "2020-06-30": {
        "Diluted EPS": 0.81,
        "Total Revenue": 91,
        "Gross Profit": 43,
        "Operating Income": 16,
        "EBIT": 20,
        "Net Income": 12
    },
    "2020-03-31": {
        "Diluted EPS": 0.95,
        "Total Revenue": 98,
        "Gross Profit": 45,
        "Operating Income": 15,
        "EBIT": 19,
        "Net Income": 14
    },
    "2019-12-31": {
        "Diluted EPS": 0.48,
        "Total Revenue": 84,
        "Gross Profit": 38,
        "Operating Income": 10,
        "EBIT": 14,
        "Net Income": 7
    },
    "2019-09-30": {
        "Diluted EPS": 0.58,
        "Total Revenue": 101,
        "Gross Profit": 47,
        "Operating Income": 20,
        "EBIT": 24,
        "Net Income": 9
    },
    "2019-06-30": {
        "Diluted EPS": 1.0,
        "Total Revenue": 102,
        "Gross Profit": 47,
        "Operating Income": 20,
        "EBIT": 24,
        "Net Income": 15
    },
    "2019-03-31": {
        "Diluted EPS": 0.91,
        "Total Revenue": 91,
        "Gross Profit": 43,
        "Operating Income": 16,
        "EBIT": 20,
        "Net Income": 14
    },
    "2018-12-31": {
        "Diluted EPS": 0.32,
        "Total Revenue": 77,
        "Gross Profit": 34,
        "Operating Income": 9,
        "EBIT": 13,
        "Net Income": 5
    },
    "2018-09-30": {
        "Diluted EPS": 0.97,
        "Total Revenue": 92,
        "Gross Profit": 42,
        "Operating Income": 17,
        "EBIT": 21,
        "Net Income": 15
    },
    "2018-06-30": {
        "Diluted EPS": 0.73,
        "Total Revenue": 90,
        "Gross Profit": 42,
        "Operating Income": 18,
        "EBIT": 21,
        "Net Income": 12
    },
    "2018-03-31": {
        "Diluted EPS": 0.42,
        "Total Revenue": 83,
        "Gross Profit": 36,
        "Operating Income": 10,
        "EBIT": 14,
        "Net Income": 6
    },
    "2017-12-31": {
        "Diluted EPS": -2.17,
        "Total Revenue": 69,
        "Gross Profit": 30,
        "Operating Income": 8,
        "EBIT": 12,
        "Net Income": -34
    },
    "2017-09-30": {
        "Diluted EPS": 0.46,
        "Total Revenue": 84,
        "Gross Profit": 40,
        "Operating Income": 15,
        "EBIT": 18,
        "Net Income": 7
    },
    "2017-06-30": {
        "Diluted EPS": 0.53,
        "Total Revenue": 89,
        "Gross Profit": 42,
        "Operating Income": 17,
        "EBIT": 20,
        "Net Income": 9
    },
    "2017-03-31": {
        "Diluted EPS": 0.17,
        "Total Revenue": 58,
        "Gross Profit": 28,
        "Operating Income": 13,
        "EBIT": 16,
        "Net Income": 3
    },
    "2016-12-31": {
        "Diluted EPS": 0.03,
        "Total Revenue": 65,
        "Gross Profit": 27,
        "Operating Income": 5,
        "EBIT": 7,
        "Net Income": 0
    },
    "2016-09-30": {
        "Diluted EPS": 0.24,
        "Total Revenue": 80,
        "Gross Profit": 36,
        "Operating Income": 7,
        "EBIT": 11,
        "Net Income": 4
    },
    "2016-06-30": {
        "Diluted EPS": 0.26,
        "Total Revenue": 84,
        "Gross Profit": 38,
        "Operating Income": 7,
        "EBIT": 12,
        "Net Income": 4
    },
    "2016-03-31": {
        "Diluted EPS": 0.11,
        "Total Revenue": 23,
        "Gross Profit": 21,
        "Operating Income": 6,
        "EBIT": 7,
        "Net Income": 2
    },
    "2015-12-31": {
        "Diluted EPS": 0.13,
        "Total Revenue": 71,
        "Gross Profit": 32,
        "Operating Income": 6,
        "EBIT": 9,
        "Net Income": 2
    },
    "2015-09-30": {
        "Diluted EPS": 0.83,
        "Total Revenue": 84,
        "Gross Profit": 41,
        "Operating Income": 21,
        "EBIT": 24,
        "Net Income": 13
    },
    "2015-06-30": {
        "Diluted EPS": 0.55,
        "Total Revenue": 89,
        "Gross Profit": 40,
        "Operating Income": 14,
        "EBIT": 18,
        "Net Income": 9
    },
    "2015-03-31": {
        "Diluted EPS": 0.0,
        "Total Revenue": NaN,
        "Gross Profit": NaN,
        "Operating Income": NaN,
        "EBIT": NaN,
        "Net Income": NaN
    },
    "2014-12-31": {
        "Diluted EPS": 0.41,
        "Total Revenue": 61,
        "Gross Profit": 29,
        "Operating Income": 10,
        "EBIT": 12,
        "Net Income": 6
    },
    "2014-09-30": {
        "Diluted EPS": 0.52,
        "Total Revenue": 68,
        "Gross Profit": 33,
        "Operating Income": 12,
        "EBIT": 12,
        "Net Income": 8
    },
    "2014-03-31": {
        "Diluted EPS": 0.0,
        "Total Revenue": NaN,
        "Gross Profit": NaN,
        "Operating Income": NaN,
        "EBIT": NaN,
        "Net Income": NaN
    },
    "2023-06-30": {
        "Tax Effect Of Unusual Items": NaN,
        "Tax Rate For Calcs": NaN,
        "Normalized EBITDA": NaN,
        "Net Income From Continuing Operation Net Minority Interest": NaN,
        "Reconciled Depreciation": NaN,
        "Reconciled Cost Of Revenue": NaN,
        "EBITDA": NaN,
        "EBIT": NaN,
        "Net Interest Income": NaN,
        "Interest Expense": NaN,
        "Normalized Income": NaN,
        "Net Income From Continuing And Discontinued Operation": NaN,
        "Total Expenses": NaN,
        "Total Operating Income As Reported": NaN,
        "Diluted Average Shares": 15547000.0,
        "Basic Average Shares": 15520000.0,
        "Diluted EPS": 1.97,
        "Basic EPS": 1.97,
        "Diluted NI Availto Com Stockholders": NaN,
        "Net Income Common Stockholders": NaN,
        "Net Income": NaN,
        "Minority Interests": NaN,
        "Net Income Including Noncontrolling Interests": NaN,
        "Net Income Continuous Operations": NaN,
        "Tax Provision": NaN,
        "Pretax Income": NaN,
        "Other Income Expense": NaN,
        "Other Non Operating Income Expenses": NaN,
        "Net Non Operating Interest Income Expense": NaN,
        "Interest Expense Non Operating": NaN,
        "Operating Income": NaN,
        "Operating Expense": NaN,
        "Selling General And Administration": NaN,
        "Gross Profit": NaN,
        "Cost Of Revenue": NaN,
        "Total Revenue": NaN,
        "Operating Revenue": NaN
    },
    "2023-09-30": {
        "Tax Effect Of Unusual Items": NaN,
        "Tax Rate For Calcs": NaN,
        "Normalized EBITDA": NaN,
        "Net Income From Continuing Operation Net Minority Interest": NaN,
        "Reconciled Depreciation": NaN,
        "Reconciled Cost Of Revenue": NaN,
        "EBITDA": NaN,
        "EBIT": NaN,
        "Net Interest Income": NaN,
        "Interest Expense": 3306000.0,
        "Normalized Income": NaN,
        "Net Income From Continuing And Discontinued Operation": NaN,
        "Total Expenses": NaN,
        "Total Operating Income As Reported": NaN,
        "Diluted Average Shares": 15588000.0,
        "Basic Average Shares": 15544000.0,
        "Diluted EPS": 1.93,
        "Basic EPS": 1.93,
        "Diluted NI Availto Com Stockholders": NaN,
        "Net Income Common Stockholders": NaN,
        "Net Income": NaN,
        "Minority Interests": NaN,
        "Net Income Including Noncontrolling Interests": NaN,
        "Net Income Continuous Operations": NaN,
        "Tax Provision": NaN,
        "Pretax Income": NaN,
        "Other Income Expense": NaN,
        "Other Non Operating Income Expenses": NaN,
        "Net Non Operating Interest Income Expense": NaN,
        "Total Other Finance Cost": NaN,
        "Interest Expense Non Operating": 3306000.0,
        "Operating Income": NaN,
        "Operating Expense": NaN,
        "Selling General And Administration": NaN,
        "Gross Profit": NaN,
        "Cost Of Revenue": NaN,
        "Total Revenue": NaN,
        "Operating Revenue": NaN
    },
    "2023-12-31": {
        "Tax Effect Of Unusual Items": 0.0,
        "Tax Rate For Calcs": 0.21,
        "Normalized EBITDA": 36899000.0,
        "Net Income From Continuing Operation Net Minority Interest": 9222000.0,
        "Reconciled Depreciation": 9318000.0,
        "Reconciled Cost Of Revenue": 100986000.0,
        "EBITDA": 36899000.0,
        "EBIT": 27581000.0,
        "Net Interest Income": -2765000.0,
        "Interest Expense": 2765000.0,
        "Normalized Income": 9222000.0,
        "Net Income From Continuing And Discontinued Operation": 9222000.0,
        "Total Expenses": 147386000.0,
        "Total Operating Income As Reported": 27581000.0,
        "Diluted Average Shares": 15596000.0,
        "Basic Average Shares": 15546000.0,
        "Diluted EPS": 0.59,
        "Basic EPS": 0.59,
        "Diluted NI Availto Com Stockholders": 9222000.0,
        "Net Income Common Stockholders": 9222000.0,
        "Net Income": 9222000.0,
        "Minority Interests": -83000.0,
        "Net Income Including Noncontrolling Interests": 9305000.0,
        "Net Income Continuous Operations": 9305000.0,
        "Tax Provision": 7083000.0,
        "Pretax Income": 16388000.0,
        "Other Income Expense": -8428000.0,
        "Other Non Operating Income Expenses": -8428000.0,
        "Net Non Operating Interest Income Expense": -2765000.0,
        "Total Other Finance Cost": 2765000.0,
        "Interest Expense Non Operating": 2765000.0,
        "Operating Income": 27581000.0,
        "Operating Expense": 46400000.0,
        "Selling General And Administration": 46400000.0,
        "Gross Profit": 73981000.0,
        "Cost Of Revenue": 100986000.0,
        "Total Revenue": 174967000.0,
        "Operating Revenue": NaN
    },
    "2024-03-31": {
        "Tax Effect Of Unusual Items": 0.0,
        "Tax Rate For Calcs": 0.237633,
        "Normalized EBITDA": 54599000.0,
        "Net Income From Continuing Operation Net Minority Interest": 31759000.0,
        "Reconciled Depreciation": 9988000.0,
        "Reconciled Cost Of Revenue": 117222000.0,
        "EBITDA": 54599000.0,
        "EBIT": 44611000.0,
        "Net Interest Income": -2643000.0,
        "Interest Expense": 2643000.0,
        "Normalized Income": 31759000.0,
        "Net Income From Continuing And Discontinued Operation": 31759000.0,
        "Total Expenses": 166522000.0,
        "Total Operating Income As Reported": 44338000.0,
        "Diluted Average Shares": NaN,
        "Basic Average Shares": NaN,
        "Diluted EPS": NaN,
        "Basic EPS": NaN,
        "Diluted NI Availto Com Stockholders": 31759000.0,
        "Net Income Common Stockholders": 31759000.0,
        "Net Income": 31759000.0,
        "Minority Interests": -236000.0,
        "Net Income Including Noncontrolling Interests": 31995000.0,
        "Net Income Continuous Operations": 31995000.0,
        "Tax Provision": 9973000.0,
        "Pretax Income": 41968000.0,
        "Other Income Expense": 273000.0,
        "Other Non Operating Income Expenses": 273000.0,
        "Net Non Operating Interest Income Expense": -2643000.0,
        "Total Other Finance Cost": NaN,
        "Interest Expense Non Operating": 2643000.0,
        "Operating Income": 44338000.0,
        "Operating Expense": 49300000.0,
        "Selling General And Administration": 49300000.0,
        "Gross Profit": 93638000.0,
        "Cost Of Revenue": 117222000.0,
        "Total Revenue": 210860000.0,
        "Operating Revenue": 210860000.0
    },
    "2024-06-30": {
        "Tax Effect Of Unusual Items": 0.0,
        "Tax Rate For Calcs": 0.264,
        "Normalized EBITDA": 65445000.0,
        "Net Income From Continuing Operation Net Minority Interest": 38591000.0,
        "Reconciled Depreciation": 10125000.0,
        "Reconciled Cost Of Revenue": 118756000.0,
        "EBITDA": 65445000.0,
        "EBIT": 55320000.0,
        "Net Interest Income": -2520000.0,
        "Interest Expense": 2520000.0,
        "Normalized Income": 38591000.0,
        "Net Income From Continuing And Discontinued Operation": 38591000.0,
        "Total Expenses": 171117000.0,
        "Total Operating Income As Reported": 55060000.0,
        "Diluted Average Shares": 15596000.0,
        "Basic Average Shares": 15534000.0,
        "Diluted EPS": 2.47,
        "Basic EPS": 2.48,
        "Diluted NI Availto Com Stockholders": 38591000.0,
        "Net Income Common Stockholders": 38591000.0,
        "Net Income": 38591000.0,
        "Minority Interests": -259000.0,
        "Net Income Including Noncontrolling Interests": 38850000.0,
        "Net Income Continuous Operations": 38850000.0,
        "Tax Provision": 13950000.0,
        "Pretax Income": 52800000.0,
        "Other Income Expense": 260000.0,
        "Other Non Operating Income Expenses": 260000.0,
        "Net Non Operating Interest Income Expense": -2520000.0,
        "Total Other Finance Cost": NaN,
        "Interest Expense Non Operating": 2520000.0,
        "Operating Income": 55060000.0,
        "Operating Expense": 52361000.0,
        "Selling General And Administration": 52361000.0,
        "Gross Profit": 107421000.0,
        "Cost Of Revenue": 118756000.0,
        "Total Revenue": 226177000.0,
        "Operating Revenue": 226177000.0
    },
    "2024-09-30": {
        "Tax Effect Of Unusual Items": 0.0,
        "Tax Rate For Calcs": 0.261,
        "Normalized EBITDA": 61006000.0,
        "Net Income From Continuing Operation Net Minority Interest": 36051000.0,
        "Reconciled Depreciation": 10134000.0,
        "Reconciled Cost Of Revenue": 124025000.0,
        "EBITDA": 61006000.0,
        "EBIT": 50872000.0,
        "Net Interest Income": -1341000.0,
        "Interest Expense": 1341000.0,
        "Normalized Income": 36051000.0,
        "Net Income From Continuing And Discontinued Operation": 36051000.0,
        "Total Expenses": 176377000.0,
        "Total Operating Income As Reported": 51549000.0,
        "Diluted Average Shares": 15941000.0,
        "Basic Average Shares": 15866000.0,
        "Diluted EPS": 2.26,
        "Basic EPS": 2.27,
        "Diluted NI Availto Com Stockholders": 36051000.0,
        "Net Income Common Stockholders": 36051000.0,
        "Net Income": 36051000.0,
        "Minority Interests": -570000.0,
        "Net Income Including Noncontrolling Interests": 36621000.0,
        "Net Income Continuous Operations": 36621000.0,
        "Tax Provision": 12910000.0,
        "Pretax Income": 49531000.0,
        "Other Income Expense": -677000.0,
        "Other Non Operating Income Expenses": -677000.0,
        "Net Non Operating Interest Income Expense": -1341000.0,
        "Total Other Finance Cost": NaN,
        "Interest Expense Non Operating": 1341000.0,
        "Operating Income": 51549000.0,
        "Operating Expense": 52352000.0,
        "Selling General And Administration": 52352000.0,
        "Gross Profit": 103901000.0,
        "Cost Of Revenue": 124025000.0,
        "Total Revenue": 227926000.0,
        "Operating Revenue": 227926000.0
    },
    "2024-12-31": {
        "Tax Effect Of Unusual Items": 0.0,
        "Tax Rate For Calcs": 0.138,
        "Normalized EBITDA": 40842000.0,
        "Net Income From Continuing Operation Net Minority Interest": 26948000.0,
        "Reconciled Depreciation": 11247000.0,
        "Reconciled Cost Of Revenue": 113543000.0,
        "EBITDA": 40842000.0,
        "EBIT": 29595000.0,
        "Net Interest Income": 1976000.0,
        "Interest Expense": NaN,
        "Normalized Income": 26948000.0,
        "Net Income From Continuing And Discontinued Operation": 26948000.0,
        "Total Expenses": 164054000.0,
        "Total Operating Income As Reported": 29595000.0,
        "Diluted Average Shares": 16872000.0,
        "Basic Average Shares": 16792000.0,
        "Diluted EPS": 1.6,
        "Basic EPS": 1.6,
        "Diluted NI Availto Com Stockholders": 26948000.0,
        "Net Income Common Stockholders": 26948000.0,
        "Net Income": 26948000.0,
        "Minority Interests": -10000.0,
        "Net Income Including Noncontrolling Interests": 26958000.0,
        "Net Income Continuous Operations": 26958000.0,
        "Tax Provision": 4315000.0,
        "Pretax Income": 31273000.0,
        "Other Income Expense": -298000.0,
        "Other Non Operating Income Expenses": -298000.0,
        "Net Non Operating Interest Income Expense": 1976000.0,
        "Total Other Finance Cost": -1976000.0,
        "Interest Expense Non Operating": NaN,
        "Operating Income": 29595000.0,
        "Operating Expense": 50511000.0,
        "Selling General And Administration": 50511000.0,
        "Gross Profit": 80106000.0,
        "Cost Of Revenue": 113543000.0,
        "Total Revenue": 193649000.0,
        "Operating Revenue": 193649000.0
    },
    "2025-03-31": {
        "Tax Effect Of Unusual Items": NaN,
        "Tax Rate For Calcs": NaN,
        "Normalized EBITDA": NaN,
        "Net Income From Continuing Operation Net Minority Interest": NaN,
        "Reconciled Depreciation": NaN,
        "Reconciled Cost Of Revenue": NaN,
        "EBITDA": NaN,
        "EBIT": NaN,
        "Net Interest Income": NaN,
        "Interest Expense": NaN,
        "Normalized Income": NaN,
        "Net Income From Continuing And Discontinued Operation": NaN,
        "Total Expenses": NaN,
        "Total Operating Income As Reported": NaN,
        "Diluted Average Shares": NaN,
        "Basic Average Shares": NaN,
        "Diluted EPS": NaN,
        "Basic EPS": NaN,
        "Diluted NI Availto Com Stockholders": NaN,
        "Net Income Common Stockholders": NaN,
        "Net Income": NaN,
        "Minority Interests": NaN,
        "Net Income Including Noncontrolling Interests": NaN,
        "Net Income Continuous Operations": NaN,
        "Tax Provision": NaN,
        "Pretax Income": NaN,
        "Other Income Expense": NaN,
        "Other Non Operating Income Expenses": NaN,
        "Net Non Operating Interest Income Expense": NaN,
        "Total Other Finance Cost": NaN,
        "Interest Expense Non Operating": NaN,
        "Operating Income": NaN,
        "Operating Expense": NaN,
        "Selling General And Administration": NaN,
        "Gross Profit": NaN,
        "Cost Of Revenue": NaN,
        "Total Revenue": NaN,
        "Operating Revenue": 230549000.0
    }
}