{
    "2023-06-30": {
        "Tax Effect Of Unusual Items": NaN,
        "Tax Rate For Calcs": NaN,
        "Net Income From Continuing Operation Net Minority Interest": NaN,
        "Reconciled Depreciation": NaN,
        "Net Interest Income": NaN,
        "Interest Expense": NaN,
        "Interest Income": NaN,
        "Normalized Income": NaN,
        "Net Income From Continuing And Discontinued Operation": NaN,
        "Diluted Average Shares": NaN,
        "Basic Average Shares": NaN,
        "Diluted EPS": NaN,
        "Basic EPS": NaN,
        "Diluted NI Availto Com Stockholders": NaN,
        "Net Income Common Stockholders": NaN,
        "Net Income": NaN,
        "Net Income Including Noncontrolling Interests": NaN,
        "Net Income Continuous Operations": NaN,
        "Tax Provision": NaN,
        "Pretax Income": NaN,
        "Securities Amortization": 598000.0,
        "Gain On Sale Of Security": NaN,
        "Selling General And Administration": NaN,
        "Selling And Marketing Expense": NaN,
        "General And Administrative Expense": NaN,
        "Insurance And Claims": NaN,
        "Salaries And Wages": NaN,
        "Total Revenue": NaN,
        "Operating Revenue": NaN,
        "Occupancy And Equipment": NaN,
        "Professional Expense And Contract Services Expense": NaN,
        "Other Non Interest Expense": NaN
    },
    "2023-03-31": {
        "Tax Effect Of Unusual Items": NaN,
        "Tax Rate For Calcs": NaN,
        "Net Income From Continuing Operation Net Minority Interest": NaN,
        "Reconciled Depreciation": NaN,
        "Net Interest Income": NaN,
        "Interest Expense": NaN,
        "Interest Income": NaN,
        "Normalized Income": NaN,
        "Net Income From Continuing And Discontinued Operation": NaN,
        "Diluted Average Shares": NaN,
        "Basic Average Shares": NaN,
        "Diluted EPS": NaN,
        "Basic EPS": NaN,
        "Diluted NI Availto Com Stockholders": NaN,
        "Net Income Common Stockholders": NaN,
        "Net Income": NaN,
        "Net Income Including Noncontrolling Interests": NaN,
        "Net Income Continuous Operations": NaN,
        "Tax Provision": NaN,
        "Pretax Income": NaN,
        "Securities Amortization": 597000.0,
        "Gain On Sale Of Security": NaN,
        "Selling General And Administration": NaN,
        "Selling And Marketing Expense": NaN,
        "General And Administrative Expense": NaN,
        "Insurance And Claims": NaN,
        "Salaries And Wages": NaN,
        "Total Revenue": NaN,
        "Operating Revenue": NaN,
        "Occupancy And Equipment": NaN,
        "Professional Expense And Contract Services Expense": NaN,
        "Other Non Interest Expense": NaN
    },
    "2022-12-31": {
        "Tax Effect Of Unusual Items": NaN,
        "Tax Rate For Calcs": NaN,
        "Net Income From Continuing Operation Net Minority Interest": NaN,
        "Reconciled Depreciation": NaN,
        "Net Interest Income": NaN,
        "Interest Expense": NaN,
        "Interest Income": NaN,
        "Normalized Income": NaN,
        "Net Income From Continuing And Discontinued Operation": NaN,
        "Diluted Average Shares": NaN,
        "Basic Average Shares": NaN,
        "Diluted EPS": NaN,
        "Basic EPS": NaN,
        "Diluted NI Availto Com Stockholders": NaN,
        "Net Income Common Stockholders": NaN,
        "Net Income": NaN,
        "Net Income Including Noncontrolling Interests": NaN,
        "Net Income Continuous Operations": NaN,
        "Tax Provision": NaN,
        "Pretax Income": NaN,
        "Securities Amortization": 686000.0,
        "Gain On Sale Of Security": NaN,
        "Selling General And Administration": NaN,
        "Selling And Marketing Expense": NaN,
        "General And Administrative Expense": NaN,
        "Insurance And Claims": NaN,
        "Salaries And Wages": NaN,
        "Total Revenue": NaN,
        "Operating Revenue": NaN,
        "Occupancy And Equipment": NaN,
        "Professional Expense And Contract Services Expense": NaN,
        "Other Non Interest Expense": NaN
    },
    "2022-09-30": {
        "Tax Effect Of Unusual Items": NaN,
        "Tax Rate For Calcs": NaN,
        "Net Income From Continuing Operation Net Minority Interest": NaN,
        "Reconciled Depreciation": NaN,
        "Net Interest Income": NaN,
        "Interest Expense": NaN,
        "Interest Income": NaN,
        "Normalized Income": NaN,
        "Net Income From Continuing And Discontinued Operation": NaN,
        "Diluted Average Shares": NaN,
        "Basic Average Shares": NaN,
        "Diluted EPS": NaN,
        "Basic EPS": NaN,
        "Diluted NI Availto Com Stockholders": NaN,
        "Net Income Common Stockholders": NaN,
        "Net Income": NaN,
        "Net Income Including Noncontrolling Interests": NaN,
        "Net Income Continuous Operations": NaN,
        "Tax Provision": NaN,
        "Pretax Income": NaN,
        "Securities Amortization": NaN,
        "Gain On Sale Of Security": NaN,
        "Selling General And Administration": NaN,
        "Selling And Marketing Expense": NaN,
        "General And Administrative Expense": NaN,
        "Other Gand A": 2270000.0,
        "Insurance And Claims": NaN,
        "Salaries And Wages": NaN,
        "Total Revenue": NaN,
        "Operating Revenue": NaN
    },
    "2022-06-30": {
        "Tax Effect Of Unusual Items": 0.0,
        "Tax Rate For Calcs": 0.196743,
        "Net Income From Continuing Operation Net Minority Interest": 20271000.0,
        "Reconciled Depreciation": 1274000.0,
        "Net Interest Income": 40790000.0,
        "Interest Expense": 4562000.0,
        "Interest Income": 45352000.0,
        "Normalized Income": 20271000.0,
        "Net Income From Continuing And Discontinued Operation": 20271000.0,
        "Diluted Average Shares": 17843000.0,
        "Basic Average Shares": 17835000.0,
        "Diluted EPS": 1.14,
        "Basic EPS": 1.14,
        "Diluted NI Availto Com Stockholders": 20271000.0,
        "Net Income Common Stockholders": 20271000.0,
        "Net Income": 20271000.0,
        "Net Income Including Noncontrolling Interests": 20271000.0,
        "Net Income Continuous Operations": 20271000.0,
        "Tax Provision": 4965000.0,
        "Pretax Income": 25236000.0,
        "Securities Amortization": 747000.0,
        "Gain On Sale Of Security": -225000.0,
        "Selling General And Administration": 20987000.0,
        "Selling And Marketing Expense": 659000.0,
        "General And Administrative Expense": 20987000.0,
        "Other Gand A": 2095000.0,
        "Insurance And Claims": 358000.0,
        "Salaries And Wages": 18534000.0,
        "Total Revenue": 55291000.0,
        "Operating Revenue": 55291000.0
    },
    "2022-03-31": {
        "Diluted EPS": 1.11,
        "Total Revenue": 58,
        "Gross Profit": 55,
        "Operating Income": 25,
        "EBIT": NaN,
        "Net Income": 20
    },
    "2021-12-31": {
        "Diluted EPS": 1.08,
        "Total Revenue": 59,
        "Gross Profit": 56,
        "Operating Income": 24,
        "EBIT": NaN,
        "Net Income": 19
    },
    "2021-09-30": {
        "Diluted EPS": 1.19,
        "Total Revenue": 60,
        "Gross Profit": 56,
        "Operating Income": 26,
        "EBIT": NaN,
        "Net Income": 21
    },
    "2021-06-30": {
        "Diluted EPS": 1.34,
        "Total Revenue": 59,
        "Gross Profit": 56,
        "Operating Income": 30,
        "EBIT": NaN,
        "Net Income": 24
    },
    "2021-03-31": {
        "Diluted EPS": 1.33,
        "Total Revenue": 60,
        "Gross Profit": 56,
        "Operating Income": 30,
        "EBIT": NaN,
        "Net Income": 24
    },
    "2020-12-31": {
        "Diluted EPS": 0.89,
        "Total Revenue": 58,
        "Gross Profit": 54,
        "Operating Income": 19,
        "EBIT": NaN,
        "Net Income": 16
    },
    "2020-09-30": {
        "Diluted EPS": 0.98,
        "Total Revenue": 59,
        "Gross Profit": 53,
        "Operating Income": 21,
        "EBIT": NaN,
        "Net Income": 17
    },
    "2020-06-30": {
        "Diluted EPS": 1.11,
        "Total Revenue": 58,
        "Gross Profit": 51,
        "Operating Income": 23,
        "EBIT": NaN,
        "Net Income": 20
    },
    "2020-03-31": {
        "Diluted EPS": 0.37,
        "Total Revenue": 56,
        "Gross Profit": 48,
        "Operating Income": 7,
        "EBIT": NaN,
        "Net Income": 7
    },
    "2019-12-31": {
        "Diluted EPS": 0.91,
        "Total Revenue": 59,
        "Gross Profit": 50,
        "Operating Income": 19,
        "EBIT": NaN,
        "Net Income": 16
    },
    "2019-09-30": {
        "Diluted EPS": 0.86,
        "Total Revenue": 59,
        "Gross Profit": 49,
        "Operating Income": 18,
        "EBIT": NaN,
        "Net Income": 15
    },
    "2019-06-30": {
        "Diluted EPS": 1.03,
        "Total Revenue": 59,
        "Gross Profit": 48,
        "Operating Income": 17,
        "EBIT": NaN,
        "Net Income": 18
    },
    "2019-03-31": {
        "Diluted EPS": 0.84,
        "Total Revenue": 58,
        "Gross Profit": 48,
        "Operating Income": 19,
        "EBIT": NaN,
        "Net Income": 15
    },
    "2018-12-31": {
        "Diluted EPS": 0.89,
        "Total Revenue": 57,
        "Gross Profit": 49,
        "Operating Income": 19,
        "EBIT": NaN,
        "Net Income": 16
    },
    "2018-09-30": {
        "Diluted EPS": 0.91,
        "Total Revenue": 56,
        "Gross Profit": 49,
        "Operating Income": 19,
        "EBIT": NaN,
        "Net Income": 16
    },
    "2018-06-30": {
        "Diluted EPS": 0.66,
        "Total Revenue": 56,
        "Gross Profit": 49,
        "Operating Income": 15,
        "EBIT": NaN,
        "Net Income": 12
    },
    "2018-03-31": {
        "Diluted EPS": 0.89,
        "Total Revenue": 54,
        "Gross Profit": 48,
        "Operating Income": 18,
        "EBIT": NaN,
        "Net Income": 16
    },
    "2017-12-31": {
        "Diluted EPS": 0.85,
        "Total Revenue": 53,
        "Gross Profit": 48,
        "Operating Income": 17,
        "EBIT": NaN,
        "Net Income": 15
    },
    "2017-09-30": {
        "Diluted EPS": 0.78,
        "Total Revenue": 52,
        "Gross Profit": 47,
        "Operating Income": 20,
        "EBIT": NaN,
        "Net Income": 14
    },
    "2017-06-30": {
        "Diluted EPS": 0.65,
        "Total Revenue": 51,
        "Gross Profit": 47,
        "Operating Income": 16,
        "EBIT": NaN,
        "Net Income": 12
    },
    "2017-03-31": {
        "Diluted EPS": 0.64,
        "Total Revenue": 48,
        "Gross Profit": 45,
        "Operating Income": 16,
        "EBIT": NaN,
        "Net Income": 11
    },
    "2016-12-31": {
        "Diluted EPS": 0.68,
        "Total Revenue": 50,
        "Gross Profit": 46,
        "Operating Income": 17,
        "EBIT": NaN,
        "Net Income": 12
    },
    "2016-09-30": {
        "Diluted EPS": 0.7,
        "Total Revenue": 50,
        "Gross Profit": 46,
        "Operating Income": 18,
        "EBIT": NaN,
        "Net Income": 12
    },
    "2016-06-30": {
        "Diluted EPS": 0.66,
        "Total Revenue": 48,
        "Gross Profit": 45,
        "Operating Income": 16,
        "EBIT": NaN,
        "Net Income": 12
    },
    "2016-03-31": {
        "Diluted EPS": 0.66,
        "Total Revenue": 47,
        "Gross Profit": 44,
        "Operating Income": 16,
        "EBIT": NaN,
        "Net Income": 12
    },
    "2015-12-31": {
        "Diluted EPS": 0.68,
        "Total Revenue": 48,
        "Gross Profit": 45,
        "Operating Income": 17,
        "EBIT": NaN,
        "Net Income": 12
    },
    "2015-09-30": {
        "Diluted EPS": 0.64,
        "Total Revenue": 48,
        "Gross Profit": 45,
        "Operating Income": 15,
        "EBIT": NaN,
        "Net Income": 11
    },
    "2015-06-30": {
        "Diluted EPS": 0.71,
        "Total Revenue": 48,
        "Gross Profit": 45,
        "Operating Income": 17,
        "EBIT": NaN,
        "Net Income": 12
    },
    "2015-03-31": {
        "Diluted EPS": 0.63,
        "Total Revenue": 46,
        "Gross Profit": 44,
        "Operating Income": 16,
        "EBIT": NaN,
        "Net Income": 11
    },
    "2014-12-31": {
        "Diluted EPS": 0.58,
        "Total Revenue": 48,
        "Gross Profit": 46,
        "Operating Income": 15,
        "EBIT": NaN,
        "Net Income": 10
    },
    "2014-09-30": {
        "Diluted EPS": 0.63,
        "Total Revenue": 48,
        "Gross Profit": 45,
        "Operating Income": 16,
        "EBIT": NaN,
        "Net Income": 11
    },
    "2014-06-30": {
        "Diluted EPS": 0.7,
        "Total Revenue": 47,
        "Gross Profit": 44,
        "Operating Income": 18,
        "EBIT": NaN,
        "Net Income": 12
    },
    "2014-03-31": {
        "Diluted EPS": 0.58,
        "Total Revenue": 46,
        "Gross Profit": 43,
        "Operating Income": 15,
        "EBIT": NaN,
        "Net Income": 10
    },
    "2013-12-31": {
        "Diluted EPS": 0.51,
        "Total Revenue": 49,
        "Gross Profit": 46,
        "Operating Income": 13,
        "EBIT": NaN,
        "Net Income": 9
    },
    "2013-09-30": {
        "Diluted EPS": 0.73,
        "Total Revenue": 50,
        "Gross Profit": 46,
        "Operating Income": 19,
        "EBIT": NaN,
        "Net Income": 13
    },
    "2013-06-30": {
        "Diluted EPS": 0.69,
        "Total Revenue": 50,
        "Gross Profit": 47,
        "Operating Income": 17,
        "EBIT": NaN,
        "Net Income": 12
    },
    "2013-03-31": {
        "Diluted EPS": 0.69,
        "Total Revenue": 49,
        "Gross Profit": 45,
        "Operating Income": 17,
        "EBIT": NaN,
        "Net Income": 12
    },
    "2012-12-31": {
        "Diluted EPS": 0.61,
        "Total Revenue": 50,
        "Gross Profit": 46,
        "Operating Income": 15,
        "EBIT": NaN,
        "Net Income": 11
    },
    "2012-09-30": {
        "Diluted EPS": 0.6,
        "Total Revenue": 49,
        "Gross Profit": 44,
        "Operating Income": 15,
        "EBIT": NaN,
        "Net Income": 10
    },
    "2012-06-30": {
        "Diluted EPS": 0.72,
        "Total Revenue": 50,
        "Gross Profit": 44,
        "Operating Income": 18,
        "EBIT": NaN,
        "Net Income": 12
    },
    "2012-03-31": {
        "Diluted EPS": 0.7,
        "Total Revenue": 50,
        "Gross Profit": 44,
        "Operating Income": 17,
        "EBIT": NaN,
        "Net Income": 12
    },
    "2011-12-31": {
        "Diluted EPS": 0.58,
        "Total Revenue": 51,
        "Gross Profit": 44,
        "Operating Income": 15,
        "EBIT": NaN,
        "Net Income": 10
    },
    "2011-09-30": {
        "Diluted EPS": 0.64,
        "Total Revenue": 51,
        "Gross Profit": 44,
        "Operating Income": 16,
        "EBIT": NaN,
        "Net Income": 11
    },
    "2011-06-30": {
        "Diluted EPS": 0.53,
        "Total Revenue": 50,
        "Gross Profit": 43,
        "Operating Income": 13,
        "EBIT": NaN,
        "Net Income": 9
    },
    "2011-03-31": {
        "Diluted EPS": 0.56,
        "Total Revenue": 51,
        "Gross Profit": 43,
        "Operating Income": 12,
        "EBIT": NaN,
        "Net Income": 9
    },
    "2010-12-31": {
        "Diluted EPS": 0.55,
        "Total Revenue": 50,
        "Gross Profit": 42,
        "Operating Income": 13,
        "EBIT": NaN,
        "Net Income": 9
    },
    "2010-09-30": {
        "Diluted EPS": 0.5,
        "Total Revenue": 49,
        "Gross Profit": 40,
        "Operating Income": 12,
        "EBIT": NaN,
        "Net Income": 8
    },
    "2010-06-30": {
        "Diluted EPS": 0.51,
        "Total Revenue": 48,
        "Gross Profit": 39,
        "Operating Income": 12,
        "EBIT": NaN,
        "Net Income": 9
    },
    "2010-03-31": {
        "Diluted EPS": 0.41,
        "Total Revenue": 48,
        "Gross Profit": 39,
        "Operating Income": 10,
        "EBIT": NaN,
        "Net Income": 7
    },
    "2009-12-31": {
        "Diluted EPS": 0.42,
        "Total Revenue": 49,
        "Gross Profit": 39,
        "Operating Income": 10,
        "EBIT": NaN,
        "Net Income": 7
    },
    "2009-09-30": {
        "Diluted EPS": 0.34,
        "Total Revenue": 48,
        "Gross Profit": 36,
        "Operating Income": 8,
        "EBIT": NaN,
        "Net Income": 6
    },
    "2009-06-30": {
        "Diluted EPS": 0.36,
        "Total Revenue": 49,
        "Gross Profit": 36,
        "Operating Income": 8,
        "EBIT": NaN,
        "Net Income": 6
    },
    "2009-03-31": {
        "Diluted EPS": 0.39,
        "Total Revenue": 48,
        "Gross Profit": 35,
        "Operating Income": 9,
        "EBIT": NaN,
        "Net Income": 7
    },
    "2023-09-30": {
        "Tax Effect Of Unusual Items": NaN,
        "Tax Rate For Calcs": NaN,
        "Net Income From Continuing Operation Net Minority Interest": NaN,
        "Reconciled Depreciation": NaN,
        "Net Interest Income": NaN,
        "Interest Expense": NaN,
        "Interest Income": NaN,
        "Normalized Income": NaN,
        "Net Income From Continuing And Discontinued Operation": NaN,
        "Diluted Average Shares": NaN,
        "Basic Average Shares": NaN,
        "Diluted EPS": NaN,
        "Basic EPS": NaN,
        "Diluted NI Availto Com Stockholders": NaN,
        "Net Income Common Stockholders": NaN,
        "Net Income": NaN,
        "Net Income Including Noncontrolling Interests": NaN,
        "Net Income Continuous Operations": NaN,
        "Tax Provision": NaN,
        "Pretax Income": NaN,
        "Securities Amortization": 714000.0,
        "Gain On Sale Of Security": NaN,
        "Selling General And Administration": NaN,
        "Selling And Marketing Expense": NaN,
        "General And Administrative Expense": NaN,
        "Insurance And Claims": NaN,
        "Salaries And Wages": NaN,
        "Total Revenue": NaN,
        "Operating Revenue": NaN,
        "Occupancy And Equipment": NaN,
        "Professional Expense And Contract Services Expense": NaN,
        "Other Non Interest Expense": NaN
    },
    "2023-12-31": {
        "Tax Effect Of Unusual Items": NaN,
        "Tax Rate For Calcs": NaN,
        "Net Income From Continuing Operation Net Minority Interest": NaN,
        "Reconciled Depreciation": NaN,
        "Net Interest Income": NaN,
        "Interest Expense": NaN,
        "Interest Income": NaN,
        "Normalized Income": NaN,
        "Net Income From Continuing And Discontinued Operation": NaN,
        "Diluted Average Shares": NaN,
        "Basic Average Shares": NaN,
        "Diluted EPS": NaN,
        "Basic EPS": NaN,
        "Diluted NI Availto Com Stockholders": NaN,
        "Net Income Common Stockholders": NaN,
        "Net Income": NaN,
        "Net Income Including Noncontrolling Interests": NaN,
        "Net Income Continuous Operations": NaN,
        "Tax Provision": NaN,
        "Pretax Income": NaN,
        "Securities Amortization": 729000.0,
        "Gain On Sale Of Security": NaN,
        "Selling General And Administration": NaN,
        "Selling And Marketing Expense": NaN,
        "General And Administrative Expense": NaN,
        "Insurance And Claims": NaN,
        "Salaries And Wages": NaN,
        "Total Revenue": NaN,
        "Operating Revenue": NaN,
        "Occupancy And Equipment": NaN,
        "Professional Expense And Contract Services Expense": NaN,
        "Other Non Interest Expense": NaN
    },
    "2024-03-31": {
        "Tax Effect Of Unusual Items": 0.0,
        "Tax Rate For Calcs": 0.216781,
        "Net Income From Continuing Operation Net Minority Interest": 18679000.0,
        "Reconciled Depreciation": 1100000.0,
        "Net Interest Income": 43591000.0,
        "Interest Expense": 31411000.0,
        "Interest Income": 75002000.0,
        "Normalized Income": 18679000.0,
        "Net Income From Continuing And Discontinued Operation": 18679000.0,
        "Diluted Average Shares": 17943000.0,
        "Basic Average Shares": 17926000.0,
        "Diluted EPS": 1.04,
        "Basic EPS": 1.04,
        "Diluted NI Availto Com Stockholders": 18679000.0,
        "Net Income Common Stockholders": 18679000.0,
        "Net Income": 18679000.0,
        "Net Income Including Noncontrolling Interests": 18679000.0,
        "Net Income Continuous Operations": 18679000.0,
        "Tax Provision": 5170000.0,
        "Pretax Income": 23849000.0,
        "Securities Amortization": NaN,
        "Gain On Sale Of Security": 371000.0,
        "Selling General And Administration": 21341000.0,
        "Selling And Marketing Expense": 577000.0,
        "General And Administrative Expense": 20764000.0,
        "Insurance And Claims": 642000.0,
        "Salaries And Wages": 20122000.0,
        "Total Revenue": 58725000.0,
        "Operating Revenue": 58725000.0,
        "Occupancy And Equipment": 3028000.0,
        "Professional Expense And Contract Services Expense": 832000.0,
        "Other Non Interest Expense": 7001000.0
    },
    "2024-06-30": {
        "Tax Effect Of Unusual Items": 0.0,
        "Tax Rate For Calcs": 0.249808,
        "Net Income From Continuing Operation Net Minority Interest": 19499000.0,
        "Reconciled Depreciation": 1320000.0,
        "Net Interest Income": 45678000.0,
        "Interest Expense": 30970000.0,
        "Interest Income": 76648000.0,
        "Normalized Income": 19499000.0,
        "Net Income From Continuing And Discontinued Operation": 19499000.0,
        "Diluted Average Shares": NaN,
        "Basic Average Shares": NaN,
        "Diluted EPS": NaN,
        "Basic EPS": NaN,
        "Diluted NI Availto Com Stockholders": 19499000.0,
        "Net Income Common Stockholders": 19499000.0,
        "Net Income": 19499000.0,
        "Net Income Including Noncontrolling Interests": 19499000.0,
        "Net Income Continuous Operations": 19499000.0,
        "Tax Provision": 6493000.0,
        "Pretax Income": 25992000.0,
        "Gain On Sale Of Security": -474000.0,
        "Selling General And Administration": 21092000.0,
        "Selling And Marketing Expense": 856000.0,
        "General And Administrative Expense": 20236000.0,
        "Insurance And Claims": 645000.0,
        "Salaries And Wages": 19591000.0,
        "Total Revenue": 61386000.0,
        "Operating Revenue": 61386000.0,
        "Occupancy And Equipment": 3089000.0,
        "Professional Expense And Contract Services Expense": 978000.0,
        "Other Non Interest Expense": 7263000.0
    },
    "2024-09-30": {
        "Tax Effect Of Unusual Items": 0.0,
        "Tax Rate For Calcs": 0.195246,
        "Net Income From Continuing Operation Net Minority Interest": 22142000.0,
        "Reconciled Depreciation": 1340000.0,
        "Net Interest Income": 47199000.0,
        "Interest Expense": 32615000.0,
        "Interest Income": 79814000.0,
        "Normalized Income": 22142000.0,
        "Net Income From Continuing And Discontinued Operation": 22142000.0,
        "Diluted Average Shares": 17991000.0,
        "Basic Average Shares": 17962000.0,
        "Diluted EPS": 1.23,
        "Basic EPS": 1.23,
        "Diluted NI Availto Com Stockholders": 22142000.0,
        "Net Income Common Stockholders": 22142000.0,
        "Net Income": 22142000.0,
        "Net Income Including Noncontrolling Interests": 22142000.0,
        "Net Income Continuous Operations": 22142000.0,
        "Tax Provision": 5372000.0,
        "Pretax Income": 27514000.0,
        "Gain On Sale Of Security": 213000.0,
        "Selling General And Administration": 21026000.0,
        "Selling And Marketing Expense": 876000.0,
        "General And Administrative Expense": 20150000.0,
        "Insurance And Claims": 629000.0,
        "Salaries And Wages": 19521000.0,
        "Total Revenue": 62762000.0,
        "Operating Revenue": 62762000.0,
        "Occupancy And Equipment": 3072000.0,
        "Professional Expense And Contract Services Expense": 1024000.0,
        "Other Non Interest Expense": 7390000.0
    },
    "2024-12-31": {
        "Tax Effect Of Unusual Items": 0.0,
        "Tax Rate For Calcs": 0.233132,
        "Net Income From Continuing Operation Net Minority Interest": 22493000.0,
        "Reconciled Depreciation": 1243000.0,
        "Net Interest Income": 49527000.0,
        "Interest Expense": 32452000.0,
        "Interest Income": 81979000.0,
        "Normalized Income": 22493000.0,
        "Net Income From Continuing And Discontinued Operation": 22493000.0,
        "Diluted Average Shares": 18009000.0,
        "Basic Average Shares": 17971000.0,
        "Diluted EPS": 1.25,
        "Basic EPS": 1.25,
        "Diluted NI Availto Com Stockholders": 22493000.0,
        "Net Income Common Stockholders": 22493000.0,
        "Net Income": 22493000.0,
        "Net Income Including Noncontrolling Interests": 22493000.0,
        "Net Income Continuous Operations": 22493000.0,
        "Tax Provision": 6838000.0,
        "Pretax Income": 29331000.0,
        "Gain On Sale Of Security": 521000.0,
        "Selling General And Administration": 21684000.0,
        "Selling And Marketing Expense": 821000.0,
        "General And Administrative Expense": 20863000.0,
        "Insurance And Claims": 670000.0,
        "Salaries And Wages": 20193000.0,
        "Total Revenue": 65687000.0,
        "Operating Revenue": 65687000.0,
        "Occupancy And Equipment": 3015000.0,
        "Professional Expense And Contract Services Expense": 1039000.0,
        "Other Non Interest Expense": 8031000.0
    },
    "2025-03-31": {
        "Tax Effect Of Unusual Items": 0.0,
        "Tax Rate For Calcs": 0.226011,
        "Net Income From Continuing Operation Net Minority Interest": 21972000.0,
        "Reconciled Depreciation": 1396000.0,
        "Net Interest Income": 51267000.0,
        "Interest Expense": 30787000.0,
        "Interest Income": 82054000.0,
        "Normalized Income": 21972000.0,
        "Net Income From Continuing And Discontinued Operation": 21972000.0,
        "Diluted Average Shares": 18022000.0,
        "Basic Average Shares": 17995000.0,
        "Diluted EPS": 1.22,
        "Basic EPS": 1.22,
        "Diluted NI Availto Com Stockholders": 21972000.0,
        "Net Income Common Stockholders": 21972000.0,
        "Net Income": 21972000.0,
        "Net Income Including Noncontrolling Interests": 21972000.0,
        "Net Income Continuous Operations": 21972000.0,
        "Tax Provision": 6416000.0,
        "Pretax Income": 28388000.0,
        "Gain On Sale Of Security": 480000.0,
        "Selling General And Administration": 21480000.0,
        "Selling And Marketing Expense": 673000.0,
        "General And Administrative Expense": 20807000.0,
        "Insurance And Claims": 689000.0,
        "Salaries And Wages": 20118000.0,
        "Total Revenue": 66164000.0,
        "Operating Revenue": 66164000.0,
        "Occupancy And Equipment": 3440000.0,
        "Professional Expense And Contract Services Expense": 1225000.0,
        "Other Non Interest Expense": 8063000.0
    },
    "2025-06-30": {
        "Tax Effect Of Unusual Items": 0.0,
        "Tax Rate For Calcs": 0.232791,
        "Net Income From Continuing Operation Net Minority Interest": 24899000.0,
        "Reconciled Depreciation": 1422000.0,
        "Net Interest Income": 54040000.0,
        "Interest Expense": 31531000.0,
        "Interest Income": 85571000.0,
        "Normalized Income": 24899000.0,
        "Net Income From Continuing And Discontinued Operation": 24899000.0,
        "Diluted Average Shares": 18036000.0,
        "Basic Average Shares": 18012000.0,
        "Diluted EPS": 1.38,
        "Basic EPS": 1.38,
        "Diluted NI Availto Com Stockholders": 24899000.0,
        "Net Income Common Stockholders": 24899000.0,
        "Net Income": 24899000.0,
        "Net Income Including Noncontrolling Interests": 24899000.0,
        "Net Income Continuous Operations": 24899000.0,
        "Tax Provision": 7555000.0,
        "Pretax Income": 32454000.0,
        "Gain On Sale Of Security": 150000.0,
        "Selling General And Administration": 23107000.0,
        "Selling And Marketing Expense": 765000.0,
        "General And Administrative Expense": 22342000.0,
        "Insurance And Claims": 688000.0,
        "Salaries And Wages": 21654000.0,
        "Total Revenue": 70211000.0,
        "Operating Revenue": 70211000.0,
        "Occupancy And Equipment": 3172000.0,
        "Professional Expense And Contract Services Expense": 1001000.0,
        "Other Non Interest Expense": 8383000.0
    },
    "2025-09-30": {
        "Tax Effect Of Unusual Items": NaN,
        "Tax Rate For Calcs": NaN,
        "Net Income From Continuing Operation Net Minority Interest": NaN,
        "Reconciled Depreciation": NaN,
        "Net Interest Income": NaN,
        "Interest Expense": NaN,
        "Interest Income": NaN,
        "Normalized Income": NaN,
        "Net Income From Continuing And Discontinued Operation": NaN,
        "Diluted Average Shares": 18053000.0,
        "Basic Average Shares": 18019000.0,
        "Diluted EPS": 1.32,
        "Basic EPS": 1.33,
        "Diluted NI Availto Com Stockholders": NaN,
        "Net Income Common Stockholders": NaN,
        "Net Income": NaN,
        "Net Income Including Noncontrolling Interests": NaN,
        "Net Income Continuous Operations": NaN,
        "Tax Provision": NaN,
        "Pretax Income": NaN,
        "Gain On Sale Of Security": NaN,
        "Selling General And Administration": NaN,
        "Selling And Marketing Expense": NaN,
        "General And Administrative Expense": NaN,
        "Insurance And Claims": NaN,
        "Salaries And Wages": NaN,
        "Total Revenue": NaN,
        "Operating Revenue": NaN,
        "Occupancy And Equipment": NaN,
        "Professional Expense And Contract Services Expense": NaN,
        "Other Non Interest Expense": NaN
    }
}