{
    "2023-03-31": {
        "Tax Effect Of Unusual Items": NaN,
        "Tax Rate For Calcs": NaN,
        "Normalized EBITDA": NaN,
        "Net Income From Continuing Operation Net Minority Interest": NaN,
        "Reconciled Depreciation": NaN,
        "Reconciled Cost Of Revenue": NaN,
        "EBITDA": NaN,
        "EBIT": NaN,
        "Net Interest Income": NaN,
        "Interest Expense": NaN,
        "Interest Income": NaN,
        "Normalized Income": NaN,
        "Net Income From Continuing And Discontinued Operation": NaN,
        "Total Expenses": NaN,
        "Total Operating Income As Reported": NaN,
        "Diluted Average Shares": NaN,
        "Basic Average Shares": NaN,
        "Diluted EPS": NaN,
        "Basic EPS": NaN,
        "Diluted NI Availto Com Stockholders": NaN,
        "Net Income Common Stockholders": NaN,
        "Net Income": NaN,
        "Minority Interests": 0.0,
        "Net Income Including Noncontrolling Interests": NaN,
        "Net Income Continuous Operations": NaN,
        "Tax Provision": NaN,
        "Pretax Income": NaN,
        "Other Income Expense": NaN,
        "Other Non Operating Income Expenses": NaN,
        "Net Non Operating Interest Income Expense": NaN,
        "Interest Expense Non Operating": NaN,
        "Interest Income Non Operating": NaN,
        "Operating Income": NaN,
        "Operating Expense": NaN,
        "Research And Development": NaN,
        "Selling General And Administration": NaN,
        "Selling And Marketing Expense": NaN,
        "General And Administrative Expense": NaN,
        "Other Gand A": NaN,
        "Gross Profit": NaN,
        "Cost Of Revenue": NaN,
        "Total Revenue": NaN,
        "Operating Revenue": NaN
    },
    "2022-12-31": {
        "Tax Effect Of Unusual Items": NaN,
        "Tax Rate For Calcs": NaN,
        "Normalized EBITDA": NaN,
        "Net Income From Continuing Operation Net Minority Interest": NaN,
        "Reconciled Depreciation": NaN,
        "Reconciled Cost Of Revenue": NaN,
        "EBITDA": NaN,
        "EBIT": NaN,
        "Net Interest Income": NaN,
        "Interest Expense": NaN,
        "Interest Income": NaN,
        "Normalized Income": NaN,
        "Net Income From Continuing And Discontinued Operation": NaN,
        "Total Expenses": NaN,
        "Total Operating Income As Reported": NaN,
        "Diluted Average Shares": NaN,
        "Basic Average Shares": NaN,
        "Diluted EPS": NaN,
        "Basic EPS": NaN,
        "Diluted NI Availto Com Stockholders": NaN,
        "Net Income Common Stockholders": NaN,
        "Otherunder Preferred Stock Dividend": 0.0,
        "Net Income": NaN,
        "Minority Interests": -189000.0,
        "Net Income Including Noncontrolling Interests": NaN,
        "Net Income Continuous Operations": NaN,
        "Tax Provision": NaN,
        "Pretax Income": NaN,
        "Other Income Expense": NaN,
        "Other Non Operating Income Expenses": NaN,
        "Net Non Operating Interest Income Expense": NaN,
        "Interest Expense Non Operating": NaN,
        "Interest Income Non Operating": NaN,
        "Operating Income": NaN,
        "Operating Expense": NaN,
        "Research And Development": NaN,
        "Selling General And Administration": NaN,
        "Selling And Marketing Expense": NaN,
        "General And Administrative Expense": NaN,
        "Other Gand A": NaN,
        "Gross Profit": NaN,
        "Cost Of Revenue": NaN,
        "Total Revenue": NaN,
        "Operating Revenue": NaN
    },
    "2022-09-30": {
        "Tax Effect Of Unusual Items": NaN,
        "Tax Rate For Calcs": NaN,
        "Normalized EBITDA": NaN,
        "Net Income From Continuing Operation Net Minority Interest": NaN,
        "Reconciled Depreciation": NaN,
        "Reconciled Cost Of Revenue": NaN,
        "EBITDA": NaN,
        "EBIT": NaN,
        "Net Interest Income": NaN,
        "Interest Expense": NaN,
        "Interest Income": NaN,
        "Normalized Income": NaN,
        "Net Income From Continuing And Discontinued Operation": NaN,
        "Total Expenses": NaN,
        "Total Operating Income As Reported": NaN,
        "Diluted Average Shares": 138709335.0,
        "Basic Average Shares": 134711701.0,
        "Diluted EPS": 0.01,
        "Basic EPS": 0.01,
        "Diluted NI Availto Com Stockholders": NaN,
        "Net Income Common Stockholders": NaN,
        "Otherunder Preferred Stock Dividend": 0.0,
        "Net Income": NaN,
        "Minority Interests": NaN,
        "Net Income Including Noncontrolling Interests": NaN,
        "Net Income Continuous Operations": NaN,
        "Tax Provision": NaN,
        "Pretax Income": NaN,
        "Other Income Expense": NaN,
        "Other Non Operating Income Expenses": NaN,
        "Net Non Operating Interest Income Expense": NaN,
        "Interest Expense Non Operating": NaN,
        "Interest Income Non Operating": NaN,
        "Operating Income": NaN,
        "Operating Expense": NaN,
        "Research And Development": NaN,
        "Selling General And Administration": NaN,
        "Selling And Marketing Expense": NaN,
        "General And Administrative Expense": NaN,
        "Other Gand A": NaN,
        "Gross Profit": NaN,
        "Cost Of Revenue": NaN,
        "Total Revenue": NaN,
        "Operating Revenue": NaN
    },
    "2022-06-30": {
        "Tax Effect Of Unusual Items": 0.0,
        "Tax Rate For Calcs": 0.4,
        "Normalized EBITDA": 800000.0,
        "Net Income From Continuing Operation Net Minority Interest": -598000.0,
        "Reconciled Depreciation": 1554000.0,
        "Reconciled Cost Of Revenue": 15598000.0,
        "EBITDA": 800000.0,
        "EBIT": -754000.0,
        "Net Interest Income": -256000.0,
        "Interest Expense": 647000.0,
        "Interest Income": 391000.0,
        "Normalized Income": -598000.0,
        "Net Income From Continuing And Discontinued Operation": -598000.0,
        "Total Expenses": 41050000.0,
        "Total Operating Income As Reported": -891000.0,
        "Diluted Average Shares": 134403059.0,
        "Basic Average Shares": 134403059.0,
        "Diluted EPS": -0.004449,
        "Basic EPS": -0.004449,
        "Diluted NI Availto Com Stockholders": -598000.0,
        "Net Income Common Stockholders": -598000.0,
        "Otherunder Preferred Stock Dividend": 0.0,
        "Net Income": -598000.0,
        "Minority Interests": 104000.0,
        "Net Income Including Noncontrolling Interests": -702000.0,
        "Net Income Continuous Operations": -702000.0,
        "Tax Provision": -699000.0,
        "Pretax Income": -1401000.0,
        "Other Income Expense": -254000.0,
        "Other Non Operating Income Expenses": -254000.0,
        "Net Non Operating Interest Income Expense": -256000.0,
        "Interest Expense Non Operating": 647000.0,
        "Interest Income Non Operating": 391000.0,
        "Operating Income": -891000.0,
        "Operating Expense": 25452000.0,
        "Research And Development": 8436000.0,
        "Selling General And Administration": 17016000.0,
        "Selling And Marketing Expense": 8431000.0,
        "General And Administrative Expense": 8585000.0,
        "Other Gand A": 8585000.0,
        "Gross Profit": 24561000.0,
        "Cost Of Revenue": 15598000.0,
        "Total Revenue": 40159000.0,
        "Operating Revenue": 40159000.0
    },
    "2022-03-31": {
        "Diluted EPS": -0.02,
        "Total Revenue": 35,
        "Gross Profit": 20,
        "Operating Income": -2,
        "EBIT": -1,
        "Net Income": -2
    },
    "2021-12-31": {
        "Diluted EPS": 0.0,
        "Total Revenue": 39,
        "Gross Profit": 24,
        "Operating Income": 1,
        "EBIT": 2,
        "Net Income": NaN
    },
    "2021-09-30": {
        "Diluted EPS": 0.0,
        "Total Revenue": 34,
        "Gross Profit": 21,
        "Operating Income": 3,
        "EBIT": 3,
        "Net Income": 0
    },
    "2021-06-30": {
        "Diluted EPS": 0.0,
        "Total Revenue": 30,
        "Gross Profit": 20,
        "Operating Income": 4,
        "EBIT": 4,
        "Net Income": 0
    },
    "2021-03-31": {
        "Diluted EPS": 0.0,
        "Total Revenue": 24,
        "Gross Profit": 14,
        "Operating Income": 1,
        "EBIT": 1,
        "Net Income": NaN
    },
    "2020-12-31": {
        "Diluted EPS": 0.0,
        "Total Revenue": NaN,
        "Gross Profit": NaN,
        "Operating Income": NaN,
        "EBIT": NaN,
        "Net Income": NaN
    },
    "2020-09-30": {
        "Diluted EPS": 0.05,
        "Total Revenue": 25,
        "Gross Profit": 16,
        "Operating Income": 7,
        "EBIT": 7,
        "Net Income": 1
    },
    "2020-06-30": {
        "Diluted EPS": 0.06,
        "Total Revenue": 19,
        "Gross Profit": 8,
        "Operating Income": 0,
        "EBIT": 0,
        "Net Income": 2
    },
    "2023-06-30": {
        "Tax Effect Of Unusual Items": NaN,
        "Tax Rate For Calcs": NaN,
        "Normalized EBITDA": NaN,
        "Net Income From Continuing Operation Net Minority Interest": NaN,
        "Reconciled Depreciation": NaN,
        "Reconciled Cost Of Revenue": NaN,
        "EBITDA": NaN,
        "EBIT": NaN,
        "Net Interest Income": NaN,
        "Interest Expense": NaN,
        "Interest Income": NaN,
        "Normalized Income": NaN,
        "Net Income From Continuing And Discontinued Operation": NaN,
        "Total Expenses": NaN,
        "Total Operating Income As Reported": NaN,
        "Diluted Average Shares": 135918707.0,
        "Basic Average Shares": 135918707.0,
        "Diluted EPS": -0.03,
        "Basic EPS": -0.03,
        "Diluted NI Availto Com Stockholders": NaN,
        "Net Income Common Stockholders": NaN,
        "Net Income": NaN,
        "Minority Interests": 0.0,
        "Net Income Including Noncontrolling Interests": NaN,
        "Net Income Continuous Operations": NaN,
        "Tax Provision": NaN,
        "Pretax Income": NaN,
        "Other Income Expense": NaN,
        "Other Non Operating Income Expenses": NaN,
        "Net Non Operating Interest Income Expense": NaN,
        "Interest Expense Non Operating": NaN,
        "Interest Income Non Operating": NaN,
        "Operating Income": NaN,
        "Operating Expense": NaN,
        "Research And Development": NaN,
        "Selling General And Administration": NaN,
        "Selling And Marketing Expense": NaN,
        "General And Administrative Expense": NaN,
        "Other Gand A": NaN,
        "Gross Profit": NaN,
        "Cost Of Revenue": NaN,
        "Total Revenue": NaN,
        "Operating Revenue": NaN
    },
    "2023-09-30": {
        "Tax Effect Of Unusual Items": NaN,
        "Tax Rate For Calcs": NaN,
        "Normalized EBITDA": NaN,
        "Net Income From Continuing Operation Net Minority Interest": NaN,
        "Reconciled Depreciation": NaN,
        "Reconciled Cost Of Revenue": NaN,
        "EBITDA": NaN,
        "EBIT": NaN,
        "Net Interest Income": NaN,
        "Interest Expense": NaN,
        "Interest Income": NaN,
        "Normalized Income": NaN,
        "Net Income From Continuing And Discontinued Operation": NaN,
        "Total Expenses": NaN,
        "Total Operating Income As Reported": NaN,
        "Diluted Average Shares": 136173278.0,
        "Basic Average Shares": 136173278.0,
        "Diluted EPS": -0.05,
        "Basic EPS": -0.05,
        "Diluted NI Availto Com Stockholders": NaN,
        "Net Income Common Stockholders": NaN,
        "Net Income": NaN,
        "Minority Interests": 0.0,
        "Net Income Including Noncontrolling Interests": NaN,
        "Net Income Continuous Operations": NaN,
        "Tax Provision": NaN,
        "Pretax Income": NaN,
        "Other Income Expense": NaN,
        "Other Non Operating Income Expenses": NaN,
        "Net Non Operating Interest Income Expense": NaN,
        "Interest Expense Non Operating": NaN,
        "Interest Income Non Operating": NaN,
        "Operating Income": NaN,
        "Operating Expense": NaN,
        "Research And Development": NaN,
        "Selling General And Administration": NaN,
        "Selling And Marketing Expense": NaN,
        "General And Administrative Expense": NaN,
        "Other Gand A": NaN,
        "Gross Profit": NaN,
        "Cost Of Revenue": NaN,
        "Total Revenue": NaN,
        "Operating Revenue": NaN
    },
    "2023-12-31": {
        "Tax Effect Of Unusual Items": NaN,
        "Tax Rate For Calcs": NaN,
        "Normalized EBITDA": NaN,
        "Net Income From Continuing Operation Net Minority Interest": NaN,
        "Reconciled Depreciation": NaN,
        "Reconciled Cost Of Revenue": NaN,
        "EBITDA": NaN,
        "EBIT": NaN,
        "Net Interest Income": NaN,
        "Interest Expense": NaN,
        "Interest Income": NaN,
        "Normalized Income": NaN,
        "Net Income From Continuing And Discontinued Operation": NaN,
        "Total Expenses": NaN,
        "Total Operating Income As Reported": NaN,
        "Diluted Average Shares": NaN,
        "Basic Average Shares": NaN,
        "Diluted EPS": NaN,
        "Basic EPS": NaN,
        "Diluted NI Availto Com Stockholders": NaN,
        "Net Income Common Stockholders": NaN,
        "Net Income": NaN,
        "Minority Interests": 0.0,
        "Net Income Including Noncontrolling Interests": NaN,
        "Net Income Continuous Operations": NaN,
        "Tax Provision": NaN,
        "Pretax Income": NaN,
        "Other Income Expense": NaN,
        "Other Non Operating Income Expenses": NaN,
        "Net Non Operating Interest Income Expense": NaN,
        "Interest Expense Non Operating": NaN,
        "Interest Income Non Operating": NaN,
        "Operating Income": NaN,
        "Operating Expense": NaN,
        "Research And Development": NaN,
        "Selling General And Administration": NaN,
        "Selling And Marketing Expense": NaN,
        "General And Administrative Expense": NaN,
        "Other Gand A": NaN,
        "Gross Profit": NaN,
        "Cost Of Revenue": NaN,
        "Total Revenue": NaN,
        "Operating Revenue": NaN
    },
    "2024-03-31": {
        "Tax Effect Of Unusual Items": NaN,
        "Tax Rate For Calcs": NaN,
        "Normalized EBITDA": NaN,
        "Net Income From Continuing Operation Net Minority Interest": NaN,
        "Reconciled Depreciation": NaN,
        "Reconciled Cost Of Revenue": NaN,
        "EBITDA": NaN,
        "EBIT": NaN,
        "Net Interest Income": NaN,
        "Interest Expense": 441000.0,
        "Interest Income": NaN,
        "Normalized Income": NaN,
        "Net Income From Continuing And Discontinued Operation": NaN,
        "Total Expenses": NaN,
        "Total Operating Income As Reported": NaN,
        "Diluted Average Shares": 130920971.0,
        "Basic Average Shares": 130920971.0,
        "Diluted EPS": -0.05,
        "Basic EPS": -0.05,
        "Diluted NI Availto Com Stockholders": NaN,
        "Net Income Common Stockholders": NaN,
        "Net Income": NaN,
        "Net Income Including Noncontrolling Interests": NaN,
        "Net Income Continuous Operations": NaN,
        "Tax Provision": NaN,
        "Pretax Income": NaN,
        "Other Income Expense": NaN,
        "Other Non Operating Income Expenses": NaN,
        "Net Non Operating Interest Income Expense": NaN,
        "Interest Expense Non Operating": 441000.0,
        "Interest Income Non Operating": NaN,
        "Operating Income": NaN,
        "Operating Expense": NaN,
        "Research And Development": NaN,
        "Selling General And Administration": NaN,
        "Selling And Marketing Expense": NaN,
        "General And Administrative Expense": NaN,
        "Other Gand A": NaN,
        "Gross Profit": NaN,
        "Cost Of Revenue": NaN,
        "Total Revenue": NaN,
        "Operating Revenue": NaN
    },
    "2024-06-30": {
        "Tax Effect Of Unusual Items": 0.0,
        "Tax Rate For Calcs": 0.21,
        "Normalized EBITDA": -4572000.0,
        "Net Income From Continuing Operation Net Minority Interest": -10434000.0,
        "Reconciled Depreciation": 2480000.0,
        "Reconciled Cost Of Revenue": 21181000.0,
        "EBITDA": -4572000.0,
        "EBIT": -7052000.0,
        "Net Interest Income": 1282000.0,
        "Interest Expense": 134000.0,
        "Interest Income": 1416000.0,
        "Normalized Income": -10434000.0,
        "Net Income From Continuing And Discontinued Operation": -10434000.0,
        "Total Expenses": 55144000.0,
        "Total Operating Income As Reported": -8527000.0,
        "Diluted Average Shares": 131440486.0,
        "Basic Average Shares": 131440486.0,
        "Diluted EPS": -0.08,
        "Basic EPS": -0.08,
        "Diluted NI Availto Com Stockholders": -10434000.0,
        "Net Income Common Stockholders": -10434000.0,
        "Net Income": -10434000.0,
        "Net Income Including Noncontrolling Interests": -10434000.0,
        "Net Income Continuous Operations": -10434000.0,
        "Tax Provision": 3248000.0,
        "Pretax Income": -7186000.0,
        "Other Income Expense": 59000.0,
        "Other Non Operating Income Expenses": 59000.0,
        "Net Non Operating Interest Income Expense": 1282000.0,
        "Interest Expense Non Operating": 134000.0,
        "Interest Income Non Operating": 1416000.0,
        "Operating Income": -8527000.0,
        "Operating Expense": 33963000.0,
        "Research And Development": 10001000.0,
        "Selling General And Administration": 23962000.0,
        "Selling And Marketing Expense": 12268000.0,
        "General And Administrative Expense": 11694000.0,
        "Other Gand A": 11694000.0,
        "Gross Profit": 25436000.0,
        "Cost Of Revenue": 21181000.0,
        "Total Revenue": 46617000.0,
        "Operating Revenue": 46617000.0
    },
    "2024-09-30": {
        "Tax Effect Of Unusual Items": 0.0,
        "Tax Rate For Calcs": 0.21,
        "Normalized EBITDA": 3085000.0,
        "Net Income From Continuing Operation Net Minority Interest": 941000.0,
        "Reconciled Depreciation": 2809000.0,
        "Reconciled Cost Of Revenue": 22495000.0,
        "EBITDA": 3085000.0,
        "EBIT": 276000.0,
        "Net Interest Income": 1314000.0,
        "Interest Expense": 119000.0,
        "Interest Income": 1433000.0,
        "Normalized Income": 941000.0,
        "Net Income From Continuing And Discontinued Operation": 941000.0,
        "Total Expenses": 55748000.0,
        "Total Operating Income As Reported": -4248000.0,
        "Diluted Average Shares": 132785552.0,
        "Basic Average Shares": 131003744.0,
        "Diluted EPS": 0.01,
        "Basic EPS": 0.01,
        "Diluted NI Availto Com Stockholders": 941000.0,
        "Net Income Common Stockholders": 941000.0,
        "Net Income": 941000.0,
        "Net Income Including Noncontrolling Interests": 941000.0,
        "Net Income Continuous Operations": 941000.0,
        "Tax Provision": -784000.0,
        "Pretax Income": 157000.0,
        "Other Income Expense": 3091000.0,
        "Other Non Operating Income Expenses": 3091000.0,
        "Net Non Operating Interest Income Expense": 1314000.0,
        "Interest Expense Non Operating": 119000.0,
        "Interest Income Non Operating": 1433000.0,
        "Operating Income": -4248000.0,
        "Operating Expense": 33253000.0,
        "Research And Development": 9882000.0,
        "Selling General And Administration": 23371000.0,
        "Selling And Marketing Expense": 12429000.0,
        "General And Administrative Expense": 10942000.0,
        "Other Gand A": 10942000.0,
        "Gross Profit": 29005000.0,
        "Cost Of Revenue": 22495000.0,
        "Total Revenue": 51500000.0,
        "Operating Revenue": 51500000.0
    },
    "2024-12-31": {
        "Tax Effect Of Unusual Items": 0.0,
        "Tax Rate For Calcs": 0.065872,
        "Normalized EBITDA": -2453000.0,
        "Net Income From Continuing Operation Net Minority Interest": 9643000.0,
        "Reconciled Depreciation": 2741000.0,
        "Reconciled Cost Of Revenue": 23824000.0,
        "EBITDA": -2453000.0,
        "EBIT": -5194000.0,
        "Net Interest Income": 6846000.0,
        "Interest Expense": NaN,
        "Interest Income": 6152000.0,
        "Normalized Income": 9643000.0,
        "Net Income From Continuing And Discontinued Operation": 9643000.0,
        "Total Expenses": 54490000.0,
        "Total Operating Income As Reported": 2986000.0,
        "Diluted Average Shares": NaN,
        "Basic Average Shares": NaN,
        "Diluted EPS": NaN,
        "Basic EPS": NaN,
        "Diluted NI Availto Com Stockholders": 9643000.0,
        "Net Income Common Stockholders": 9643000.0,
        "Net Income": 9643000.0,
        "Net Income Including Noncontrolling Interests": 9643000.0,
        "Net Income Continuous Operations": 9643000.0,
        "Tax Provision": 680000.0,
        "Pretax Income": 10323000.0,
        "Other Income Expense": 491000.0,
        "Other Non Operating Income Expenses": 491000.0,
        "Net Non Operating Interest Income Expense": 6846000.0,
        "Interest Expense Non Operating": NaN,
        "Interest Income Non Operating": 6152000.0,
        "Operating Income": 2986000.0,
        "Operating Expense": 30666000.0,
        "Research And Development": 9723000.0,
        "Selling General And Administration": 20943000.0,
        "Selling And Marketing Expense": 11874000.0,
        "General And Administrative Expense": 9069000.0,
        "Other Gand A": 9069000.0,
        "Gross Profit": 33652000.0,
        "Cost Of Revenue": 23824000.0,
        "Total Revenue": 57476000.0,
        "Operating Revenue": 57476000.0
    },
    "2025-03-31": {
        "Tax Effect Of Unusual Items": 0.0,
        "Tax Rate For Calcs": 0.21,
        "Normalized EBITDA": -8091000.0,
        "Net Income From Continuing Operation Net Minority Interest": -11402000.0,
        "Reconciled Depreciation": 2884000.0,
        "Reconciled Cost Of Revenue": 21300000.0,
        "EBITDA": -8091000.0,
        "EBIT": -10975000.0,
        "Net Interest Income": 217000.0,
        "Interest Expense": 291000.0,
        "Interest Income": 508000.0,
        "Normalized Income": -11402000.0,
        "Net Income From Continuing And Discontinued Operation": -11402000.0,
        "Total Expenses": 56432000.0,
        "Total Operating Income As Reported": -14975000.0,
        "Diluted Average Shares": 128339481.0,
        "Basic Average Shares": 128339481.0,
        "Diluted EPS": -0.09,
        "Basic EPS": -0.09,
        "Diluted NI Availto Com Stockholders": -11402000.0,
        "Net Income Common Stockholders": -11402000.0,
        "Net Income": -11402000.0,
        "Net Income Including Noncontrolling Interests": -11402000.0,
        "Net Income Continuous Operations": -11402000.0,
        "Tax Provision": 136000.0,
        "Pretax Income": -11266000.0,
        "Other Income Expense": 3492000.0,
        "Other Non Operating Income Expenses": 3492000.0,
        "Net Non Operating Interest Income Expense": 217000.0,
        "Interest Expense Non Operating": 291000.0,
        "Interest Income Non Operating": 508000.0,
        "Operating Income": -14975000.0,
        "Operating Expense": 35132000.0,
        "Research And Development": 9725000.0,
        "Selling General And Administration": 25407000.0,
        "Selling And Marketing Expense": 12509000.0,
        "General And Administrative Expense": 12898000.0,
        "Other Gand A": 12898000.0,
        "Gross Profit": 20157000.0,
        "Cost Of Revenue": 21300000.0,
        "Total Revenue": 41457000.0,
        "Operating Revenue": 41457000.0
    },
    "2025-06-30": {
        "Tax Effect Of Unusual Items": 0.0,
        "Tax Rate For Calcs": 0.175941,
        "Normalized EBITDA": -3373000.0,
        "Net Income From Continuing Operation Net Minority Interest": -5583000.0,
        "Reconciled Depreciation": 2988000.0,
        "Reconciled Cost Of Revenue": 21735000.0,
        "EBITDA": -3373000.0,
        "EBIT": -6361000.0,
        "Net Interest Income": 141000.0,
        "Interest Expense": 414000.0,
        "Interest Income": 555000.0,
        "Normalized Income": -5583000.0,
        "Net Income From Continuing And Discontinued Operation": -5583000.0,
        "Total Expenses": 56226000.0,
        "Total Operating Income As Reported": -10624000.0,
        "Diluted Average Shares": 126934294.0,
        "Basic Average Shares": 126934294.0,
        "Diluted EPS": -0.04,
        "Basic EPS": -0.04,
        "Diluted NI Availto Com Stockholders": -5583000.0,
        "Net Income Common Stockholders": -5583000.0,
        "Net Income": -5583000.0,
        "Net Income Including Noncontrolling Interests": -5583000.0,
        "Net Income Continuous Operations": -5583000.0,
        "Tax Provision": -1192000.0,
        "Pretax Income": -6775000.0,
        "Other Income Expense": 3708000.0,
        "Other Non Operating Income Expenses": 3708000.0,
        "Net Non Operating Interest Income Expense": 141000.0,
        "Interest Expense Non Operating": 414000.0,
        "Interest Income Non Operating": 555000.0,
        "Operating Income": -10624000.0,
        "Operating Expense": 34491000.0,
        "Research And Development": 8826000.0,
        "Selling General And Administration": 25665000.0,
        "Selling And Marketing Expense": 12134000.0,
        "General And Administrative Expense": 13531000.0,
        "Other Gand A": 13531000.0,
        "Gross Profit": 23867000.0,
        "Cost Of Revenue": 21735000.0,
        "Total Revenue": 45602000.0,
        "Operating Revenue": 45602000.0
    }
}