{
    "2023-03-31": {
        "Tax Effect Of Unusual Items": NaN,
        "Tax Rate For Calcs": NaN,
        "Normalized EBITDA": NaN,
        "Total Unusual Items": NaN,
        "Total Unusual Items Excluding Goodwill": NaN,
        "Net Income From Continuing Operation Net Minority Interest": NaN,
        "Reconciled Depreciation": NaN,
        "Reconciled Cost Of Revenue": NaN,
        "EBITDA": NaN,
        "EBIT": NaN,
        "Net Interest Income": NaN,
        "Interest Expense": NaN,
        "Interest Income": NaN,
        "Normalized Income": NaN,
        "Net Income From Continuing And Discontinued Operation": NaN,
        "Total Expenses": NaN,
        "Total Operating Income As Reported": NaN,
        "Diluted Average Shares": NaN,
        "Basic Average Shares": NaN,
        "Diluted EPS": NaN,
        "Basic EPS": NaN,
        "Diluted NI Availto Com Stockholders": NaN,
        "Net Income Common Stockholders": NaN,
        "Preferred Stock Dividends": NaN,
        "Net Income": NaN,
        "Net Income Including Noncontrolling Interests": NaN,
        "Net Income Continuous Operations": NaN,
        "Tax Provision": NaN,
        "Pretax Income": NaN,
        "Other Income Expense": NaN,
        "Other Non Operating Income Expenses": NaN,
        "Special Income Charges": NaN,
        "Other Special Charges": -1000000.0,
        "Restructuring And Mergern Acquisition": NaN,
        "Net Non Operating Interest Income Expense": NaN,
        "Interest Expense Non Operating": NaN,
        "Interest Income Non Operating": NaN,
        "Operating Income": NaN,
        "Operating Expense": NaN,
        "Depreciation Amortization Depletion Income Statement": NaN,
        "Depreciation And Amortization In Income Statement": NaN,
        "Research And Development": NaN,
        "Selling General And Administration": NaN,
        "Selling And Marketing Expense": NaN,
        "General And Administrative Expense": NaN,
        "Other Gand A": NaN,
        "Gross Profit": NaN,
        "Cost Of Revenue": NaN,
        "Total Revenue": NaN,
        "Operating Revenue": NaN
    },
    "2022-12-31": {
        "Tax Effect Of Unusual Items": NaN,
        "Tax Rate For Calcs": NaN,
        "Normalized EBITDA": NaN,
        "Total Unusual Items": NaN,
        "Total Unusual Items Excluding Goodwill": NaN,
        "Net Income From Continuing Operation Net Minority Interest": NaN,
        "Reconciled Depreciation": NaN,
        "Reconciled Cost Of Revenue": NaN,
        "EBITDA": NaN,
        "EBIT": NaN,
        "Net Interest Income": NaN,
        "Interest Expense": NaN,
        "Interest Income": NaN,
        "Normalized Income": NaN,
        "Net Income From Continuing And Discontinued Operation": NaN,
        "Total Expenses": NaN,
        "Total Operating Income As Reported": NaN,
        "Diluted Average Shares": NaN,
        "Basic Average Shares": NaN,
        "Diluted EPS": NaN,
        "Basic EPS": NaN,
        "Diluted NI Availto Com Stockholders": NaN,
        "Net Income Common Stockholders": NaN,
        "Preferred Stock Dividends": NaN,
        "Net Income": NaN,
        "Net Income Including Noncontrolling Interests": NaN,
        "Net Income Continuous Operations": NaN,
        "Tax Provision": NaN,
        "Pretax Income": NaN,
        "Other Income Expense": NaN,
        "Other Non Operating Income Expenses": NaN,
        "Special Income Charges": NaN,
        "Other Special Charges": 150000.0,
        "Restructuring And Mergern Acquisition": NaN,
        "Net Non Operating Interest Income Expense": NaN,
        "Interest Expense Non Operating": NaN,
        "Interest Income Non Operating": NaN,
        "Operating Income": NaN,
        "Operating Expense": NaN,
        "Other Operating Expenses": 150000.0,
        "Depreciation Amortization Depletion Income Statement": NaN,
        "Depreciation And Amortization In Income Statement": NaN,
        "Research And Development": NaN,
        "Selling General And Administration": NaN,
        "Selling And Marketing Expense": NaN,
        "General And Administrative Expense": NaN,
        "Other Gand A": NaN,
        "Gross Profit": NaN,
        "Cost Of Revenue": NaN,
        "Total Revenue": NaN,
        "Operating Revenue": NaN
    },
    "2022-09-30": {
        "Tax Effect Of Unusual Items": NaN,
        "Tax Rate For Calcs": NaN,
        "Normalized EBITDA": NaN,
        "Total Unusual Items": NaN,
        "Total Unusual Items Excluding Goodwill": NaN,
        "Net Income From Continuing Operation Net Minority Interest": NaN,
        "Reconciled Depreciation": NaN,
        "Reconciled Cost Of Revenue": NaN,
        "EBITDA": NaN,
        "EBIT": NaN,
        "Net Interest Income": NaN,
        "Interest Expense": NaN,
        "Interest Income": NaN,
        "Normalized Income": NaN,
        "Net Income From Continuing And Discontinued Operation": NaN,
        "Total Expenses": NaN,
        "Total Operating Income As Reported": NaN,
        "Diluted Average Shares": NaN,
        "Basic Average Shares": NaN,
        "Diluted EPS": NaN,
        "Basic EPS": NaN,
        "Diluted NI Availto Com Stockholders": NaN,
        "Net Income Common Stockholders": NaN,
        "Preferred Stock Dividends": 334000.0,
        "Net Income": NaN,
        "Net Income Including Noncontrolling Interests": NaN,
        "Net Income Continuous Operations": NaN,
        "Tax Provision": NaN,
        "Pretax Income": NaN,
        "Other Income Expense": NaN,
        "Other Non Operating Income Expenses": NaN,
        "Special Income Charges": NaN,
        "Other Special Charges": 397000.0,
        "Restructuring And Mergern Acquisition": NaN,
        "Net Non Operating Interest Income Expense": NaN,
        "Interest Expense Non Operating": NaN,
        "Interest Income Non Operating": NaN,
        "Operating Income": NaN,
        "Operating Expense": NaN,
        "Other Operating Expenses": NaN,
        "Depreciation Amortization Depletion Income Statement": NaN,
        "Depreciation And Amortization In Income Statement": NaN,
        "Research And Development": NaN,
        "Selling General And Administration": NaN,
        "Selling And Marketing Expense": NaN,
        "General And Administrative Expense": NaN,
        "Other Gand A": NaN,
        "Gross Profit": NaN,
        "Cost Of Revenue": NaN,
        "Total Revenue": NaN,
        "Operating Revenue": NaN
    },
    "2022-06-30": {
        "Tax Effect Of Unusual Items": -22576.687117,
        "Tax Rate For Calcs": 0.018877,
        "Normalized EBITDA": 657000.0,
        "Total Unusual Items": -1196000.0,
        "Total Unusual Items Excluding Goodwill": -1196000.0,
        "Net Income From Continuing Operation Net Minority Interest": -2079000.0,
        "Reconciled Depreciation": 1156000.0,
        "Reconciled Cost Of Revenue": 40901000.0,
        "EBITDA": -539000.0,
        "EBIT": -1695000.0,
        "Net Interest Income": 97000.0,
        "Interest Expense": 424000.0,
        "Interest Income": 521000.0,
        "Normalized Income": -905576.687117,
        "Net Income From Continuing And Discontinued Operation": -2079000.0,
        "Total Expenses": 58914000.0,
        "Total Operating Income As Reported": -2079000.0,
        "Diluted Average Shares": 71139094.0,
        "Basic Average Shares": 71139094.0,
        "Diluted EPS": -0.03,
        "Basic EPS": -0.03,
        "Diluted NI Availto Com Stockholders": -2079000.0,
        "Net Income Common Stockholders": -2079000.0,
        "Preferred Stock Dividends": 0.0,
        "Net Income": -2079000.0,
        "Net Income Including Noncontrolling Interests": -2079000.0,
        "Net Income Continuous Operations": -2079000.0,
        "Tax Provision": -40000.0,
        "Pretax Income": -2119000.0,
        "Other Income Expense": -1333000.0,
        "Other Non Operating Income Expenses": -137000.0,
        "Special Income Charges": -1196000.0,
        "Other Special Charges": 1196000.0,
        "Restructuring And Mergern Acquisition": NaN,
        "Net Non Operating Interest Income Expense": 97000.0,
        "Interest Expense Non Operating": 424000.0,
        "Interest Income Non Operating": 521000.0,
        "Operating Income": -883000.0,
        "Operating Expense": 18013000.0,
        "Other Operating Expenses": NaN,
        "Depreciation Amortization Depletion Income Statement": 1156000.0,
        "Depreciation And Amortization In Income Statement": 1156000.0,
        "Research And Development": 5174000.0,
        "Selling General And Administration": 11683000.0,
        "Selling And Marketing Expense": 2887000.0,
        "General And Administrative Expense": 8796000.0,
        "Other Gand A": 8796000.0,
        "Gross Profit": 17130000.0,
        "Cost Of Revenue": 40901000.0,
        "Total Revenue": 58031000.0,
        "Operating Revenue": 58031000.0
    },
    "2022-03-31": {
        "Diluted EPS": 0.03,
        "Total Revenue": 50,
        "Gross Profit": 16,
        "Operating Income": 1,
        "EBIT": 2,
        "Net Income": 2
    },
    "2021-12-31": {
        "Diluted EPS": -0.01,
        "Total Revenue": 51,
        "Gross Profit": 16,
        "Operating Income": 0,
        "EBIT": 1,
        "Net Income": 0
    },
    "2021-09-30": {
        "Diluted EPS": -0.02,
        "Total Revenue": 46,
        "Gross Profit": 15,
        "Operating Income": -1,
        "EBIT": 0,
        "Net Income": -2
    },
    "2021-06-30": {
        "Diluted EPS": 0.04,
        "Total Revenue": 49,
        "Gross Profit": 15,
        "Operating Income": 0,
        "EBIT": 1,
        "Net Income": 3
    },
    "2021-03-31": {
        "Diluted EPS": -0.03,
        "Total Revenue": 43,
        "Gross Profit": 13,
        "Operating Income": -2,
        "EBIT": -1,
        "Net Income": -2
    },
    "2020-12-31": {
        "Diluted EPS": -0.04,
        "Total Revenue": 38,
        "Gross Profit": 12,
        "Operating Income": -3,
        "EBIT": -1,
        "Net Income": -3
    },
    "2020-09-30": {
        "Diluted EPS": -0.11,
        "Total Revenue": 37,
        "Gross Profit": 14,
        "Operating Income": -4,
        "EBIT": 1,
        "Net Income": -7
    },
    "2020-06-30": {
        "Diluted EPS": -0.18,
        "Total Revenue": 33,
        "Gross Profit": 11,
        "Operating Income": -10,
        "EBIT": -8,
        "Net Income": -11
    },
    "2020-03-31": {
        "Diluted EPS": -0.15,
        "Total Revenue": 43,
        "Gross Profit": 11,
        "Operating Income": -10,
        "EBIT": -8,
        "Net Income": -10
    },
    "2019-12-31": {
        "Diluted EPS": -0.13,
        "Total Revenue": 44,
        "Gross Profit": 13,
        "Operating Income": -8,
        "EBIT": -6,
        "Net Income": -8
    },
    "2019-09-30": {
        "Diluted EPS": -0.2,
        "Total Revenue": 43,
        "Gross Profit": 11,
        "Operating Income": -11,
        "EBIT": -10,
        "Net Income": -12
    },
    "2019-06-30": {
        "Diluted EPS": -0.09,
        "Total Revenue": 38,
        "Gross Profit": 11,
        "Operating Income": -4,
        "EBIT": -3,
        "Net Income": -5
    },
    "2019-03-31": {
        "Diluted EPS": -0.08,
        "Total Revenue": 38,
        "Gross Profit": 10,
        "Operating Income": -4,
        "EBIT": -2,
        "Net Income": -5
    },
    "2018-12-31": {
        "Diluted EPS": -0.17,
        "Total Revenue": 34,
        "Gross Profit": 9,
        "Operating Income": -10,
        "EBIT": -10,
        "Net Income": -10
    },
    "2018-09-30": {
        "Diluted EPS": -0.17,
        "Total Revenue": 34,
        "Gross Profit": 9,
        "Operating Income": -10,
        "EBIT": -6,
        "Net Income": -10
    },
    "2018-06-30": {
        "Diluted EPS": -0.03,
        "Total Revenue": 42,
        "Gross Profit": 10,
        "Operating Income": -1,
        "EBIT": 1,
        "Net Income": -2
    },
    "2018-03-31": {
        "Diluted EPS": -0.07,
        "Total Revenue": 34,
        "Gross Profit": 10,
        "Operating Income": -3,
        "EBIT": 0,
        "Net Income": -4
    },
    "2017-12-31": {
        "Diluted EPS": -0.08,
        "Total Revenue": 32,
        "Gross Profit": 9,
        "Operating Income": -4,
        "EBIT": -2,
        "Net Income": -4
    },
    "2017-09-30": {
        "Diluted EPS": -0.05,
        "Total Revenue": 25,
        "Gross Profit": 6,
        "Operating Income": -2,
        "EBIT": 0,
        "Net Income": -3
    },
    "2017-06-30": {
        "Diluted EPS": -0.14,
        "Total Revenue": 32,
        "Gross Profit": 6,
        "Operating Income": -4,
        "EBIT": -2,
        "Net Income": -5
    },
    "2017-03-31": {
        "Diluted EPS": 0.0,
        "Total Revenue": 26,
        "Gross Profit": 7,
        "Operating Income": 0,
        "EBIT": 2,
        "Net Income": 0
    },
    "2016-12-31": {
        "Diluted EPS": 0.01,
        "Total Revenue": 22,
        "Gross Profit": 6,
        "Operating Income": 0,
        "EBIT": 1,
        "Net Income": 0
    },
    "2016-09-30": {
        "Diluted EPS": -0.07,
        "Total Revenue": 22,
        "Gross Profit": 6,
        "Operating Income": -1,
        "EBIT": 0,
        "Net Income": -3
    },
    "2016-06-30": {
        "Diluted EPS": -0.02,
        "Total Revenue": 22,
        "Gross Profit": 6,
        "Operating Income": -2,
        "EBIT": 0,
        "Net Income": -1
    },
    "2016-03-31": {
        "Diluted EPS": -0.16,
        "Total Revenue": 20,
        "Gross Profit": 6,
        "Operating Income": -1,
        "EBIT": 1,
        "Net Income": -6
    },
    "2015-12-31": {
        "Diluted EPS": -0.02,
        "Total Revenue": 19,
        "Gross Profit": 5,
        "Operating Income": 1,
        "EBIT": 2,
        "Net Income": -1
    },
    "2015-09-30": {
        "Diluted EPS": -0.01,
        "Total Revenue": 17,
        "Gross Profit": 5,
        "Operating Income": 0,
        "EBIT": 1,
        "Net Income": 0
    },
    "2015-06-30": {
        "Diluted EPS": 0.0,
        "Total Revenue": 18,
        "Gross Profit": 5,
        "Operating Income": 0,
        "EBIT": 1,
        "Net Income": 0
    },
    "2015-03-31": {
        "Diluted EPS": -0.03,
        "Total Revenue": 15,
        "Gross Profit": 5,
        "Operating Income": 1,
        "EBIT": 2,
        "Net Income": -1
    },
    "2014-12-31": {
        "Diluted EPS": -0.01,
        "Total Revenue": 13,
        "Gross Profit": 4,
        "Operating Income": 0,
        "EBIT": 1,
        "Net Income": 0
    },
    "2014-09-30": {
        "Diluted EPS": -0.01,
        "Total Revenue": 12,
        "Gross Profit": 3,
        "Operating Income": -1,
        "EBIT": 1,
        "Net Income": 0
    },
    "2014-06-30": {
        "Diluted EPS": 0.01,
        "Total Revenue": 11,
        "Gross Profit": 4,
        "Operating Income": -1,
        "EBIT": 1,
        "Net Income": 0
    },
    "2014-03-31": {
        "Diluted EPS": 0.75,
        "Total Revenue": 10,
        "Gross Profit": 4,
        "Operating Income": 0,
        "EBIT": 2,
        "Net Income": 27
    },
    "2013-12-31": {
        "Diluted EPS": 0.01,
        "Total Revenue": 11,
        "Gross Profit": 4,
        "Operating Income": 1,
        "EBIT": 2,
        "Net Income": 0
    },
    "2013-09-30": {
        "Diluted EPS": -0.0,
        "Total Revenue": 10,
        "Gross Profit": 4,
        "Operating Income": 0,
        "EBIT": 1,
        "Net Income": 0
    },
    "2013-06-30": {
        "Diluted EPS": 0.06,
        "Total Revenue": 10,
        "Gross Profit": 4,
        "Operating Income": 0,
        "EBIT": 1,
        "Net Income": 2
    },
    "2013-03-31": {
        "Diluted EPS": -0.04,
        "Total Revenue": 9,
        "Gross Profit": 4,
        "Operating Income": 0,
        "EBIT": 2,
        "Net Income": -1
    },
    "2012-12-31": {
        "Diluted EPS": 0.01,
        "Total Revenue": 9,
        "Gross Profit": 4,
        "Operating Income": 1,
        "EBIT": 2,
        "Net Income": 0
    },
    "2012-09-30": {
        "Diluted EPS": -0.01,
        "Total Revenue": 8,
        "Gross Profit": 3,
        "Operating Income": 0,
        "EBIT": 1,
        "Net Income": 0
    },
    "2012-06-30": {
        "Diluted EPS": -0.08,
        "Total Revenue": 8,
        "Gross Profit": 3,
        "Operating Income": -3,
        "EBIT": -2,
        "Net Income": -3
    },
    "2012-03-31": {
        "Diluted EPS": -0.03,
        "Total Revenue": 8,
        "Gross Profit": 3,
        "Operating Income": -1,
        "EBIT": 0,
        "Net Income": -1
    },
    "2011-12-31": {
        "Diluted EPS": -0.06,
        "Total Revenue": 7,
        "Gross Profit": 2,
        "Operating Income": -2,
        "EBIT": -1,
        "Net Income": -2
    },
    "2011-09-30": {
        "Diluted EPS": -0.01,
        "Total Revenue": 7,
        "Gross Profit": 2,
        "Operating Income": -2,
        "EBIT": -1,
        "Net Income": 0
    },
    "2011-06-30": {
        "Diluted EPS": -0.05,
        "Total Revenue": 7,
        "Gross Profit": 2,
        "Operating Income": -2,
        "EBIT": -1,
        "Net Income": -2
    },
    "2011-03-31": {
        "Diluted EPS": -0.11,
        "Total Revenue": 6,
        "Gross Profit": 2,
        "Operating Income": -2,
        "EBIT": -1,
        "Net Income": -3
    },
    "2010-12-31": {
        "Diluted EPS": -0.01,
        "Total Revenue": 6,
        "Gross Profit": 2,
        "Operating Income": 0,
        "EBIT": 0,
        "Net Income": 0
    },
    "2010-09-30": {
        "Diluted EPS": -0.09,
        "Total Revenue": 4,
        "Gross Profit": 1,
        "Operating Income": -2,
        "EBIT": -1,
        "Net Income": -2
    },
    "2010-06-30": {
        "Diluted EPS": -0.07,
        "Total Revenue": 4,
        "Gross Profit": 2,
        "Operating Income": -2,
        "EBIT": -2,
        "Net Income": -2
    },
    "2010-03-31": {
        "Diluted EPS": -0.12,
        "Total Revenue": 4,
        "Gross Profit": 1,
        "Operating Income": -2,
        "EBIT": -2,
        "Net Income": -3
    },
    "2009-12-31": {
        "Diluted EPS": -0.19,
        "Total Revenue": 4,
        "Gross Profit": 1,
        "Operating Income": -4,
        "EBIT": -4,
        "Net Income": -4
    },
    "2009-09-30": {
        "Diluted EPS": -0.17,
        "Total Revenue": 4,
        "Gross Profit": 1,
        "Operating Income": -3,
        "EBIT": -3,
        "Net Income": -3
    },
    "2009-06-30": {
        "Diluted EPS": -0.19,
        "Total Revenue": 4,
        "Gross Profit": 1,
        "Operating Income": -3,
        "EBIT": -3,
        "Net Income": -3
    },
    "2009-03-31": {
        "Diluted EPS": -0.26,
        "Total Revenue": 2,
        "Gross Profit": 1,
        "Operating Income": -4,
        "EBIT": -3,
        "Net Income": -4
    },
    "2023-06-30": {
        "Tax Effect Of Unusual Items": NaN,
        "Tax Rate For Calcs": NaN,
        "Normalized EBITDA": NaN,
        "Total Unusual Items": NaN,
        "Total Unusual Items Excluding Goodwill": NaN,
        "Net Income From Continuing Operation Net Minority Interest": NaN,
        "Reconciled Depreciation": NaN,
        "Reconciled Cost Of Revenue": NaN,
        "EBITDA": NaN,
        "EBIT": NaN,
        "Net Interest Income": NaN,
        "Interest Expense": NaN,
        "Interest Income": NaN,
        "Normalized Income": NaN,
        "Net Income From Continuing And Discontinued Operation": NaN,
        "Total Expenses": NaN,
        "Total Operating Income As Reported": NaN,
        "Diluted Average Shares": NaN,
        "Basic Average Shares": NaN,
        "Diluted EPS": NaN,
        "Basic EPS": NaN,
        "Diluted NI Availto Com Stockholders": NaN,
        "Net Income Common Stockholders": NaN,
        "Preferred Stock Dividends": 0.0,
        "Net Income": NaN,
        "Net Income Including Noncontrolling Interests": NaN,
        "Net Income Continuous Operations": NaN,
        "Tax Provision": NaN,
        "Pretax Income": NaN,
        "Other Income Expense": NaN,
        "Other Non Operating Income Expenses": NaN,
        "Special Income Charges": NaN,
        "Other Special Charges": 91000.0,
        "Restructuring And Mergern Acquisition": NaN,
        "Net Non Operating Interest Income Expense": NaN,
        "Interest Expense Non Operating": NaN,
        "Interest Income Non Operating": NaN,
        "Operating Income": NaN,
        "Operating Expense": NaN,
        "Depreciation Amortization Depletion Income Statement": NaN,
        "Depreciation And Amortization In Income Statement": NaN,
        "Research And Development": NaN,
        "Selling General And Administration": NaN,
        "Selling And Marketing Expense": NaN,
        "General And Administrative Expense": NaN,
        "Other Gand A": NaN,
        "Gross Profit": NaN,
        "Cost Of Revenue": NaN,
        "Total Revenue": NaN,
        "Operating Revenue": NaN
    },
    "2023-09-30": {
        "Tax Effect Of Unusual Items": NaN,
        "Tax Rate For Calcs": NaN,
        "Normalized EBITDA": NaN,
        "Total Unusual Items": NaN,
        "Total Unusual Items Excluding Goodwill": NaN,
        "Net Income From Continuing Operation Net Minority Interest": NaN,
        "Reconciled Depreciation": NaN,
        "Reconciled Cost Of Revenue": NaN,
        "EBITDA": NaN,
        "EBIT": NaN,
        "Net Interest Income": NaN,
        "Interest Expense": NaN,
        "Interest Income": NaN,
        "Normalized Income": NaN,
        "Net Income From Continuing And Discontinued Operation": NaN,
        "Total Expenses": NaN,
        "Total Operating Income As Reported": NaN,
        "Diluted Average Shares": NaN,
        "Basic Average Shares": NaN,
        "Diluted EPS": NaN,
        "Basic EPS": NaN,
        "Diluted NI Availto Com Stockholders": NaN,
        "Net Income Common Stockholders": NaN,
        "Preferred Stock Dividends": 289000.0,
        "Net Income": NaN,
        "Net Income Including Noncontrolling Interests": NaN,
        "Net Income Continuous Operations": NaN,
        "Tax Provision": NaN,
        "Pretax Income": NaN,
        "Other Income Expense": NaN,
        "Other Non Operating Income Expenses": NaN,
        "Special Income Charges": NaN,
        "Restructuring And Mergern Acquisition": NaN,
        "Net Non Operating Interest Income Expense": NaN,
        "Interest Expense Non Operating": NaN,
        "Interest Income Non Operating": NaN,
        "Operating Income": NaN,
        "Operating Expense": NaN,
        "Depreciation Amortization Depletion Income Statement": NaN,
        "Depreciation And Amortization In Income Statement": NaN,
        "Research And Development": NaN,
        "Selling General And Administration": NaN,
        "Selling And Marketing Expense": NaN,
        "General And Administrative Expense": NaN,
        "Other Gand A": NaN,
        "Gross Profit": NaN,
        "Cost Of Revenue": NaN,
        "Total Revenue": NaN,
        "Operating Revenue": NaN
    },
    "2023-12-31": {
        "Tax Effect Of Unusual Items": NaN,
        "Tax Rate For Calcs": NaN,
        "Normalized EBITDA": NaN,
        "Total Unusual Items": NaN,
        "Total Unusual Items Excluding Goodwill": NaN,
        "Net Income From Continuing Operation Net Minority Interest": NaN,
        "Reconciled Depreciation": NaN,
        "Reconciled Cost Of Revenue": NaN,
        "EBITDA": NaN,
        "EBIT": NaN,
        "Net Interest Income": NaN,
        "Interest Expense": NaN,
        "Interest Income": NaN,
        "Normalized Income": NaN,
        "Net Income From Continuing And Discontinued Operation": NaN,
        "Total Expenses": NaN,
        "Total Operating Income As Reported": NaN,
        "Diluted Average Shares": 73913599.0,
        "Basic Average Shares": 72743162.0,
        "Diluted EPS": 0.04,
        "Basic EPS": 0.04,
        "Diluted NI Availto Com Stockholders": NaN,
        "Net Income Common Stockholders": NaN,
        "Preferred Stock Dividends": NaN,
        "Net Income": NaN,
        "Net Income Including Noncontrolling Interests": NaN,
        "Net Income Continuous Operations": NaN,
        "Tax Provision": NaN,
        "Pretax Income": NaN,
        "Other Income Expense": NaN,
        "Other Non Operating Income Expenses": NaN,
        "Special Income Charges": NaN,
        "Restructuring And Mergern Acquisition": NaN,
        "Net Non Operating Interest Income Expense": NaN,
        "Interest Expense Non Operating": NaN,
        "Interest Income Non Operating": NaN,
        "Operating Income": NaN,
        "Operating Expense": NaN,
        "Depreciation Amortization Depletion Income Statement": NaN,
        "Depreciation And Amortization In Income Statement": NaN,
        "Research And Development": NaN,
        "Selling General And Administration": NaN,
        "Selling And Marketing Expense": NaN,
        "General And Administrative Expense": NaN,
        "Other Gand A": NaN,
        "Gross Profit": NaN,
        "Cost Of Revenue": NaN,
        "Total Revenue": NaN,
        "Operating Revenue": NaN
    },
    "2024-03-31": {
        "Tax Effect Of Unusual Items": NaN,
        "Tax Rate For Calcs": NaN,
        "Normalized EBITDA": NaN,
        "Total Unusual Items": NaN,
        "Total Unusual Items Excluding Goodwill": NaN,
        "Net Income From Continuing Operation Net Minority Interest": NaN,
        "Reconciled Depreciation": NaN,
        "Reconciled Cost Of Revenue": NaN,
        "EBITDA": NaN,
        "EBIT": NaN,
        "Net Interest Income": NaN,
        "Interest Expense": NaN,
        "Interest Income": NaN,
        "Normalized Income": NaN,
        "Net Income From Continuing And Discontinued Operation": NaN,
        "Total Expenses": NaN,
        "Total Operating Income As Reported": NaN,
        "Diluted Average Shares": 74068437.0,
        "Basic Average Shares": 72851498.0,
        "Diluted EPS": 0.06,
        "Basic EPS": 0.06,
        "Diluted NI Availto Com Stockholders": NaN,
        "Net Income Common Stockholders": NaN,
        "Preferred Stock Dividends": 289000.0,
        "Net Income": NaN,
        "Net Income Including Noncontrolling Interests": NaN,
        "Net Income Continuous Operations": NaN,
        "Tax Provision": NaN,
        "Pretax Income": NaN,
        "Other Income Expense": NaN,
        "Other Non Operating Income Expenses": NaN,
        "Special Income Charges": NaN,
        "Restructuring And Mergern Acquisition": NaN,
        "Net Non Operating Interest Income Expense": NaN,
        "Interest Expense Non Operating": NaN,
        "Interest Income Non Operating": NaN,
        "Operating Income": NaN,
        "Operating Expense": NaN,
        "Depreciation Amortization Depletion Income Statement": NaN,
        "Depreciation And Amortization In Income Statement": NaN,
        "Research And Development": NaN,
        "Selling General And Administration": NaN,
        "Selling And Marketing Expense": NaN,
        "General And Administrative Expense": NaN,
        "Other Gand A": NaN,
        "Gross Profit": NaN,
        "Cost Of Revenue": NaN,
        "Total Revenue": NaN,
        "Operating Revenue": NaN
    },
    "2024-06-30": {
        "Tax Effect Of Unusual Items": 352060.101868,
        "Tax Rate For Calcs": 0.250934,
        "Normalized EBITDA": 5620000.0,
        "Total Unusual Items": 1403000.0,
        "Total Unusual Items Excluding Goodwill": 1403000.0,
        "Net Income From Continuing Operation Net Minority Interest": 2206000.0,
        "Reconciled Depreciation": 3091000.0,
        "Reconciled Cost Of Revenue": 45060000.0,
        "EBITDA": 7023000.0,
        "EBIT": 3932000.0,
        "Net Interest Income": -523000.0,
        "Interest Expense": 987000.0,
        "Interest Income": 464000.0,
        "Normalized Income": 1155060.101868,
        "Net Income From Continuing And Discontinued Operation": 2206000.0,
        "Total Expenses": 70524000.0,
        "Total Operating Income As Reported": 3536000.0,
        "Diluted Average Shares": NaN,
        "Basic Average Shares": NaN,
        "Diluted EPS": NaN,
        "Basic EPS": NaN,
        "Diluted NI Availto Com Stockholders": 2206000.0,
        "Net Income Common Stockholders": 2206000.0,
        "Preferred Stock Dividends": 0.0,
        "Net Income": 2206000.0,
        "Net Income Including Noncontrolling Interests": 2206000.0,
        "Net Income Continuous Operations": 2206000.0,
        "Tax Provision": 739000.0,
        "Pretax Income": 2945000.0,
        "Other Income Expense": 1335000.0,
        "Other Non Operating Income Expenses": -68000.0,
        "Special Income Charges": 1403000.0,
        "Restructuring And Mergern Acquisition": 119000.0,
        "Net Non Operating Interest Income Expense": -523000.0,
        "Interest Expense Non Operating": 987000.0,
        "Interest Income Non Operating": 464000.0,
        "Operating Income": 2133000.0,
        "Operating Expense": 24967000.0,
        "Depreciation Amortization Depletion Income Statement": 2594000.0,
        "Depreciation And Amortization In Income Statement": 2594000.0,
        "Research And Development": 4417000.0,
        "Selling General And Administration": 17956000.0,
        "Selling And Marketing Expense": 6054000.0,
        "General And Administrative Expense": 11902000.0,
        "Other Gand A": 11902000.0,
        "Gross Profit": 27100000.0,
        "Cost Of Revenue": 45557000.0,
        "Total Revenue": 72657000.0,
        "Operating Revenue": 72657000.0
    },
    "2024-09-30": {
        "Tax Effect Of Unusual Items": -9300.880235,
        "Tax Rate For Calcs": 0.047213,
        "Normalized EBITDA": 8129000.0,
        "Total Unusual Items": -197000.0,
        "Total Unusual Items Excluding Goodwill": -197000.0,
        "Net Income From Continuing Operation Net Minority Interest": 3572000.0,
        "Reconciled Depreciation": 3192000.0,
        "Reconciled Cost Of Revenue": 41465000.0,
        "EBITDA": 7932000.0,
        "EBIT": 4740000.0,
        "Net Interest Income": -544000.0,
        "Interest Expense": 991000.0,
        "Interest Income": 447000.0,
        "Normalized Income": 3759699.119765,
        "Net Income From Continuing And Discontinued Operation": 3572000.0,
        "Total Expenses": 66532000.0,
        "Total Operating Income As Reported": 4107000.0,
        "Diluted Average Shares": 73921186.0,
        "Basic Average Shares": 73068856.0,
        "Diluted EPS": 0.04,
        "Basic EPS": 0.04,
        "Diluted NI Availto Com Stockholders": 3283000.0,
        "Net Income Common Stockholders": 3283000.0,
        "Preferred Stock Dividends": 289000.0,
        "Net Income": 3572000.0,
        "Net Income Including Noncontrolling Interests": 3572000.0,
        "Net Income Continuous Operations": 3572000.0,
        "Tax Provision": 177000.0,
        "Pretax Income": 3749000.0,
        "Other Income Expense": -11000.0,
        "Other Non Operating Income Expenses": 186000.0,
        "Special Income Charges": -197000.0,
        "Restructuring And Mergern Acquisition": 197000.0,
        "Net Non Operating Interest Income Expense": -544000.0,
        "Interest Expense Non Operating": 991000.0,
        "Interest Income Non Operating": 447000.0,
        "Operating Income": 4304000.0,
        "Operating Expense": 24547000.0,
        "Depreciation Amortization Depletion Income Statement": 2672000.0,
        "Depreciation And Amortization In Income Statement": 2672000.0,
        "Research And Development": 4499000.0,
        "Selling General And Administration": 17376000.0,
        "Selling And Marketing Expense": 5448000.0,
        "General And Administrative Expense": 11928000.0,
        "Other Gand A": 11928000.0,
        "Gross Profit": 28851000.0,
        "Cost Of Revenue": 41985000.0,
        "Total Revenue": 70836000.0,
        "Operating Revenue": 70836000.0
    },
    "2024-12-31": {
        "Tax Effect Of Unusual Items": -3237.101881,
        "Tax Rate For Calcs": 0.07357,
        "Normalized EBITDA": 10134000.0,
        "Total Unusual Items": -44000.0,
        "Total Unusual Items Excluding Goodwill": -44000.0,
        "Net Income From Continuing Operation Net Minority Interest": 4974000.0,
        "Reconciled Depreciation": 3728000.0,
        "Reconciled Cost Of Revenue": 42640000.0,
        "EBITDA": 10090000.0,
        "EBIT": 6362000.0,
        "Net Interest Income": -595000.0,
        "Interest Expense": 993000.0,
        "Interest Income": 398000.0,
        "Normalized Income": 5014762.898119,
        "Net Income From Continuing And Discontinued Operation": 4974000.0,
        "Total Expenses": 67515000.0,
        "Total Operating Income As Reported": 6163000.0,
        "Diluted Average Shares": 74733608.0,
        "Basic Average Shares": 73114387.0,
        "Diluted EPS": 0.07,
        "Basic EPS": 0.07,
        "Diluted NI Availto Com Stockholders": 4974000.0,
        "Net Income Common Stockholders": 4974000.0,
        "Preferred Stock Dividends": NaN,
        "Net Income": 4974000.0,
        "Net Income Including Noncontrolling Interests": 4974000.0,
        "Net Income Continuous Operations": 4974000.0,
        "Tax Provision": 395000.0,
        "Pretax Income": 5369000.0,
        "Other Income Expense": -243000.0,
        "Other Non Operating Income Expenses": -199000.0,
        "Special Income Charges": -44000.0,
        "Restructuring And Mergern Acquisition": 44000.0,
        "Net Non Operating Interest Income Expense": -595000.0,
        "Interest Expense Non Operating": 993000.0,
        "Interest Income Non Operating": 398000.0,
        "Operating Income": 6207000.0,
        "Operating Expense": 24513000.0,
        "Depreciation Amortization Depletion Income Statement": 3366000.0,
        "Depreciation And Amortization In Income Statement": 3366000.0,
        "Research And Development": 4523000.0,
        "Selling General And Administration": 16624000.0,
        "Selling And Marketing Expense": 5385000.0,
        "General And Administrative Expense": 11239000.0,
        "Other Gand A": 11239000.0,
        "Gross Profit": 30720000.0,
        "Cost Of Revenue": 43002000.0,
        "Total Revenue": 73722000.0,
        "Operating Revenue": 73722000.0
    },
    "2025-03-31": {
        "Tax Effect Of Unusual Items": 112140.0,
        "Tax Rate For Calcs": 0.21,
        "Normalized EBITDA": 13615000.0,
        "Total Unusual Items": 534000.0,
        "Total Unusual Items Excluding Goodwill": 534000.0,
        "Net Income From Continuing Operation Net Minority Interest": 49156000.0,
        "Reconciled Depreciation": 6858000.0,
        "Reconciled Cost Of Revenue": 43575000.0,
        "EBITDA": 14149000.0,
        "EBIT": 7291000.0,
        "Net Interest Income": 329000.0,
        "Interest Expense": 39000.0,
        "Interest Income": 368000.0,
        "Normalized Income": 48734140.0,
        "Net Income From Continuing And Discontinued Operation": 49156000.0,
        "Total Expenses": 69062000.0,
        "Total Operating Income As Reported": 6899000.0,
        "Diluted Average Shares": 74754418.0,
        "Basic Average Shares": 73169131.0,
        "Diluted EPS": 0.65,
        "Basic EPS": 0.67,
        "Diluted NI Availto Com Stockholders": 48867000.0,
        "Net Income Common Stockholders": 48867000.0,
        "Preferred Stock Dividends": 289000.0,
        "Net Income": 49156000.0,
        "Net Income Including Noncontrolling Interests": 49156000.0,
        "Net Income Continuous Operations": 49156000.0,
        "Tax Provision": -41904000.0,
        "Pretax Income": 7252000.0,
        "Other Income Expense": 558000.0,
        "Other Non Operating Income Expenses": 24000.0,
        "Special Income Charges": 534000.0,
        "Restructuring And Mergern Acquisition": -534000.0,
        "Net Non Operating Interest Income Expense": 329000.0,
        "Interest Expense Non Operating": 39000.0,
        "Interest Income Non Operating": 368000.0,
        "Operating Income": 6365000.0,
        "Operating Expense": 24996000.0,
        "Depreciation Amortization Depletion Income Statement": 6367000.0,
        "Depreciation And Amortization In Income Statement": 6367000.0,
        "Research And Development": 4328000.0,
        "Selling General And Administration": 14301000.0,
        "Selling And Marketing Expense": 5830000.0,
        "General And Administrative Expense": 8471000.0,
        "Other Gand A": 8471000.0,
        "Gross Profit": 31361000.0,
        "Cost Of Revenue": 44066000.0,
        "Total Revenue": 75427000.0,
        "Operating Revenue": 75427000.0
    },
    "2025-06-30": {
        "Tax Effect Of Unusual Items": -275310.0,
        "Tax Rate For Calcs": 0.21,
        "Normalized EBITDA": 11890000.0,
        "Total Unusual Items": -1311000.0,
        "Total Unusual Items Excluding Goodwill": -1311000.0,
        "Net Income From Continuing Operation Net Minority Interest": 6831000.0,
        "Reconciled Depreciation": 4022000.0,
        "Reconciled Cost Of Revenue": 49121000.0,
        "EBITDA": 10579000.0,
        "EBIT": 6557000.0,
        "Net Interest Income": -398000.0,
        "Interest Expense": 746000.0,
        "Interest Income": 348000.0,
        "Normalized Income": 7866690.0,
        "Net Income From Continuing And Discontinued Operation": 6831000.0,
        "Total Expenses": 76090000.0,
        "Total Operating Income As Reported": 5162000.0,
        "Diluted Average Shares": NaN,
        "Basic Average Shares": NaN,
        "Diluted EPS": NaN,
        "Basic EPS": NaN,
        "Diluted NI Availto Com Stockholders": 6831000.0,
        "Net Income Common Stockholders": 6831000.0,
        "Preferred Stock Dividends": 0.0,
        "Net Income": 6831000.0,
        "Net Income Including Noncontrolling Interests": 6831000.0,
        "Net Income Continuous Operations": 6831000.0,
        "Tax Provision": -1020000.0,
        "Pretax Income": 5811000.0,
        "Other Income Expense": -264000.0,
        "Other Non Operating Income Expenses": 1047000.0,
        "Special Income Charges": -1311000.0,
        "Restructuring And Mergern Acquisition": 1311000.0,
        "Net Non Operating Interest Income Expense": -398000.0,
        "Interest Expense Non Operating": 746000.0,
        "Interest Income Non Operating": 348000.0,
        "Operating Income": 6473000.0,
        "Operating Expense": 26419000.0,
        "Depreciation Amortization Depletion Income Statement": 3472000.0,
        "Depreciation And Amortization In Income Statement": 3472000.0,
        "Research And Development": 4098000.0,
        "Selling General And Administration": 18849000.0,
        "Selling And Marketing Expense": 6412000.0,
        "General And Administrative Expense": 12437000.0,
        "Other Gand A": 12437000.0,
        "Gross Profit": 32892000.0,
        "Cost Of Revenue": 49671000.0,
        "Total Revenue": 82563000.0,
        "Operating Revenue": 82563000.0
    }
}