{
    "2023-03-31": {
        "Tax Effect Of Unusual Items": NaN,
        "Tax Rate For Calcs": NaN,
        "Normalized EBITDA": NaN,
        "Total Unusual Items": NaN,
        "Total Unusual Items Excluding Goodwill": NaN,
        "Net Income From Continuing Operation Net Minority Interest": NaN,
        "Reconciled Depreciation": NaN,
        "Reconciled Cost Of Revenue": NaN,
        "EBITDA": NaN,
        "EBIT": NaN,
        "Net Interest Income": NaN,
        "Interest Expense": NaN,
        "Normalized Income": NaN,
        "Net Income From Continuing And Discontinued Operation": NaN,
        "Total Expenses": NaN,
        "Total Operating Income As Reported": NaN,
        "Diluted Average Shares": NaN,
        "Basic Average Shares": NaN,
        "Diluted EPS": NaN,
        "Basic EPS": NaN,
        "Diluted NI Availto Com Stockholders": NaN,
        "Net Income Common Stockholders": NaN,
        "Otherunder Preferred Stock Dividend": 0.0,
        "Net Income": NaN,
        "Net Income Including Noncontrolling Interests": NaN,
        "Net Income Continuous Operations": NaN,
        "Tax Provision": NaN,
        "Pretax Income": NaN,
        "Other Income Expense": NaN,
        "Other Non Operating Income Expenses": NaN,
        "Special Income Charges": NaN,
        "Gain On Sale Of Business": 0.0,
        "Impairment Of Capital Assets": NaN,
        "Gain On Sale Of Security": NaN,
        "Net Non Operating Interest Income Expense": NaN,
        "Interest Expense Non Operating": NaN,
        "Operating Income": NaN,
        "Operating Expense": NaN,
        "Other Operating Expenses": NaN,
        "Selling General And Administration": NaN,
        "Gross Profit": NaN,
        "Cost Of Revenue": NaN,
        "Total Revenue": NaN,
        "Operating Revenue": NaN
    },
    "2022-12-31": {
        "Tax Effect Of Unusual Items": NaN,
        "Tax Rate For Calcs": NaN,
        "Normalized EBITDA": NaN,
        "Total Unusual Items": NaN,
        "Total Unusual Items Excluding Goodwill": NaN,
        "Net Income From Continuing Operation Net Minority Interest": NaN,
        "Reconciled Depreciation": NaN,
        "Reconciled Cost Of Revenue": NaN,
        "EBITDA": NaN,
        "EBIT": NaN,
        "Net Interest Income": NaN,
        "Interest Expense": NaN,
        "Normalized Income": NaN,
        "Net Income From Continuing And Discontinued Operation": NaN,
        "Total Expenses": NaN,
        "Total Operating Income As Reported": NaN,
        "Diluted Average Shares": NaN,
        "Basic Average Shares": NaN,
        "Diluted EPS": NaN,
        "Basic EPS": NaN,
        "Diluted NI Availto Com Stockholders": NaN,
        "Net Income Common Stockholders": NaN,
        "Otherunder Preferred Stock Dividend": 0.0,
        "Net Income": NaN,
        "Net Income Including Noncontrolling Interests": NaN,
        "Net Income Continuous Operations": NaN,
        "Tax Provision": NaN,
        "Pretax Income": NaN,
        "Other Income Expense": NaN,
        "Other Non Operating Income Expenses": -2000000.0,
        "Special Income Charges": NaN,
        "Gain On Sale Of Business": 0.0,
        "Impairment Of Capital Assets": NaN,
        "Gain On Sale Of Security": NaN,
        "Net Non Operating Interest Income Expense": NaN,
        "Interest Expense Non Operating": NaN,
        "Operating Income": NaN,
        "Operating Expense": NaN,
        "Other Operating Expenses": NaN,
        "Selling General And Administration": NaN,
        "Gross Profit": NaN,
        "Cost Of Revenue": NaN,
        "Total Revenue": NaN,
        "Operating Revenue": NaN
    },
    "2022-09-30": {
        "Tax Effect Of Unusual Items": NaN,
        "Tax Rate For Calcs": NaN,
        "Normalized EBITDA": NaN,
        "Total Unusual Items": NaN,
        "Total Unusual Items Excluding Goodwill": NaN,
        "Net Income From Continuing Operation Net Minority Interest": NaN,
        "Reconciled Depreciation": NaN,
        "Reconciled Cost Of Revenue": NaN,
        "EBITDA": NaN,
        "EBIT": NaN,
        "Net Interest Income": NaN,
        "Interest Expense": NaN,
        "Normalized Income": NaN,
        "Net Income From Continuing And Discontinued Operation": NaN,
        "Total Expenses": NaN,
        "Total Operating Income As Reported": NaN,
        "Diluted Average Shares": NaN,
        "Basic Average Shares": NaN,
        "Diluted EPS": NaN,
        "Basic EPS": NaN,
        "Diluted NI Availto Com Stockholders": NaN,
        "Net Income Common Stockholders": NaN,
        "Otherunder Preferred Stock Dividend": 0.0,
        "Net Income": NaN,
        "Net Income Including Noncontrolling Interests": NaN,
        "Net Income Continuous Operations": NaN,
        "Tax Provision": NaN,
        "Pretax Income": NaN,
        "Other Income Expense": NaN,
        "Other Non Operating Income Expenses": -1000000.0,
        "Special Income Charges": NaN,
        "Gain On Sale Of Business": 0.0,
        "Impairment Of Capital Assets": NaN,
        "Gain On Sale Of Security": NaN,
        "Net Non Operating Interest Income Expense": NaN,
        "Interest Expense Non Operating": NaN,
        "Operating Income": NaN,
        "Operating Expense": NaN,
        "Other Operating Expenses": NaN,
        "Selling General And Administration": NaN,
        "Gross Profit": NaN,
        "Cost Of Revenue": NaN,
        "Total Revenue": NaN,
        "Operating Revenue": NaN
    },
    "2022-06-30": {
        "Tax Effect Of Unusual Items": 0.0,
        "Tax Rate For Calcs": 0.109005,
        "Normalized EBITDA": 243000000.0,
        "Total Unusual Items": 0.0,
        "Total Unusual Items Excluding Goodwill": 0.0,
        "Net Income From Continuing Operation Net Minority Interest": 188000000.0,
        "Reconciled Depreciation": 100000000.0,
        "Reconciled Cost Of Revenue": 825000000.0,
        "EBITDA": 243000000.0,
        "EBIT": 243000000.0,
        "Net Interest Income": -32000000.0,
        "Interest Expense": 32000000.0,
        "Normalized Income": 188000000.0,
        "Net Income From Continuing And Discontinued Operation": 188000000.0,
        "Total Expenses": 1067000000.0,
        "Total Operating Income As Reported": 246000000.0,
        "Diluted Average Shares": 181000000.0,
        "Basic Average Shares": 176000000.0,
        "Diluted EPS": 1.04,
        "Basic EPS": 1.04,
        "Diluted NI Availto Com Stockholders": 188000000.0,
        "Net Income Common Stockholders": 188000000.0,
        "Otherunder Preferred Stock Dividend": 0.0,
        "Net Income": 188000000.0,
        "Net Income Including Noncontrolling Interests": 188000000.0,
        "Net Income Continuous Operations": 188000000.0,
        "Tax Provision": 23000000.0,
        "Pretax Income": 211000000.0,
        "Other Income Expense": -3000000.0,
        "Other Non Operating Income Expenses": -3000000.0,
        "Special Income Charges": 0.0,
        "Gain On Sale Of Business": 0.0,
        "Impairment Of Capital Assets": NaN,
        "Gain On Sale Of Security": -5000000.0,
        "Net Non Operating Interest Income Expense": -32000000.0,
        "Total Other Finance Cost": 0.0,
        "Interest Expense Non Operating": 32000000.0,
        "Operating Income": 246000000.0,
        "Operating Expense": 242000000.0,
        "Other Operating Expenses": 16000000.0,
        "Selling General And Administration": 226000000.0,
        "Gross Profit": 488000000.0,
        "Cost Of Revenue": 825000000.0,
        "Total Revenue": 1313000000.0,
        "Operating Revenue": 1313000000.0
    },
    "2022-03-31": {
        "Diluted EPS": 0.78,
        "Total Revenue": NaN,
        "Gross Profit": 423,
        "Operating Income": 211,
        "EBIT": 311,
        "Net Income": 141
    },
    "2021-12-31": {
        "Diluted EPS": 0.52,
        "Total Revenue": NaN,
        "Gross Profit": 405,
        "Operating Income": 161,
        "EBIT": 261,
        "Net Income": 93
    },
    "2021-09-30": {
        "Diluted EPS": 0.49,
        "Total Revenue": NaN,
        "Gross Profit": 324,
        "Operating Income": 138,
        "EBIT": 221,
        "Net Income": 84
    },
    "2021-06-30": {
        "Diluted EPS": 0.99,
        "Total Revenue": NaN,
        "Gross Profit": 439,
        "Operating Income": 250,
        "EBIT": 325,
        "Net Income": 166
    },
    "2021-03-31": {
        "Diluted EPS": 1.26,
        "Total Revenue": NaN,
        "Gross Profit": 366,
        "Operating Income": 369,
        "EBIT": 451,
        "Net Income": 217
    },
    "2020-12-31": {
        "Diluted EPS": 0.45,
        "Total Revenue": 911,
        "Gross Profit": 298,
        "Operating Income": 127,
        "EBIT": 199,
        "Net Income": 77
    },
    "2020-09-30": {
        "Diluted EPS": 0.41,
        "Total Revenue": 846,
        "Gross Profit": 249,
        "Operating Income": 82,
        "EBIT": 153,
        "Net Income": 69
    },
    "2020-06-30": {
        "Diluted EPS": 0.88,
        "Total Revenue": 947,
        "Gross Profit": 334,
        "Operating Income": 170,
        "EBIT": 238,
        "Net Income": 135
    },
    "2020-03-31": {
        "Diluted EPS": 0.08,
        "Total Revenue": 761,
        "Gross Profit": 239,
        "Operating Income": 101,
        "EBIT": 173,
        "Net Income": 12
    },
    "2019-12-31": {
        "Diluted EPS": 0.23,
        "Total Revenue": 721,
        "Gross Profit": 232,
        "Operating Income": 89,
        "EBIT": 153,
        "Net Income": 34
    },
    "2019-09-30": {
        "Diluted EPS": -0.05,
        "Total Revenue": 665,
        "Gross Profit": 178,
        "Operating Income": 34,
        "EBIT": 97,
        "Net Income": -8
    },
    "2019-06-30": {
        "Diluted EPS": 0.45,
        "Total Revenue": 726,
        "Gross Profit": 256,
        "Operating Income": 110,
        "EBIT": 172,
        "Net Income": 66
    },
    "2019-03-31": {
        "Diluted EPS": 0.22,
        "Total Revenue": 618,
        "Gross Profit": 199,
        "Operating Income": 66,
        "EBIT": 133,
        "Net Income": 32
    },
    "2018-12-31": {
        "Diluted EPS": 0.33,
        "Total Revenue": 623,
        "Gross Profit": 201,
        "Operating Income": 78,
        "EBIT": 134,
        "Net Income": 49
    },
    "2018-09-30": {
        "Diluted EPS": -0.1,
        "Total Revenue": 552,
        "Gross Profit": 149,
        "Operating Income": 20,
        "EBIT": 79,
        "Net Income": -14
    },
    "2018-06-30": {
        "Diluted EPS": 0.62,
        "Total Revenue": 685,
        "Gross Profit": 233,
        "Operating Income": 97,
        "EBIT": 150,
        "Net Income": 83
    },
    "2018-03-31": {
        "Diluted EPS": 0.14,
        "Total Revenue": 628,
        "Gross Profit": 192,
        "Operating Income": 73,
        "EBIT": 125,
        "Net Income": 19
    },
    "2017-12-31": {
        "Diluted EPS": -0.16,
        "Total Revenue": 606,
        "Gross Profit": 187,
        "Operating Income": 68,
        "EBIT": 116,
        "Net Income": -22
    },
    "2017-09-30": {
        "Diluted EPS": 0.03,
        "Total Revenue": 544,
        "Gross Profit": 140,
        "Operating Income": 31,
        "EBIT": 72,
        "Net Income": 4
    },
    "2017-06-30": {
        "Diluted EPS": 0.48,
        "Total Revenue": 617,
        "Gross Profit": 215,
        "Operating Income": 97,
        "EBIT": 137,
        "Net Income": 62
    },
    "2017-03-31": {
        "Diluted EPS": 0.21,
        "Total Revenue": 533,
        "Gross Profit": 167,
        "Operating Income": 65,
        "EBIT": 102,
        "Net Income": 26
    },
    "2016-12-31": {
        "Diluted EPS": 0.14,
        "Total Revenue": 484,
        "Gross Profit": 148,
        "Operating Income": 48,
        "EBIT": 87,
        "Net Income": 17
    },
    "2016-09-30": {
        "Diluted EPS": 0.04,
        "Total Revenue": 442,
        "Gross Profit": 124,
        "Operating Income": 25,
        "EBIT": 62,
        "Net Income": 5
    },
    "2016-06-30": {
        "Diluted EPS": 0.47,
        "Total Revenue": 532,
        "Gross Profit": 188,
        "Operating Income": 91,
        "EBIT": 127,
        "Net Income": 58
    },
    "2016-03-31": {
        "Diluted EPS": 0.09,
        "Total Revenue": 438,
        "Gross Profit": 126,
        "Operating Income": 31,
        "EBIT": 67,
        "Net Income": 11
    },
    "2015-12-31": {
        "Diluted EPS": 0.24,
        "Total Revenue": 455,
        "Gross Profit": 152,
        "Operating Income": 59,
        "EBIT": 95,
        "Net Income": 31
    },
    "2015-09-30": {
        "Diluted EPS": 0.09,
        "Total Revenue": 423,
        "Gross Profit": 122,
        "Operating Income": 37,
        "EBIT": 74,
        "Net Income": 12
    },
    "2015-06-30": {
        "Diluted EPS": 1.31,
        "Total Revenue": 510,
        "Gross Profit": 182,
        "Operating Income": 89,
        "EBIT": 127,
        "Net Income": 154
    },
    "2015-03-31": {
        "Diluted EPS": 0.25,
        "Total Revenue": 447,
        "Gross Profit": 152,
        "Operating Income": 66,
        "EBIT": 101,
        "Net Income": 32
    },
    "2014-12-31": {
        "Diluted EPS": 0.37,
        "Total Revenue": 456,
        "Gross Profit": 156,
        "Operating Income": 62,
        "EBIT": 99,
        "Net Income": 47
    },
    "2014-09-30": {
        "Diluted EPS": -0.18,
        "Total Revenue": 418,
        "Gross Profit": 125,
        "Operating Income": 43,
        "EBIT": 90,
        "Net Income": -20
    },
    "2014-06-30": {
        "Diluted EPS": 0.36,
        "Total Revenue": 520,
        "Gross Profit": 190,
        "Operating Income": 101,
        "EBIT": 141,
        "Net Income": 27
    },
    "2014-03-31": {
        "Diluted EPS": 0.09,
        "Total Revenue": 453,
        "Gross Profit": 152,
        "Operating Income": 60,
        "EBIT": 98,
        "Net Income": 7
    },
    "2013-12-31": {
        "Diluted EPS": -0.26,
        "Total Revenue": 441,
        "Gross Profit": 137,
        "Operating Income": 45,
        "EBIT": 85,
        "Net Income": -19
    },
    "2013-09-30": {
        "Diluted EPS": 0.02,
        "Total Revenue": 414,
        "Gross Profit": 119,
        "Operating Income": 35,
        "EBIT": 75,
        "Net Income": 2
    },
    "2013-06-30": {
        "Diluted EPS": 0.0,
        "Total Revenue": NaN,
        "Gross Profit": NaN,
        "Operating Income": NaN,
        "EBIT": NaN,
        "Net Income": NaN
    },
    "2013-03-31": {
        "Diluted EPS": 0.0,
        "Total Revenue": NaN,
        "Gross Profit": NaN,
        "Operating Income": NaN,
        "EBIT": NaN,
        "Net Income": NaN
    },
    "2012-06-30": {
        "Diluted EPS": 0.0,
        "Total Revenue": NaN,
        "Gross Profit": NaN,
        "Operating Income": NaN,
        "EBIT": NaN,
        "Net Income": NaN
    },
    "2011-06-30": {
        "Diluted EPS": 0.0,
        "Total Revenue": NaN,
        "Gross Profit": NaN,
        "Operating Income": NaN,
        "EBIT": NaN,
        "Net Income": NaN
    },
    "2023-06-30": {
        "Tax Effect Of Unusual Items": NaN,
        "Tax Rate For Calcs": NaN,
        "Normalized EBITDA": NaN,
        "Total Unusual Items": NaN,
        "Total Unusual Items Excluding Goodwill": NaN,
        "Net Income From Continuing Operation Net Minority Interest": NaN,
        "Reconciled Depreciation": NaN,
        "Reconciled Cost Of Revenue": NaN,
        "EBITDA": NaN,
        "EBIT": NaN,
        "Net Interest Income": NaN,
        "Interest Expense": NaN,
        "Normalized Income": NaN,
        "Net Income From Continuing And Discontinued Operation": NaN,
        "Total Expenses": NaN,
        "Total Operating Income As Reported": NaN,
        "Diluted Average Shares": 181000000.0,
        "Basic Average Shares": 181000000.0,
        "Diluted EPS": -0.48,
        "Basic EPS": -0.48,
        "Diluted NI Availto Com Stockholders": NaN,
        "Net Income Common Stockholders": NaN,
        "Otherunder Preferred Stock Dividend": 0.0,
        "Net Income": NaN,
        "Net Income Including Noncontrolling Interests": NaN,
        "Net Income Continuous Operations": NaN,
        "Tax Provision": NaN,
        "Pretax Income": NaN,
        "Other Income Expense": NaN,
        "Other Non Operating Income Expenses": 2000000.0,
        "Special Income Charges": NaN,
        "Gain On Sale Of Business": 0.0,
        "Impairment Of Capital Assets": NaN,
        "Gain On Sale Of Security": NaN,
        "Net Non Operating Interest Income Expense": NaN,
        "Interest Expense Non Operating": NaN,
        "Operating Income": NaN,
        "Operating Expense": NaN,
        "Other Operating Expenses": NaN,
        "Selling General And Administration": NaN,
        "Gross Profit": NaN,
        "Cost Of Revenue": NaN,
        "Total Revenue": NaN,
        "Operating Revenue": NaN
    },
    "2023-09-30": {
        "Tax Effect Of Unusual Items": -33422835.633626,
        "Tax Rate For Calcs": 0.047679,
        "Normalized EBITDA": 74000000.0,
        "Total Unusual Items": -701000000.0,
        "Total Unusual Items Excluding Goodwill": -701000000.0,
        "Net Income From Continuing Operation Net Minority Interest": -759000000.0,
        "Reconciled Depreciation": 112000000.0,
        "Reconciled Cost Of Revenue": 813000000.0,
        "EBITDA": -627000000.0,
        "EBIT": -739000000.0,
        "Net Interest Income": -58000000.0,
        "Interest Expense": 58000000.0,
        "Normalized Income": -91422835.633626,
        "Net Income From Continuing And Discontinued Operation": -759000000.0,
        "Total Expenses": 1019000000.0,
        "Total Operating Income As Reported": -726000000.0,
        "Diluted Average Shares": 181000000.0,
        "Basic Average Shares": 181000000.0,
        "Diluted EPS": -3.94,
        "Basic EPS": -3.94,
        "Diluted NI Availto Com Stockholders": -759000000.0,
        "Net Income Common Stockholders": -759000000.0,
        "Otherunder Preferred Stock Dividend": NaN,
        "Net Income": -759000000.0,
        "Net Income Including Noncontrolling Interests": -759000000.0,
        "Net Income Continuous Operations": -759000000.0,
        "Tax Provision": -38000000.0,
        "Pretax Income": -797000000.0,
        "Other Income Expense": -702000000.0,
        "Other Non Operating Income Expenses": -1000000.0,
        "Special Income Charges": -689000000.0,
        "Gain On Sale Of Business": 0.0,
        "Impairment Of Capital Assets": 689000000.0,
        "Gain On Sale Of Security": -12000000.0,
        "Net Non Operating Interest Income Expense": -58000000.0,
        "Interest Expense Non Operating": 58000000.0,
        "Operating Income": -37000000.0,
        "Operating Expense": 206000000.0,
        "Other Operating Expenses": 1000000.0,
        "Selling General And Administration": 205000000.0,
        "Gross Profit": 169000000.0,
        "Cost Of Revenue": 813000000.0,
        "Total Revenue": 982000000.0,
        "Operating Revenue": 982000000.0
    },
    "2023-12-31": {
        "Tax Effect Of Unusual Items": -420000.0,
        "Tax Rate For Calcs": 0.21,
        "Normalized EBITDA": 7000000.0,
        "Total Unusual Items": -2000000.0,
        "Total Unusual Items Excluding Goodwill": -2000000.0,
        "Net Income From Continuing Operation Net Minority Interest": -206000000.0,
        "Reconciled Depreciation": 121000000.0,
        "Reconciled Cost Of Revenue": 853000000.0,
        "EBITDA": 5000000.0,
        "EBIT": -116000000.0,
        "Net Interest Income": -66000000.0,
        "Interest Expense": 66000000.0,
        "Normalized Income": -204420000.0,
        "Net Income From Continuing And Discontinued Operation": -206000000.0,
        "Total Expenses": 1138000000.0,
        "Total Operating Income As Reported": -112000000.0,
        "Diluted Average Shares": 182000000.0,
        "Basic Average Shares": 182000000.0,
        "Diluted EPS": -1.12,
        "Basic EPS": -1.12,
        "Diluted NI Availto Com Stockholders": -206000000.0,
        "Net Income Common Stockholders": -206000000.0,
        "Otherunder Preferred Stock Dividend": NaN,
        "Net Income": -206000000.0,
        "Net Income Including Noncontrolling Interests": -206000000.0,
        "Net Income Continuous Operations": -206000000.0,
        "Tax Provision": 24000000.0,
        "Pretax Income": -182000000.0,
        "Other Income Expense": -2000000.0,
        "Other Non Operating Income Expenses": NaN,
        "Special Income Charges": 2000000.0,
        "Gain On Sale Of Business": NaN,
        "Impairment Of Capital Assets": -2000000.0,
        "Gain On Sale Of Security": -4000000.0,
        "Net Non Operating Interest Income Expense": -66000000.0,
        "Interest Expense Non Operating": 66000000.0,
        "Operating Income": -114000000.0,
        "Operating Expense": 285000000.0,
        "Other Operating Expenses": 35000000.0,
        "Selling General And Administration": 250000000.0,
        "Gross Profit": 171000000.0,
        "Cost Of Revenue": 853000000.0,
        "Total Revenue": 1024000000.0,
        "Operating Revenue": 1024000000.0
    },
    "2024-03-31": {
        "Tax Effect Of Unusual Items": -420000.0,
        "Tax Rate For Calcs": 0.21,
        "Normalized EBITDA": 107000000.0,
        "Total Unusual Items": -2000000.0,
        "Total Unusual Items Excluding Goodwill": -2000000.0,
        "Net Income From Continuing Operation Net Minority Interest": -101000000.0,
        "Reconciled Depreciation": 126000000.0,
        "Reconciled Cost Of Revenue": 845000000.0,
        "EBITDA": 105000000.0,
        "EBIT": -21000000.0,
        "Net Interest Income": -65000000.0,
        "Interest Expense": 65000000.0,
        "Normalized Income": -99420000.0,
        "Net Income From Continuing And Discontinued Operation": -101000000.0,
        "Total Expenses": 1091000000.0,
        "Total Operating Income As Reported": -17000000.0,
        "Diluted Average Shares": 182000000.0,
        "Basic Average Shares": 182000000.0,
        "Diluted EPS": -0.56,
        "Basic EPS": -0.56,
        "Diluted NI Availto Com Stockholders": -101000000.0,
        "Net Income Common Stockholders": -101000000.0,
        "Otherunder Preferred Stock Dividend": NaN,
        "Net Income": -101000000.0,
        "Net Income Including Noncontrolling Interests": -101000000.0,
        "Net Income Continuous Operations": -101000000.0,
        "Tax Provision": 15000000.0,
        "Pretax Income": -86000000.0,
        "Other Income Expense": -4000000.0,
        "Other Non Operating Income Expenses": -2000000.0,
        "Special Income Charges": 0.0,
        "Gain On Sale Of Business": NaN,
        "Impairment Of Capital Assets": 0.0,
        "Gain On Sale Of Security": -2000000.0,
        "Net Non Operating Interest Income Expense": -65000000.0,
        "Interest Expense Non Operating": 65000000.0,
        "Operating Income": -17000000.0,
        "Operating Expense": 246000000.0,
        "Other Operating Expenses": 32000000.0,
        "Selling General And Administration": 214000000.0,
        "Gross Profit": 229000000.0,
        "Cost Of Revenue": 845000000.0,
        "Total Revenue": 1074000000.0,
        "Operating Revenue": 1074000000.0
    },
    "2024-06-30": {
        "Tax Effect Of Unusual Items": -1184210.526316,
        "Tax Rate For Calcs": 0.394737,
        "Normalized EBITDA": 236000000.0,
        "Total Unusual Items": -3000000.0,
        "Total Unusual Items Excluding Goodwill": -3000000.0,
        "Net Income From Continuing Operation Net Minority Interest": 23000000.0,
        "Reconciled Depreciation": 130000000.0,
        "Reconciled Cost Of Revenue": 917000000.0,
        "EBITDA": 233000000.0,
        "EBIT": 103000000.0,
        "Net Interest Income": -65000000.0,
        "Interest Expense": 65000000.0,
        "Normalized Income": 24815789.473684,
        "Net Income From Continuing And Discontinued Operation": 23000000.0,
        "Total Expenses": 1195000000.0,
        "Total Operating Income As Reported": 106000000.0,
        "Diluted Average Shares": NaN,
        "Basic Average Shares": NaN,
        "Diluted EPS": NaN,
        "Basic EPS": NaN,
        "Diluted NI Availto Com Stockholders": 23000000.0,
        "Net Income Common Stockholders": 23000000.0,
        "Otherunder Preferred Stock Dividend": NaN,
        "Net Income": 23000000.0,
        "Net Income Including Noncontrolling Interests": 23000000.0,
        "Net Income Continuous Operations": 23000000.0,
        "Tax Provision": 15000000.0,
        "Pretax Income": 38000000.0,
        "Other Income Expense": -3000000.0,
        "Other Non Operating Income Expenses": 0.0,
        "Special Income Charges": 0.0,
        "Gain On Sale Of Business": NaN,
        "Impairment Of Capital Assets": 0.0,
        "Gain On Sale Of Security": -3000000.0,
        "Net Non Operating Interest Income Expense": -65000000.0,
        "Interest Expense Non Operating": 65000000.0,
        "Operating Income": 106000000.0,
        "Operating Expense": 278000000.0,
        "Other Operating Expenses": 12000000.0,
        "Selling General And Administration": 266000000.0,
        "Gross Profit": 384000000.0,
        "Cost Of Revenue": 917000000.0,
        "Total Revenue": 1301000000.0,
        "Operating Revenue": 1301000000.0
    },
    "2024-09-30": {
        "Tax Effect Of Unusual Items": 5670000.0,
        "Tax Rate For Calcs": 0.21,
        "Normalized EBITDA": 29000000.0,
        "Total Unusual Items": 27000000.0,
        "Total Unusual Items Excluding Goodwill": 27000000.0,
        "Net Income From Continuing Operation Net Minority Interest": -129000000.0,
        "Reconciled Depreciation": 113000000.0,
        "Reconciled Cost Of Revenue": 842000000.0,
        "EBITDA": 56000000.0,
        "EBIT": -57000000.0,
        "Net Interest Income": -60000000.0,
        "Interest Expense": 60000000.0,
        "Normalized Income": -150330000.0,
        "Net Income From Continuing And Discontinued Operation": -129000000.0,
        "Total Expenses": 1107000000.0,
        "Total Operating Income As Reported": -67000000.0,
        "Diluted Average Shares": 182000000.0,
        "Basic Average Shares": 182000000.0,
        "Diluted EPS": -0.71,
        "Basic EPS": -0.71,
        "Diluted NI Availto Com Stockholders": -129000000.0,
        "Net Income Common Stockholders": -129000000.0,
        "Otherunder Preferred Stock Dividend": NaN,
        "Net Income": -129000000.0,
        "Net Income Including Noncontrolling Interests": -129000000.0,
        "Net Income Continuous Operations": -129000000.0,
        "Tax Provision": 12000000.0,
        "Pretax Income": -117000000.0,
        "Other Income Expense": 27000000.0,
        "Other Non Operating Income Expenses": NaN,
        "Special Income Charges": 17000000.0,
        "Gain On Sale Of Business": 17000000.0,
        "Impairment Of Capital Assets": 0.0,
        "Gain On Sale Of Security": 10000000.0,
        "Net Non Operating Interest Income Expense": -60000000.0,
        "Interest Expense Non Operating": 60000000.0,
        "Operating Income": -84000000.0,
        "Operating Expense": 265000000.0,
        "Other Operating Expenses": 13000000.0,
        "Selling General And Administration": 252000000.0,
        "Gross Profit": 181000000.0,
        "Cost Of Revenue": 842000000.0,
        "Total Revenue": 1023000000.0,
        "Operating Revenue": 1023000000.0
    }
}