{
    "2023-03-31": {
        "Tax Effect Of Unusual Items": NaN,
        "Tax Rate For Calcs": NaN,
        "Normalized EBITDA": NaN,
        "Net Income From Continuing Operation Net Minority Interest": NaN,
        "Reconciled Depreciation": NaN,
        "EBITDA": NaN,
        "EBIT": NaN,
        "Net Interest Income": NaN,
        "Interest Income": NaN,
        "Normalized Income": NaN,
        "Net Income From Continuing And Discontinued Operation": NaN,
        "Total Expenses": NaN,
        "Total Operating Income As Reported": NaN,
        "Diluted Average Shares": 66248992.0,
        "Basic Average Shares": 66248992.0,
        "Diluted EPS": -0.05,
        "Basic EPS": -0.05,
        "Diluted NI Availto Com Stockholders": NaN,
        "Net Income Common Stockholders": NaN,
        "Net Income": NaN,
        "Net Income Including Noncontrolling Interests": NaN,
        "Net Income Continuous Operations": NaN,
        "Tax Provision": NaN,
        "Pretax Income": NaN,
        "Other Income Expense": NaN,
        "Other Non Operating Income Expenses": NaN,
        "Net Non Operating Interest Income Expense": NaN,
        "Interest Income Non Operating": NaN,
        "Operating Income": NaN,
        "Operating Expense": NaN,
        "Research And Development": NaN,
        "Selling General And Administration": NaN,
        "General And Administrative Expense": NaN,
        "Other Gand A": NaN,
        "Total Revenue": NaN,
        "Operating Revenue": NaN
    },
    "2022-12-31": {
        "Tax Effect Of Unusual Items": 0.0,
        "Tax Rate For Calcs": 0.0,
        "Normalized EBITDA": -28077000.0,
        "Net Income From Continuing Operation Net Minority Interest": -27952000.0,
        "Reconciled Depreciation": 608000.0,
        "EBITDA": -28077000.0,
        "EBIT": -28685000.0,
        "Net Interest Income": 732000.0,
        "Interest Income": 732000.0,
        "Normalized Income": -27952000.0,
        "Net Income From Continuing And Discontinued Operation": -27952000.0,
        "Total Expenses": 29631000.0,
        "Total Operating Income As Reported": -28685000.0,
        "Diluted Average Shares": NaN,
        "Basic Average Shares": NaN,
        "Diluted EPS": NaN,
        "Basic EPS": NaN,
        "Diluted NI Availto Com Stockholders": -27952000.0,
        "Net Income Common Stockholders": -27952000.0,
        "Net Income": -27952000.0,
        "Net Income Including Noncontrolling Interests": -27952000.0,
        "Net Income Continuous Operations": -27952000.0,
        "Tax Provision": NaN,
        "Pretax Income": -27952000.0,
        "Other Income Expense": 1000.0,
        "Other Non Operating Income Expenses": 1000.0,
        "Net Non Operating Interest Income Expense": 732000.0,
        "Interest Income Non Operating": 732000.0,
        "Operating Income": -28685000.0,
        "Operating Expense": 29631000.0,
        "Research And Development": 19564000.0,
        "Selling General And Administration": 10067000.0,
        "General And Administrative Expense": 10067000.0,
        "Other Gand A": 10067000.0,
        "Total Revenue": 946000.0,
        "Operating Revenue": 946000.0
    },
    "2022-09-30": {
        "Tax Effect Of Unusual Items": NaN,
        "Tax Rate For Calcs": NaN,
        "Normalized EBITDA": NaN,
        "Net Income From Continuing Operation Net Minority Interest": NaN,
        "Reconciled Depreciation": NaN,
        "EBITDA": NaN,
        "EBIT": NaN,
        "Net Interest Income": NaN,
        "Interest Income": NaN,
        "Normalized Income": NaN,
        "Net Income From Continuing And Discontinued Operation": NaN,
        "Total Expenses": NaN,
        "Total Operating Income As Reported": NaN,
        "Diluted Average Shares": 65912334.0,
        "Basic Average Shares": 65912334.0,
        "Diluted EPS": -0.44,
        "Basic EPS": -0.44,
        "Diluted NI Availto Com Stockholders": NaN,
        "Net Income Common Stockholders": NaN,
        "Net Income": NaN,
        "Net Income Including Noncontrolling Interests": NaN,
        "Net Income Continuous Operations": NaN,
        "Tax Provision": 0.0,
        "Pretax Income": NaN,
        "Other Income Expense": NaN,
        "Other Non Operating Income Expenses": NaN,
        "Net Non Operating Interest Income Expense": NaN,
        "Interest Income Non Operating": NaN,
        "Operating Income": NaN,
        "Operating Expense": NaN,
        "Research And Development": NaN,
        "Selling General And Administration": NaN,
        "General And Administrative Expense": NaN,
        "Other Gand A": NaN,
        "Total Revenue": NaN,
        "Operating Revenue": NaN
    },
    "2022-06-30": {
        "Tax Effect Of Unusual Items": 0.0,
        "Tax Rate For Calcs": 0.0,
        "Normalized EBITDA": -24132000.0,
        "Net Income From Continuing Operation Net Minority Interest": -24184000.0,
        "Reconciled Depreciation": 610000.0,
        "EBITDA": -24132000.0,
        "EBIT": -24742000.0,
        "Net Interest Income": 262000.0,
        "Interest Income": 262000.0,
        "Normalized Income": -24184000.0,
        "Net Income From Continuing And Discontinued Operation": -24184000.0,
        "Total Expenses": 42907000.0,
        "Total Operating Income As Reported": -24742000.0,
        "Diluted Average Shares": 65542762.0,
        "Basic Average Shares": 65542762.0,
        "Diluted EPS": -0.45,
        "Basic EPS": -0.45,
        "Diluted NI Availto Com Stockholders": -24184000.0,
        "Net Income Common Stockholders": -24184000.0,
        "Net Income": -24184000.0,
        "Net Income Including Noncontrolling Interests": -24184000.0,
        "Net Income Continuous Operations": -24184000.0,
        "Pretax Income": -24184000.0,
        "Other Income Expense": 296000.0,
        "Other Non Operating Income Expenses": 296000.0,
        "Net Non Operating Interest Income Expense": 262000.0,
        "Interest Income Non Operating": 262000.0,
        "Operating Income": -24742000.0,
        "Operating Expense": 42907000.0,
        "Research And Development": 31159000.0,
        "Selling General And Administration": 11748000.0,
        "General And Administrative Expense": 11748000.0,
        "Other Gand A": 11748000.0,
        "Total Revenue": 18165000.0,
        "Operating Revenue": 18165000.0
    },
    "2022-03-31": {
        "Diluted EPS": -0.49,
        "Total Revenue": 9,
        "Gross Profit": 9,
        "Operating Income": -32,
        "EBIT": -31,
        "Net Income": -32
    },
    "2021-12-31": {
        "Diluted EPS": -0.9,
        "Total Revenue": -13,
        "Gross Profit": -13,
        "Operating Income": -59,
        "EBIT": -58,
        "Net Income": -58
    },
    "2021-09-30": {
        "Diluted EPS": -0.35,
        "Total Revenue": 18,
        "Gross Profit": 18,
        "Operating Income": -23,
        "EBIT": -22,
        "Net Income": -23
    },
    "2021-06-30": {
        "Diluted EPS": -0.3,
        "Total Revenue": 16,
        "Gross Profit": 16,
        "Operating Income": -19,
        "EBIT": -18,
        "Net Income": -19
    },
    "2021-03-31": {
        "Diluted EPS": -0.26,
        "Total Revenue": 16,
        "Gross Profit": 16,
        "Operating Income": -16,
        "EBIT": -15,
        "Net Income": -16
    },
    "2020-12-31": {
        "Diluted EPS": -0.31,
        "Total Revenue": 16,
        "Gross Profit": 16,
        "Operating Income": -15,
        "EBIT": -14,
        "Net Income": -15
    },
    "2020-09-30": {
        "Diluted EPS": -0.32,
        "Total Revenue": 18,
        "Gross Profit": 18,
        "Operating Income": -15,
        "EBIT": -14,
        "Net Income": -15
    },
    "2020-06-30": {
        "Diluted EPS": -0.34,
        "Total Revenue": 17,
        "Gross Profit": 17,
        "Operating Income": -16,
        "EBIT": -16,
        "Net Income": -16
    },
    "2020-03-31": {
        "Diluted EPS": 0.26,
        "Total Revenue": 50,
        "Gross Profit": 50,
        "Operating Income": -3,
        "EBIT": -2,
        "Net Income": 12
    },
    "2019-12-31": {
        "Diluted EPS": -0.79,
        "Total Revenue": 8,
        "Gross Profit": 8,
        "Operating Income": -37,
        "EBIT": -37,
        "Net Income": -35
    },
    "2019-09-30": {
        "Diluted EPS": -0.52,
        "Total Revenue": 11,
        "Gross Profit": 11,
        "Operating Income": -26,
        "EBIT": -26,
        "Net Income": -24
    },
    "2019-06-30": {
        "Diluted EPS": -0.64,
        "Total Revenue": 9,
        "Gross Profit": 9,
        "Operating Income": -31,
        "EBIT": -31,
        "Net Income": -29
    },
    "2019-03-31": {
        "Diluted EPS": -0.31,
        "Total Revenue": 29,
        "Gross Profit": 29,
        "Operating Income": -17,
        "EBIT": -17,
        "Net Income": -14
    },
    "2018-12-31": {
        "Diluted EPS": -0.75,
        "Total Revenue": 11,
        "Gross Profit": 11,
        "Operating Income": -26,
        "EBIT": -26,
        "Net Income": -32
    },
    "2018-09-30": {
        "Diluted EPS": -0.53,
        "Total Revenue": 13,
        "Gross Profit": 13,
        "Operating Income": -23,
        "EBIT": -23,
        "Net Income": -23
    },
    "2018-06-30": {
        "Diluted EPS": -0.35,
        "Total Revenue": 21,
        "Gross Profit": 21,
        "Operating Income": -13,
        "EBIT": -13,
        "Net Income": -13
    },
    "2018-03-31": {
        "Diluted EPS": -0.4,
        "Total Revenue": 14,
        "Gross Profit": 14,
        "Operating Income": -16,
        "EBIT": -15,
        "Net Income": -15
    },
    "2017-12-31": {
        "Diluted EPS": 0.04,
        "Total Revenue": 27,
        "Gross Profit": 27,
        "Operating Income": -1,
        "EBIT": -1,
        "Net Income": 1
    },
    "2017-09-30": {
        "Diluted EPS": -0.28,
        "Total Revenue": 24,
        "Gross Profit": 24,
        "Operating Income": -11,
        "EBIT": -10,
        "Net Income": -10
    },
    "2017-06-30": {
        "Diluted EPS": -0.69,
        "Total Revenue": 9,
        "Gross Profit": 9,
        "Operating Income": -25,
        "EBIT": -25,
        "Net Income": -25
    },
    "2017-03-31": {
        "Diluted EPS": -0.23,
        "Total Revenue": 12,
        "Gross Profit": 12,
        "Operating Income": -9,
        "EBIT": -8,
        "Net Income": -8
    },
    "2016-12-31": {
        "Diluted EPS": -0.4,
        "Total Revenue": 6,
        "Gross Profit": 6,
        "Operating Income": -14,
        "EBIT": -13,
        "Net Income": -14
    },
    "2016-09-30": {
        "Diluted EPS": -0.4,
        "Total Revenue": 3,
        "Gross Profit": 3,
        "Operating Income": -15,
        "EBIT": -14,
        "Net Income": -15
    },
    "2016-06-30": {
        "Diluted EPS": -0.39,
        "Total Revenue": 3,
        "Gross Profit": 3,
        "Operating Income": -14,
        "EBIT": -13,
        "Net Income": -14
    },
    "2016-03-31": {
        "Diluted EPS": -0.44,
        "Total Revenue": 2,
        "Gross Profit": 2,
        "Operating Income": -16,
        "EBIT": -15,
        "Net Income": -16
    },
    "2015-12-31": {
        "Diluted EPS": 24.59,
        "Total Revenue": 2,
        "Gross Profit": 2,
        "Operating Income": -12,
        "EBIT": -11,
        "Net Income": -12
    },
    "2015-09-30": {
        "Diluted EPS": -14.26,
        "Total Revenue": 2,
        "Gross Profit": 2,
        "Operating Income": -11,
        "EBIT": -11,
        "Net Income": -15
    },
    "2015-06-30": {
        "Diluted EPS": -7.56,
        "Total Revenue": 2,
        "Gross Profit": 2,
        "Operating Income": -6,
        "EBIT": -5,
        "Net Income": -8
    },
    "2015-03-31": {
        "Diluted EPS": -7.67,
        "Total Revenue": 2,
        "Gross Profit": 2,
        "Operating Income": -5,
        "EBIT": -4,
        "Net Income": -8
    },
    "2014-12-31": {
        "Diluted EPS": 0.0,
        "Total Revenue": NaN,
        "Gross Profit": NaN,
        "Operating Income": NaN,
        "EBIT": NaN,
        "Net Income": NaN
    },
    "2014-09-30": {
        "Diluted EPS": -4.86,
        "Total Revenue": 2,
        "Gross Profit": 2,
        "Operating Income": -3,
        "EBIT": -3,
        "Net Income": -5
    },
    "2013-12-31": {
        "Diluted EPS": 0.0,
        "Total Revenue": NaN,
        "Gross Profit": NaN,
        "Operating Income": NaN,
        "EBIT": NaN,
        "Net Income": NaN
    },
    "2023-06-30": {
        "Tax Effect Of Unusual Items": NaN,
        "Tax Rate For Calcs": NaN,
        "Normalized EBITDA": NaN,
        "Net Income From Continuing Operation Net Minority Interest": NaN,
        "Reconciled Depreciation": NaN,
        "EBITDA": NaN,
        "EBIT": NaN,
        "Net Interest Income": NaN,
        "Interest Income": NaN,
        "Normalized Income": NaN,
        "Net Income From Continuing And Discontinued Operation": NaN,
        "Total Expenses": NaN,
        "Total Operating Income As Reported": NaN,
        "Diluted Average Shares": 66536202.0,
        "Basic Average Shares": 66536202.0,
        "Diluted EPS": -0.02,
        "Basic EPS": -0.02,
        "Diluted NI Availto Com Stockholders": NaN,
        "Net Income Common Stockholders": NaN,
        "Net Income": NaN,
        "Net Income Including Noncontrolling Interests": NaN,
        "Net Income Continuous Operations": NaN,
        "Tax Provision": NaN,
        "Pretax Income": NaN,
        "Other Income Expense": NaN,
        "Other Non Operating Income Expenses": NaN,
        "Net Non Operating Interest Income Expense": NaN,
        "Interest Income Non Operating": NaN,
        "Operating Income": NaN,
        "Operating Expense": NaN,
        "Research And Development": NaN,
        "Selling General And Administration": NaN,
        "General And Administrative Expense": NaN,
        "Other Gand A": NaN,
        "Total Revenue": NaN,
        "Operating Revenue": NaN
    },
    "2023-09-30": {
        "Tax Effect Of Unusual Items": NaN,
        "Tax Rate For Calcs": NaN,
        "Normalized EBITDA": NaN,
        "Net Income From Continuing Operation Net Minority Interest": NaN,
        "Reconciled Depreciation": NaN,
        "EBITDA": NaN,
        "EBIT": NaN,
        "Net Interest Income": NaN,
        "Interest Income": NaN,
        "Normalized Income": NaN,
        "Net Income From Continuing And Discontinued Operation": NaN,
        "Total Expenses": NaN,
        "Total Operating Income As Reported": NaN,
        "Diluted Average Shares": 80991722.0,
        "Basic Average Shares": 80731951.0,
        "Diluted EPS": 0.04,
        "Basic EPS": 0.04,
        "Diluted NI Availto Com Stockholders": NaN,
        "Net Income Common Stockholders": NaN,
        "Net Income": NaN,
        "Net Income Including Noncontrolling Interests": NaN,
        "Net Income Continuous Operations": NaN,
        "Tax Provision": NaN,
        "Pretax Income": NaN,
        "Other Income Expense": NaN,
        "Other Non Operating Income Expenses": NaN,
        "Net Non Operating Interest Income Expense": NaN,
        "Interest Income Non Operating": NaN,
        "Operating Income": NaN,
        "Operating Expense": NaN,
        "Research And Development": NaN,
        "Selling General And Administration": NaN,
        "General And Administrative Expense": NaN,
        "Other Gand A": NaN,
        "Total Revenue": NaN,
        "Operating Revenue": NaN
    },
    "2023-12-31": {
        "Tax Effect Of Unusual Items": 0.0,
        "Tax Rate For Calcs": 0.21,
        "Normalized EBITDA": -120000.0,
        "Net Income From Continuing Operation Net Minority Interest": 837000.0,
        "Reconciled Depreciation": 486000.0,
        "EBITDA": -120000.0,
        "EBIT": -606000.0,
        "Net Interest Income": 2503000.0,
        "Interest Income": 2503000.0,
        "Normalized Income": 837000.0,
        "Net Income From Continuing And Discontinued Operation": 837000.0,
        "Total Expenses": 27213000.0,
        "Total Operating Income As Reported": -606000.0,
        "Diluted Average Shares": NaN,
        "Basic Average Shares": NaN,
        "Diluted EPS": NaN,
        "Basic EPS": NaN,
        "Diluted NI Availto Com Stockholders": 837000.0,
        "Net Income Common Stockholders": 837000.0,
        "Net Income": 837000.0,
        "Net Income Including Noncontrolling Interests": 837000.0,
        "Net Income Continuous Operations": 837000.0,
        "Tax Provision": 1069000.0,
        "Pretax Income": 1906000.0,
        "Other Income Expense": 9000.0,
        "Other Non Operating Income Expenses": 9000.0,
        "Net Non Operating Interest Income Expense": 2503000.0,
        "Interest Income Non Operating": 2503000.0,
        "Operating Income": -606000.0,
        "Operating Expense": 27213000.0,
        "Research And Development": 19386000.0,
        "Selling General And Administration": 7827000.0,
        "General And Administrative Expense": 7827000.0,
        "Other Gand A": 7827000.0,
        "Total Revenue": 26607000.0,
        "Operating Revenue": 26607000.0
    },
    "2024-03-31": {
        "Tax Effect Of Unusual Items": NaN,
        "Tax Rate For Calcs": NaN,
        "Normalized EBITDA": NaN,
        "Net Income From Continuing Operation Net Minority Interest": NaN,
        "Reconciled Depreciation": NaN,
        "EBITDA": NaN,
        "EBIT": NaN,
        "Net Interest Income": NaN,
        "Interest Income": NaN,
        "Normalized Income": NaN,
        "Net Income From Continuing And Discontinued Operation": NaN,
        "Total Expenses": NaN,
        "Total Operating Income As Reported": NaN,
        "Diluted Average Shares": 82630020.0,
        "Basic Average Shares": 82029466.0,
        "Diluted EPS": 0.17,
        "Basic EPS": 0.17,
        "Diluted NI Availto Com Stockholders": NaN,
        "Net Income Common Stockholders": NaN,
        "Net Income": NaN,
        "Net Income Including Noncontrolling Interests": NaN,
        "Net Income Continuous Operations": NaN,
        "Tax Provision": NaN,
        "Pretax Income": NaN,
        "Other Income Expense": NaN,
        "Other Non Operating Income Expenses": NaN,
        "Net Non Operating Interest Income Expense": NaN,
        "Interest Income Non Operating": NaN,
        "Operating Income": NaN,
        "Operating Expense": NaN,
        "Research And Development": NaN,
        "Selling General And Administration": NaN,
        "General And Administrative Expense": NaN,
        "Other Gand A": NaN,
        "Total Revenue": NaN,
        "Operating Revenue": NaN
    },
    "2024-06-30": {
        "Tax Effect Of Unusual Items": NaN,
        "Tax Rate For Calcs": NaN,
        "Normalized EBITDA": NaN,
        "Net Income From Continuing Operation Net Minority Interest": NaN,
        "Reconciled Depreciation": NaN,
        "EBITDA": NaN,
        "EBIT": NaN,
        "Net Interest Income": NaN,
        "Interest Income": NaN,
        "Normalized Income": NaN,
        "Net Income From Continuing And Discontinued Operation": NaN,
        "Total Expenses": NaN,
        "Total Operating Income As Reported": NaN,
        "Diluted Average Shares": 84880632.0,
        "Basic Average Shares": 84880632.0,
        "Diluted EPS": -0.08,
        "Basic EPS": -0.08,
        "Diluted NI Availto Com Stockholders": NaN,
        "Net Income Common Stockholders": NaN,
        "Net Income": NaN,
        "Net Income Including Noncontrolling Interests": NaN,
        "Net Income Continuous Operations": NaN,
        "Tax Provision": NaN,
        "Pretax Income": NaN,
        "Other Income Expense": NaN,
        "Other Non Operating Income Expenses": NaN,
        "Net Non Operating Interest Income Expense": NaN,
        "Interest Income Non Operating": NaN,
        "Operating Income": NaN,
        "Operating Expense": NaN,
        "Research And Development": NaN,
        "Selling General And Administration": NaN,
        "General And Administrative Expense": NaN,
        "Other Gand A": NaN,
        "Total Revenue": NaN,
        "Operating Revenue": NaN
    },
    "2024-09-30": {
        "Tax Effect Of Unusual Items": 0.0,
        "Tax Rate For Calcs": 0.010523,
        "Normalized EBITDA": 4540000.0,
        "Net Income From Continuing Operation Net Minority Interest": 5736000.0,
        "Reconciled Depreciation": 429000.0,
        "EBITDA": 4540000.0,
        "EBIT": 4111000.0,
        "Net Interest Income": 1693000.0,
        "Interest Income": 1693000.0,
        "Normalized Income": 5736000.0,
        "Net Income From Continuing And Discontinued Operation": 5736000.0,
        "Total Expenses": 29321000.0,
        "Total Operating Income As Reported": 4111000.0,
        "Diluted Average Shares": 85204709.0,
        "Basic Average Shares": 85093227.0,
        "Diluted EPS": 0.07,
        "Basic EPS": 0.07,
        "Diluted NI Availto Com Stockholders": 5736000.0,
        "Net Income Common Stockholders": 5736000.0,
        "Net Income": 5736000.0,
        "Net Income Including Noncontrolling Interests": 5736000.0,
        "Net Income Continuous Operations": 5736000.0,
        "Tax Provision": 61000.0,
        "Pretax Income": 5797000.0,
        "Other Income Expense": -7000.0,
        "Other Non Operating Income Expenses": -7000.0,
        "Net Non Operating Interest Income Expense": 1693000.0,
        "Interest Income Non Operating": 1693000.0,
        "Operating Income": 4111000.0,
        "Operating Expense": 29321000.0,
        "Research And Development": 21368000.0,
        "Selling General And Administration": 7953000.0,
        "General And Administrative Expense": 7953000.0,
        "Other Gand A": 7953000.0,
        "Total Revenue": 33432000.0,
        "Operating Revenue": 33432000.0
    },
    "2024-12-31": {
        "Tax Effect Of Unusual Items": 0.0,
        "Tax Rate For Calcs": 0.003274,
        "Normalized EBITDA": 18092000.0,
        "Net Income From Continuing Operation Net Minority Interest": 18876000.0,
        "Reconciled Depreciation": 413000.0,
        "EBITDA": 18092000.0,
        "EBIT": 17679000.0,
        "Net Interest Income": 1278000.0,
        "Interest Income": 1278000.0,
        "Normalized Income": 18876000.0,
        "Net Income From Continuing And Discontinued Operation": 18876000.0,
        "Total Expenses": 20414000.0,
        "Total Operating Income As Reported": 17679000.0,
        "Diluted Average Shares": NaN,
        "Basic Average Shares": NaN,
        "Diluted EPS": NaN,
        "Basic EPS": NaN,
        "Diluted NI Availto Com Stockholders": 18876000.0,
        "Net Income Common Stockholders": 18876000.0,
        "Net Income": 18876000.0,
        "Net Income Including Noncontrolling Interests": 18876000.0,
        "Net Income Continuous Operations": 18876000.0,
        "Tax Provision": 62000.0,
        "Pretax Income": 18938000.0,
        "Other Income Expense": -19000.0,
        "Other Non Operating Income Expenses": -19000.0,
        "Net Non Operating Interest Income Expense": 1278000.0,
        "Interest Income Non Operating": 1278000.0,
        "Operating Income": 17679000.0,
        "Operating Expense": 20414000.0,
        "Research And Development": 14790000.0,
        "Selling General And Administration": 5624000.0,
        "General And Administrative Expense": 5624000.0,
        "Other Gand A": 5624000.0,
        "Total Revenue": 38093000.0,
        "Operating Revenue": 38093000.0
    },
    "2025-03-31": {
        "Tax Effect Of Unusual Items": 0.0,
        "Tax Rate For Calcs": 0.002629,
        "Normalized EBITDA": 23006000.0,
        "Net Income From Continuing Operation Net Minority Interest": 23525000.0,
        "Reconciled Depreciation": 385000.0,
        "EBITDA": 23006000.0,
        "EBIT": 22621000.0,
        "Net Interest Income": 955000.0,
        "Interest Income": 955000.0,
        "Normalized Income": 23525000.0,
        "Net Income From Continuing And Discontinued Operation": 23525000.0,
        "Total Expenses": 28296000.0,
        "Total Operating Income As Reported": 22621000.0,
        "Diluted Average Shares": 87150666.0,
        "Basic Average Shares": 87121502.0,
        "Diluted EPS": 0.27,
        "Basic EPS": 0.27,
        "Diluted NI Availto Com Stockholders": 23525000.0,
        "Net Income Common Stockholders": 23525000.0,
        "Net Income": 23525000.0,
        "Net Income Including Noncontrolling Interests": 23525000.0,
        "Net Income Continuous Operations": 23525000.0,
        "Tax Provision": 62000.0,
        "Pretax Income": 23587000.0,
        "Other Income Expense": 11000.0,
        "Other Non Operating Income Expenses": 11000.0,
        "Net Non Operating Interest Income Expense": 955000.0,
        "Interest Income Non Operating": 955000.0,
        "Operating Income": 22621000.0,
        "Operating Expense": 28296000.0,
        "Research And Development": 18868000.0,
        "Selling General And Administration": 9428000.0,
        "General And Administrative Expense": 9428000.0,
        "Other Gand A": 9428000.0,
        "Total Revenue": 50917000.0,
        "Operating Revenue": 50917000.0
    },
    "2025-06-30": {
        "Tax Effect Of Unusual Items": 0.0,
        "Tax Rate For Calcs": 0.21,
        "Normalized EBITDA": -939000.0,
        "Net Income From Continuing Operation Net Minority Interest": -154000.0,
        "Reconciled Depreciation": 347000.0,
        "EBITDA": -939000.0,
        "EBIT": -1286000.0,
        "Net Interest Income": 1178000.0,
        "Interest Income": 1178000.0,
        "Normalized Income": -154000.0,
        "Net Income From Continuing And Discontinued Operation": -154000.0,
        "Total Expenses": 19944000.0,
        "Total Operating Income As Reported": -1286000.0,
        "Diluted Average Shares": 129075546.0,
        "Basic Average Shares": 129075546.0,
        "Diluted EPS": 0.0,
        "Basic EPS": 0.0,
        "Diluted NI Availto Com Stockholders": -154000.0,
        "Net Income Common Stockholders": -154000.0,
        "Net Income": -154000.0,
        "Net Income Including Noncontrolling Interests": -154000.0,
        "Net Income Continuous Operations": -154000.0,
        "Tax Provision": 63000.0,
        "Pretax Income": -91000.0,
        "Other Income Expense": 17000.0,
        "Other Non Operating Income Expenses": 17000.0,
        "Net Non Operating Interest Income Expense": 1178000.0,
        "Interest Income Non Operating": 1178000.0,
        "Operating Income": -1286000.0,
        "Operating Expense": 19944000.0,
        "Research And Development": 13322000.0,
        "Selling General And Administration": 6622000.0,
        "General And Administrative Expense": 6622000.0,
        "Other Gand A": 6622000.0,
        "Total Revenue": 18658000.0,
        "Operating Revenue": 18658000.0
    },
    "2025-09-30": {
        "Tax Effect Of Unusual Items": 0.0,
        "Tax Rate For Calcs": 0.21,
        "Normalized EBITDA": -15634000.0,
        "Net Income From Continuing Operation Net Minority Interest": -14229000.0,
        "Reconciled Depreciation": 134000.0,
        "EBITDA": -15634000.0,
        "EBIT": -15768000.0,
        "Net Interest Income": 1592000.0,
        "Interest Income": 1592000.0,
        "Normalized Income": -14229000.0,
        "Net Income From Continuing And Discontinued Operation": -14229000.0,
        "Total Expenses": 21731000.0,
        "Total Operating Income As Reported": -15768000.0,
        "Diluted Average Shares": 165004291.0,
        "Basic Average Shares": 165004291.0,
        "Diluted EPS": -0.09,
        "Basic EPS": -0.09,
        "Diluted NI Availto Com Stockholders": -14229000.0,
        "Net Income Common Stockholders": -14229000.0,
        "Net Income": -14229000.0,
        "Net Income Including Noncontrolling Interests": -14229000.0,
        "Net Income Continuous Operations": -14229000.0,
        "Tax Provision": 58000.0,
        "Pretax Income": -14171000.0,
        "Other Income Expense": 5000.0,
        "Other Non Operating Income Expenses": 5000.0,
        "Net Non Operating Interest Income Expense": 1592000.0,
        "Interest Income Non Operating": 1592000.0,
        "Operating Income": -15768000.0,
        "Operating Expense": 21731000.0,
        "Research And Development": 15304000.0,
        "Selling General And Administration": 6427000.0,
        "General And Administrative Expense": 6427000.0,
        "Other Gand A": 6427000.0,
        "Total Revenue": 5963000.0,
        "Operating Revenue": 5963000.0
    }
}