{
    "2023-03-31": {
        "Tax Effect Of Unusual Items": NaN,
        "Tax Rate For Calcs": NaN,
        "Normalized EBITDA": NaN,
        "Total Unusual Items": NaN,
        "Total Unusual Items Excluding Goodwill": NaN,
        "Net Income From Continuing Operation Net Minority Interest": NaN,
        "Reconciled Depreciation": NaN,
        "Reconciled Cost Of Revenue": NaN,
        "EBITDA": NaN,
        "EBIT": NaN,
        "Net Interest Income": NaN,
        "Interest Expense": NaN,
        "Interest Income": NaN,
        "Normalized Income": NaN,
        "Net Income From Continuing And Discontinued Operation": NaN,
        "Total Expenses": NaN,
        "Rent Expense Supplemental": NaN,
        "Total Operating Income As Reported": NaN,
        "Diluted Average Shares": NaN,
        "Basic Average Shares": NaN,
        "Diluted EPS": NaN,
        "Basic EPS": NaN,
        "Diluted NI Availto Com Stockholders": NaN,
        "Net Income Common Stockholders": NaN,
        "Net Income": NaN,
        "Net Income Including Noncontrolling Interests": NaN,
        "Net Income Continuous Operations": NaN,
        "Tax Provision": NaN,
        "Pretax Income": NaN,
        "Other Income Expense": NaN,
        "Special Income Charges": NaN,
        "Restructuring And Mergern Acquisition": NaN,
        "Net Non Operating Interest Income Expense": NaN,
        "Total Other Finance Cost": -3951000.0,
        "Interest Expense Non Operating": NaN,
        "Interest Income Non Operating": NaN,
        "Operating Income": NaN,
        "Operating Expense": NaN,
        "Depreciation Amortization Depletion Income Statement": NaN,
        "Depreciation And Amortization In Income Statement": NaN,
        "Amortization": NaN,
        "Amortization Of Intangibles Income Statement": NaN,
        "Depreciation Income Statement": NaN,
        "Selling General And Administration": NaN,
        "Gross Profit": NaN,
        "Cost Of Revenue": NaN,
        "Total Revenue": NaN,
        "Operating Revenue": NaN
    },
    "2022-12-31": {
        "Tax Effect Of Unusual Items": NaN,
        "Tax Rate For Calcs": NaN,
        "Normalized EBITDA": NaN,
        "Total Unusual Items": NaN,
        "Total Unusual Items Excluding Goodwill": NaN,
        "Net Income From Continuing Operation Net Minority Interest": NaN,
        "Reconciled Depreciation": NaN,
        "Reconciled Cost Of Revenue": NaN,
        "EBITDA": NaN,
        "EBIT": NaN,
        "Net Interest Income": NaN,
        "Interest Expense": NaN,
        "Interest Income": NaN,
        "Normalized Income": NaN,
        "Net Income From Continuing And Discontinued Operation": NaN,
        "Total Expenses": NaN,
        "Total Operating Income As Reported": NaN,
        "Diluted Average Shares": 237976923.0,
        "Basic Average Shares": 237976923.0,
        "Diluted EPS": 0.13,
        "Basic EPS": 0.13,
        "Diluted NI Availto Com Stockholders": NaN,
        "Net Income Common Stockholders": NaN,
        "Net Income": NaN,
        "Net Income Including Noncontrolling Interests": NaN,
        "Net Income Continuous Operations": NaN,
        "Tax Provision": NaN,
        "Pretax Income": NaN,
        "Other Income Expense": NaN,
        "Special Income Charges": NaN,
        "Restructuring And Mergern Acquisition": NaN,
        "Net Non Operating Interest Income Expense": NaN,
        "Total Other Finance Cost": NaN,
        "Interest Expense Non Operating": NaN,
        "Interest Income Non Operating": NaN,
        "Operating Income": NaN,
        "Operating Expense": NaN,
        "Depreciation Amortization Depletion Income Statement": NaN,
        "Depreciation And Amortization In Income Statement": NaN,
        "Amortization": NaN,
        "Amortization Of Intangibles Income Statement": NaN,
        "Depreciation Income Statement": NaN,
        "Selling General And Administration": NaN,
        "Gross Profit": NaN,
        "Cost Of Revenue": NaN,
        "Total Revenue": NaN,
        "Operating Revenue": NaN
    },
    "2022-09-30": {
        "Tax Effect Of Unusual Items": NaN,
        "Tax Rate For Calcs": NaN,
        "Normalized EBITDA": NaN,
        "Total Unusual Items": NaN,
        "Total Unusual Items Excluding Goodwill": NaN,
        "Net Income From Continuing Operation Net Minority Interest": NaN,
        "Reconciled Depreciation": NaN,
        "Reconciled Cost Of Revenue": NaN,
        "EBITDA": NaN,
        "EBIT": NaN,
        "Net Interest Income": NaN,
        "Interest Expense": NaN,
        "Interest Income": 1747000.0,
        "Normalized Income": NaN,
        "Net Income From Continuing And Discontinued Operation": NaN,
        "Total Expenses": NaN,
        "Total Operating Income As Reported": NaN,
        "Diluted Average Shares": NaN,
        "Basic Average Shares": NaN,
        "Diluted EPS": NaN,
        "Basic EPS": NaN,
        "Diluted NI Availto Com Stockholders": NaN,
        "Net Income Common Stockholders": NaN,
        "Net Income": NaN,
        "Net Income Including Noncontrolling Interests": NaN,
        "Net Income Continuous Operations": NaN,
        "Tax Provision": NaN,
        "Pretax Income": NaN,
        "Other Income Expense": NaN,
        "Special Income Charges": NaN,
        "Restructuring And Mergern Acquisition": NaN,
        "Net Non Operating Interest Income Expense": NaN,
        "Total Other Finance Cost": NaN,
        "Interest Expense Non Operating": NaN,
        "Interest Income Non Operating": 1747000.0,
        "Operating Income": NaN,
        "Operating Expense": NaN,
        "Depreciation Amortization Depletion Income Statement": NaN,
        "Depreciation And Amortization In Income Statement": NaN,
        "Amortization": NaN,
        "Amortization Of Intangibles Income Statement": NaN,
        "Depreciation Income Statement": NaN,
        "Selling General And Administration": NaN,
        "Gross Profit": NaN,
        "Cost Of Revenue": NaN,
        "Total Revenue": NaN,
        "Operating Revenue": NaN
    },
    "2022-06-30": {
        "Tax Effect Of Unusual Items": -2418400.0,
        "Tax Rate For Calcs": 0.4,
        "Normalized EBITDA": 94489000.0,
        "Total Unusual Items": -6046000.0,
        "Total Unusual Items Excluding Goodwill": -6046000.0,
        "Net Income From Continuing Operation Net Minority Interest": 13623000.0,
        "Reconciled Depreciation": 54620000.0,
        "Reconciled Cost Of Revenue": 233916000.0,
        "EBITDA": 88443000.0,
        "EBIT": 33823000.0,
        "Net Interest Income": -5203000.0,
        "Interest Expense": 20281000.0,
        "Interest Income": NaN,
        "Normalized Income": 17250600.0,
        "Net Income From Continuing And Discontinued Operation": 13623000.0,
        "Total Expenses": 337315000.0,
        "Total Operating Income As Reported": 18745000.0,
        "Diluted Average Shares": 248614000.0,
        "Basic Average Shares": 247745000.0,
        "Diluted EPS": 0.05,
        "Basic EPS": 0.05,
        "Diluted NI Availto Com Stockholders": 13623000.0,
        "Net Income Common Stockholders": 13623000.0,
        "Net Income": 13623000.0,
        "Net Income Including Noncontrolling Interests": 13623000.0,
        "Net Income Continuous Operations": 13623000.0,
        "Tax Provision": -81000.0,
        "Pretax Income": 13542000.0,
        "Other Income Expense": -6046000.0,
        "Special Income Charges": -6046000.0,
        "Restructuring And Mergern Acquisition": 6046000.0,
        "Net Non Operating Interest Income Expense": -5203000.0,
        "Total Other Finance Cost": -15078000.0,
        "Interest Expense Non Operating": 20281000.0,
        "Interest Income Non Operating": NaN,
        "Operating Income": 24791000.0,
        "Operating Expense": 57967000.0,
        "Depreciation Amortization Depletion Income Statement": 9188000.0,
        "Depreciation And Amortization In Income Statement": 9188000.0,
        "Amortization": 6871000.0,
        "Amortization Of Intangibles Income Statement": 6871000.0,
        "Depreciation Income Statement": 2317000.0,
        "Selling General And Administration": 48779000.0,
        "General And Administrative Expense": NaN,
        "Other Gand A": NaN,
        "Gross Profit": 82758000.0,
        "Cost Of Revenue": 279348000.0,
        "Total Revenue": 362106000.0,
        "Operating Revenue": 362106000.0
    },
    "2022-03-31": {
        "Diluted EPS": -0.01,
        "Total Revenue": 366,
        "Gross Profit": 84,
        "Operating Income": 10,
        "EBIT": 74,
        "Net Income": -3
    },
    "2021-12-31": {
        "Diluted EPS": 0.43,
        "Total Revenue": 356,
        "Gross Profit": 78,
        "Operating Income": 10,
        "EBIT": 74,
        "Net Income": -4
    },
    "2021-09-30": {
        "Diluted EPS": -0.08,
        "Total Revenue": 357,
        "Gross Profit": 65,
        "Operating Income": -5,
        "EBIT": 63,
        "Net Income": -21
    },
    "2021-06-30": {
        "Diluted EPS": -0.53,
        "Total Revenue": 375,
        "Gross Profit": 47,
        "Operating Income": -43,
        "EBIT": 18,
        "Net Income": -129
    },
    "2021-03-31": {
        "Diluted EPS": -0.57,
        "Total Revenue": 78,
        "Gross Profit": 20,
        "Operating Income": -3,
        "EBIT": 17,
        "Net Income": -28
    },
    "2020-12-31": {
        "Diluted EPS": -0.14,
        "Total Revenue": 83,
        "Gross Profit": 22,
        "Operating Income": 3,
        "EBIT": 25,
        "Net Income": -7
    },
    "2020-09-30": {
        "Diluted EPS": 0.31,
        "Total Revenue": 69,
        "Gross Profit": 16,
        "Operating Income": 5,
        "EBIT": 26,
        "Net Income": 15
    },
    "2020-06-30": {
        "Diluted EPS": -0.27,
        "Total Revenue": 68,
        "Gross Profit": 16,
        "Operating Income": 3,
        "EBIT": 25,
        "Net Income": -13
    },
    "2020-03-31": {
        "Diluted EPS": -0.33,
        "Total Revenue": 82,
        "Gross Profit": 22,
        "Operating Income": 7,
        "EBIT": 29,
        "Net Income": -16
    },
    "2019-12-31": {
        "Diluted EPS": 0.19,
        "Total Revenue": 77,
        "Gross Profit": 23,
        "Operating Income": 12,
        "EBIT": 35,
        "Net Income": 3
    },
    "2019-09-30": {
        "Diluted EPS": -0.45,
        "Total Revenue": 62,
        "Gross Profit": 22,
        "Operating Income": 6,
        "EBIT": 25,
        "Net Income": -18
    },
    "2019-06-30": {
        "Diluted EPS": -0.25,
        "Total Revenue": 63,
        "Gross Profit": 21,
        "Operating Income": 10,
        "EBIT": 28,
        "Net Income": -5
    },
    "2019-03-31": {
        "Diluted EPS": -0.31,
        "Total Revenue": 61,
        "Gross Profit": 21,
        "Operating Income": 9,
        "EBIT": 27,
        "Net Income": -7
    },
    "2018-12-31": {
        "Diluted EPS": -0.6,
        "Total Revenue": 182,
        "Gross Profit": 63,
        "Operating Income": 33,
        "EBIT": 52,
        "Net Income": -14
    },
    "2018-09-30": {
        "Diluted EPS": -0.17,
        "Total Revenue": 64,
        "Gross Profit": 21,
        "Operating Income": 11,
        "EBIT": 11,
        "Net Income": -4
    },
    "2018-06-30": {
        "Diluted EPS": 0.02,
        "Total Revenue": NaN,
        "Gross Profit": NaN,
        "Operating Income": 0,
        "EBIT": 0,
        "Net Income": 1
    },
    "2018-03-31": {
        "Diluted EPS": 0.03,
        "Total Revenue": NaN,
        "Gross Profit": NaN,
        "Operating Income": 0,
        "EBIT": 0,
        "Net Income": 1
    },
    "2017-12-31": {
        "Diluted EPS": 0.0,
        "Total Revenue": NaN,
        "Gross Profit": NaN,
        "Operating Income": NaN,
        "EBIT": NaN,
        "Net Income": NaN
    },
    "2017-09-30": {
        "Diluted EPS": -0.02,
        "Total Revenue": NaN,
        "Gross Profit": NaN,
        "Operating Income": 0,
        "EBIT": 0,
        "Net Income": 0
    },
    "2017-06-30": {
        "Diluted EPS": 0.0,
        "Total Revenue": NaN,
        "Gross Profit": NaN,
        "Operating Income": NaN,
        "EBIT": NaN,
        "Net Income": NaN
    },
    "2023-06-30": {
        "Tax Effect Of Unusual Items": NaN,
        "Tax Rate For Calcs": NaN,
        "Normalized EBITDA": NaN,
        "Total Unusual Items": NaN,
        "Total Unusual Items Excluding Goodwill": NaN,
        "Net Income From Continuing Operation Net Minority Interest": NaN,
        "Reconciled Depreciation": NaN,
        "Reconciled Cost Of Revenue": NaN,
        "EBITDA": NaN,
        "EBIT": NaN,
        "Net Interest Income": NaN,
        "Interest Expense": NaN,
        "Interest Income": 5048000.0,
        "Normalized Income": NaN,
        "Net Income From Continuing And Discontinued Operation": NaN,
        "Total Expenses": NaN,
        "Rent Expense Supplemental": NaN,
        "Total Operating Income As Reported": NaN,
        "Diluted Average Shares": 246955000.0,
        "Basic Average Shares": 246130000.0,
        "Diluted EPS": 0.05,
        "Basic EPS": 0.05,
        "Diluted NI Availto Com Stockholders": NaN,
        "Net Income Common Stockholders": NaN,
        "Net Income": NaN,
        "Net Income Including Noncontrolling Interests": NaN,
        "Net Income Continuous Operations": NaN,
        "Tax Provision": NaN,
        "Pretax Income": NaN,
        "Other Income Expense": NaN,
        "Special Income Charges": NaN,
        "Restructuring And Mergern Acquisition": NaN,
        "Net Non Operating Interest Income Expense": NaN,
        "Total Other Finance Cost": NaN,
        "Interest Expense Non Operating": NaN,
        "Interest Income Non Operating": 5048000.0,
        "Operating Income": NaN,
        "Operating Expense": NaN,
        "Depreciation Amortization Depletion Income Statement": NaN,
        "Depreciation And Amortization In Income Statement": NaN,
        "Amortization": NaN,
        "Amortization Of Intangibles Income Statement": NaN,
        "Depreciation Income Statement": NaN,
        "Selling General And Administration": NaN,
        "Gross Profit": NaN,
        "Cost Of Revenue": NaN,
        "Total Revenue": NaN,
        "Operating Revenue": NaN
    },
    "2023-09-30": {
        "Tax Effect Of Unusual Items": NaN,
        "Tax Rate For Calcs": NaN,
        "Normalized EBITDA": NaN,
        "Total Unusual Items": NaN,
        "Total Unusual Items Excluding Goodwill": NaN,
        "Net Income From Continuing Operation Net Minority Interest": NaN,
        "Reconciled Depreciation": NaN,
        "Reconciled Cost Of Revenue": NaN,
        "EBITDA": NaN,
        "EBIT": NaN,
        "Net Interest Income": NaN,
        "Interest Expense": NaN,
        "Interest Income": 5745000.0,
        "Normalized Income": NaN,
        "Net Income From Continuing And Discontinued Operation": NaN,
        "Total Expenses": NaN,
        "Rent Expense Supplemental": NaN,
        "Total Operating Income As Reported": NaN,
        "Diluted Average Shares": 246594000.0,
        "Basic Average Shares": 245810000.0,
        "Diluted EPS": 0.04,
        "Basic EPS": 0.04,
        "Diluted NI Availto Com Stockholders": NaN,
        "Net Income Common Stockholders": NaN,
        "Net Income": NaN,
        "Net Income Including Noncontrolling Interests": NaN,
        "Net Income Continuous Operations": NaN,
        "Tax Provision": NaN,
        "Pretax Income": NaN,
        "Other Income Expense": NaN,
        "Special Income Charges": NaN,
        "Restructuring And Mergern Acquisition": NaN,
        "Net Non Operating Interest Income Expense": NaN,
        "Total Other Finance Cost": NaN,
        "Interest Expense Non Operating": NaN,
        "Interest Income Non Operating": 5745000.0,
        "Operating Income": NaN,
        "Operating Expense": NaN,
        "Depreciation Amortization Depletion Income Statement": NaN,
        "Depreciation And Amortization In Income Statement": NaN,
        "Amortization": NaN,
        "Amortization Of Intangibles Income Statement": NaN,
        "Depreciation Income Statement": NaN,
        "Selling General And Administration": NaN,
        "Gross Profit": NaN,
        "Cost Of Revenue": NaN,
        "Total Revenue": NaN,
        "Operating Revenue": NaN
    },
    "2023-12-31": {
        "Tax Effect Of Unusual Items": -923464.115753,
        "Tax Rate For Calcs": 0.225016,
        "Normalized EBITDA": 118186000.0,
        "Total Unusual Items": -4104000.0,
        "Total Unusual Items Excluding Goodwill": -4104000.0,
        "Net Income From Continuing Operation Net Minority Interest": 16122000.0,
        "Reconciled Depreciation": 56909000.0,
        "Reconciled Cost Of Revenue": 347838000.0,
        "EBITDA": 114082000.0,
        "EBIT": 57173000.0,
        "Net Interest Income": -32671000.0,
        "Interest Expense": 36370000.0,
        "Interest Income": NaN,
        "Normalized Income": 19302535.884247,
        "Net Income From Continuing And Discontinued Operation": 16122000.0,
        "Total Expenses": 464176000.0,
        "Rent Expense Supplemental": 324290000.0,
        "Total Operating Income As Reported": 53474000.0,
        "Diluted Average Shares": NaN,
        "Basic Average Shares": NaN,
        "Diluted EPS": NaN,
        "Basic EPS": NaN,
        "Diluted NI Availto Com Stockholders": 16122000.0,
        "Net Income Common Stockholders": 16122000.0,
        "Net Income": 16122000.0,
        "Net Income Including Noncontrolling Interests": 16122000.0,
        "Net Income Continuous Operations": 16122000.0,
        "Tax Provision": 4681000.0,
        "Pretax Income": 20803000.0,
        "Other Income Expense": -4104000.0,
        "Special Income Charges": -4104000.0,
        "Restructuring And Mergern Acquisition": 4104000.0,
        "Net Non Operating Interest Income Expense": -32671000.0,
        "Total Other Finance Cost": NaN,
        "Interest Expense Non Operating": 36370000.0,
        "Interest Income Non Operating": NaN,
        "Operating Income": 57578000.0,
        "Operating Expense": 69246000.0,
        "Depreciation Amortization Depletion Income Statement": 9817000.0,
        "Depreciation And Amortization In Income Statement": 9817000.0,
        "Amortization": 7134000.0,
        "Amortization Of Intangibles Income Statement": 7134000.0,
        "Depreciation Income Statement": 2683000.0,
        "Selling General And Administration": 59429000.0,
        "Gross Profit": 126824000.0,
        "Cost Of Revenue": 394930000.0,
        "Total Revenue": 521754000.0,
        "Operating Revenue": 521754000.0
    },
    "2024-03-31": {
        "Tax Effect Of Unusual Items": NaN,
        "Tax Rate For Calcs": NaN,
        "Normalized EBITDA": NaN,
        "Total Unusual Items": NaN,
        "Total Unusual Items Excluding Goodwill": NaN,
        "Net Income From Continuing Operation Net Minority Interest": NaN,
        "Reconciled Depreciation": NaN,
        "Reconciled Cost Of Revenue": NaN,
        "EBITDA": NaN,
        "EBIT": NaN,
        "Net Interest Income": NaN,
        "Interest Expense": NaN,
        "Interest Income": NaN,
        "Normalized Income": NaN,
        "Net Income From Continuing And Discontinued Operation": NaN,
        "Total Expenses": NaN,
        "Rent Expense Supplemental": NaN,
        "Total Operating Income As Reported": NaN,
        "Diluted Average Shares": NaN,
        "Basic Average Shares": NaN,
        "Diluted EPS": NaN,
        "Basic EPS": NaN,
        "Diluted NI Availto Com Stockholders": NaN,
        "Net Income Common Stockholders": NaN,
        "Net Income": NaN,
        "Net Income Including Noncontrolling Interests": NaN,
        "Net Income Continuous Operations": NaN,
        "Tax Provision": NaN,
        "Pretax Income": NaN,
        "Other Income Expense": NaN,
        "Special Income Charges": NaN,
        "Restructuring And Mergern Acquisition": NaN,
        "Net Non Operating Interest Income Expense": NaN,
        "Total Other Finance Cost": -3262000.0,
        "Interest Expense Non Operating": NaN,
        "Interest Income Non Operating": NaN,
        "Operating Income": NaN,
        "Operating Expense": NaN,
        "Depreciation Amortization Depletion Income Statement": NaN,
        "Depreciation And Amortization In Income Statement": NaN,
        "Amortization": NaN,
        "Amortization Of Intangibles Income Statement": NaN,
        "Depreciation Income Statement": NaN,
        "Selling General And Administration": NaN,
        "Gross Profit": NaN,
        "Cost Of Revenue": NaN,
        "Total Revenue": NaN,
        "Operating Revenue": NaN
    },
    "2024-06-30": {
        "Tax Effect Of Unusual Items": NaN,
        "Tax Rate For Calcs": NaN,
        "Normalized EBITDA": NaN,
        "Total Unusual Items": NaN,
        "Total Unusual Items Excluding Goodwill": NaN,
        "Net Income From Continuing Operation Net Minority Interest": NaN,
        "Reconciled Depreciation": NaN,
        "Reconciled Cost Of Revenue": NaN,
        "EBITDA": NaN,
        "EBIT": NaN,
        "Net Interest Income": NaN,
        "Interest Expense": NaN,
        "Interest Income": 3319000.0,
        "Normalized Income": NaN,
        "Net Income From Continuing And Discontinued Operation": NaN,
        "Total Expenses": NaN,
        "Rent Expense Supplemental": NaN,
        "Total Operating Income As Reported": NaN,
        "Diluted Average Shares": 244780000.0,
        "Basic Average Shares": 244780000.0,
        "Diluted EPS": -0.1,
        "Basic EPS": -0.1,
        "Diluted NI Availto Com Stockholders": NaN,
        "Net Income Common Stockholders": NaN,
        "Net Income": NaN,
        "Net Income Including Noncontrolling Interests": NaN,
        "Net Income Continuous Operations": NaN,
        "Tax Provision": NaN,
        "Pretax Income": NaN,
        "Other Income Expense": NaN,
        "Special Income Charges": NaN,
        "Restructuring And Mergern Acquisition": NaN,
        "Net Non Operating Interest Income Expense": NaN,
        "Total Other Finance Cost": NaN,
        "Interest Expense Non Operating": NaN,
        "Interest Income Non Operating": 3319000.0,
        "Operating Income": NaN,
        "Operating Expense": NaN,
        "Depreciation Amortization Depletion Income Statement": NaN,
        "Depreciation And Amortization In Income Statement": NaN,
        "Amortization": NaN,
        "Amortization Of Intangibles Income Statement": NaN,
        "Depreciation Income Statement": NaN,
        "Selling General And Administration": NaN,
        "Gross Profit": NaN,
        "Cost Of Revenue": NaN,
        "Total Revenue": NaN,
        "Operating Revenue": NaN
    },
    "2024-09-30": {
        "Tax Effect Of Unusual Items": -133872.142064,
        "Tax Rate For Calcs": 0.033518,
        "Normalized EBITDA": 89162000.0,
        "Total Unusual Items": -3994000.0,
        "Total Unusual Items Excluding Goodwill": -3994000.0,
        "Net Income From Continuing Operation Net Minority Interest": -17416000.0,
        "Reconciled Depreciation": 59313000.0,
        "Reconciled Cost Of Revenue": 306246000.0,
        "EBITDA": 85168000.0,
        "EBIT": 25855000.0,
        "Net Interest Income": -41057000.0,
        "Interest Expense": 43875000.0,
        "Interest Income": 2818000.0,
        "Normalized Income": -13555872.142064,
        "Net Income From Continuing And Discontinued Operation": -17416000.0,
        "Total Expenses": 420189000.0,
        "Rent Expense Supplemental": 281426000.0,
        "Total Operating Income As Reported": 23037000.0,
        "Diluted Average Shares": 234438000.0,
        "Basic Average Shares": 234438000.0,
        "Diluted EPS": -0.07,
        "Basic EPS": -0.07,
        "Diluted NI Availto Com Stockholders": -17416000.0,
        "Net Income Common Stockholders": -17416000.0,
        "Net Income": -17416000.0,
        "Net Income Including Noncontrolling Interests": -17416000.0,
        "Net Income Continuous Operations": -17416000.0,
        "Tax Provision": -604000.0,
        "Pretax Income": -18020000.0,
        "Other Income Expense": -3994000.0,
        "Special Income Charges": -3994000.0,
        "Restructuring And Mergern Acquisition": 3994000.0,
        "Net Non Operating Interest Income Expense": -41057000.0,
        "Total Other Finance Cost": NaN,
        "Interest Expense Non Operating": 43875000.0,
        "Interest Income Non Operating": 2818000.0,
        "Operating Income": 27031000.0,
        "Operating Expense": 64798000.0,
        "Depreciation Amortization Depletion Income Statement": 10168000.0,
        "Depreciation And Amortization In Income Statement": 10168000.0,
        "Amortization": 6696000.0,
        "Amortization Of Intangibles Income Statement": 6696000.0,
        "Depreciation Income Statement": 3472000.0,
        "Selling General And Administration": 54630000.0,
        "Gross Profit": 91829000.0,
        "Cost Of Revenue": 355391000.0,
        "Total Revenue": 447220000.0,
        "Operating Revenue": 447220000.0
    },
    "2024-12-31": {
        "Tax Effect Of Unusual Items": 4255860.0,
        "Tax Rate For Calcs": 0.21,
        "Normalized EBITDA": 111740000.0,
        "Total Unusual Items": 20266000.0,
        "Total Unusual Items Excluding Goodwill": 20266000.0,
        "Net Income From Continuing Operation Net Minority Interest": 27574000.0,
        "Reconciled Depreciation": 62568000.0,
        "Reconciled Cost Of Revenue": 349934000.0,
        "EBITDA": 132006000.0,
        "EBIT": 69438000.0,
        "Net Interest Income": -40758000.0,
        "Interest Expense": 42914000.0,
        "Interest Income": NaN,
        "Normalized Income": 11563860.0,
        "Net Income From Continuing And Discontinued Operation": 27574000.0,
        "Total Expenses": 473724000.0,
        "Rent Expense Supplemental": 324394000.0,
        "Total Operating Income As Reported": 67282000.0,
        "Diluted Average Shares": NaN,
        "Basic Average Shares": NaN,
        "Diluted EPS": NaN,
        "Basic EPS": NaN,
        "Diluted NI Availto Com Stockholders": 27574000.0,
        "Net Income Common Stockholders": 27574000.0,
        "Net Income": 27574000.0,
        "Net Income Including Noncontrolling Interests": 27574000.0,
        "Net Income Continuous Operations": 27574000.0,
        "Tax Provision": -1050000.0,
        "Pretax Income": 26524000.0,
        "Other Income Expense": 20266000.0,
        "Special Income Charges": 20266000.0,
        "Restructuring And Mergern Acquisition": -20266000.0,
        "Net Non Operating Interest Income Expense": -40758000.0,
        "Total Other Finance Cost": NaN,
        "Interest Expense Non Operating": 42914000.0,
        "Interest Income Non Operating": NaN,
        "Operating Income": 47016000.0,
        "Operating Expense": 71449000.0,
        "Depreciation Amortization Depletion Income Statement": 10227000.0,
        "Depreciation And Amortization In Income Statement": 10227000.0,
        "Amortization": 6687000.0,
        "Amortization Of Intangibles Income Statement": 6687000.0,
        "Depreciation Income Statement": 3540000.0,
        "Selling General And Administration": 61222000.0,
        "Gross Profit": 118465000.0,
        "Cost Of Revenue": 402275000.0,
        "Total Revenue": 520740000.0,
        "Operating Revenue": 520740000.0
    },
    "2025-03-31": {
        "Tax Effect Of Unusual Items": -1105320.0,
        "Tax Rate For Calcs": 0.302,
        "Normalized EBITDA": 79218000.0,
        "Total Unusual Items": -3660000.0,
        "Total Unusual Items Excluding Goodwill": -3660000.0,
        "Net Income From Continuing Operation Net Minority Interest": -17791000.0,
        "Reconciled Depreciation": 62137000.0,
        "Reconciled Cost Of Revenue": 284579000.0,
        "EBITDA": 75558000.0,
        "EBIT": 13421000.0,
        "Net Interest Income": -37897000.0,
        "Interest Expense": 38913000.0,
        "Interest Income": NaN,
        "Normalized Income": -15236320.0,
        "Net Income From Continuing And Discontinued Operation": -17791000.0,
        "Total Expenses": 406167000.0,
        "Rent Expense Supplemental": 30400000.0,
        "Total Operating Income As Reported": 12405000.0,
        "Diluted Average Shares": 228276000.0,
        "Basic Average Shares": 228276000.0,
        "Diluted EPS": -0.08,
        "Basic EPS": -0.08,
        "Diluted NI Availto Com Stockholders": -17791000.0,
        "Net Income Common Stockholders": -17791000.0,
        "Net Income": -17791000.0,
        "Net Income Including Noncontrolling Interests": -17791000.0,
        "Net Income Continuous Operations": -17791000.0,
        "Tax Provision": -7701000.0,
        "Pretax Income": -25492000.0,
        "Other Income Expense": -3660000.0,
        "Special Income Charges": -3660000.0,
        "Restructuring And Mergern Acquisition": 3660000.0,
        "Net Non Operating Interest Income Expense": -37897000.0,
        "Total Other Finance Cost": -1016000.0,
        "Interest Expense Non Operating": 38913000.0,
        "Interest Income Non Operating": NaN,
        "Operating Income": 16065000.0,
        "Operating Expense": 69471000.0,
        "Depreciation Amortization Depletion Income Statement": 10020000.0,
        "Depreciation And Amortization In Income Statement": 10020000.0,
        "Amortization": 6680000.0,
        "Amortization Of Intangibles Income Statement": 6680000.0,
        "Depreciation Income Statement": 3340000.0,
        "Selling General And Administration": 59451000.0,
        "Gross Profit": 85536000.0,
        "Cost Of Revenue": 336696000.0,
        "Total Revenue": 422232000.0,
        "Operating Revenue": 422232000.0
    },
    "2025-06-30": {
        "Tax Effect Of Unusual Items": -1113630.0,
        "Tax Rate For Calcs": 0.21,
        "Normalized EBITDA": 100636000.0,
        "Total Unusual Items": -5303000.0,
        "Total Unusual Items Excluding Goodwill": -5303000.0,
        "Net Income From Continuing Operation Net Minority Interest": -28380000.0,
        "Reconciled Depreciation": 66031000.0,
        "Reconciled Cost Of Revenue": 353053000.0,
        "EBITDA": 95333000.0,
        "EBIT": 29302000.0,
        "Net Interest Income": -38833000.0,
        "Interest Expense": 40204000.0,
        "Interest Income": 1371000.0,
        "Normalized Income": -24190630.0,
        "Net Income From Continuing And Discontinued Operation": -28380000.0,
        "Total Expenses": 478249000.0,
        "Rent Expense Supplemental": 30338000.0,
        "Total Operating Income As Reported": 27931000.0,
        "Diluted Average Shares": 226477000.0,
        "Basic Average Shares": 226477000.0,
        "Diluted EPS": -0.13,
        "Basic EPS": -0.13,
        "Diluted NI Availto Com Stockholders": -28380000.0,
        "Net Income Common Stockholders": -28380000.0,
        "Net Income": -28380000.0,
        "Net Income Including Noncontrolling Interests": -28380000.0,
        "Net Income Continuous Operations": -28380000.0,
        "Tax Provision": 17478000.0,
        "Pretax Income": -10902000.0,
        "Other Income Expense": -5303000.0,
        "Special Income Charges": -5303000.0,
        "Restructuring And Mergern Acquisition": 5303000.0,
        "Net Non Operating Interest Income Expense": -38833000.0,
        "Total Other Finance Cost": NaN,
        "Interest Expense Non Operating": 40204000.0,
        "Interest Income Non Operating": 1371000.0,
        "Operating Income": 33234000.0,
        "Operating Expense": 69308000.0,
        "Depreciation Amortization Depletion Income Statement": 10143000.0,
        "Depreciation And Amortization In Income Statement": 10143000.0,
        "Amortization": 6911000.0,
        "Amortization Of Intangibles Income Statement": 6911000.0,
        "Depreciation Income Statement": 3232000.0,
        "Selling General And Administration": 59165000.0,
        "Gross Profit": 102542000.0,
        "Cost Of Revenue": 408941000.0,
        "Total Revenue": 511483000.0,
        "Operating Revenue": 511483000.0
    },
    "2025-09-30": {
        "Tax Effect Of Unusual Items": -477162.0,
        "Tax Rate For Calcs": 0.147,
        "Normalized EBITDA": 103591000.0,
        "Total Unusual Items": -3246000.0,
        "Total Unusual Items Excluding Goodwill": -3246000.0,
        "Net Income From Continuing Operation Net Minority Interest": -5756000.0,
        "Reconciled Depreciation": 66842000.0,
        "Reconciled Cost Of Revenue": 324478000.0,
        "EBITDA": 100345000.0,
        "EBIT": 33503000.0,
        "Net Interest Income": -39373000.0,
        "Interest Expense": 40247000.0,
        "Interest Income": 874000.0,
        "Normalized Income": -2987162.0,
        "Net Income From Continuing And Discontinued Operation": -5756000.0,
        "Total Expenses": 446183000.0,
        "Rent Expense Supplemental": 298811000.0,
        "Total Operating Income As Reported": 32629000.0,
        "Diluted Average Shares": 191866667.0,
        "Basic Average Shares": 191866667.0,
        "Diluted EPS": -0.03,
        "Basic EPS": -0.03,
        "Diluted NI Availto Com Stockholders": -5756000.0,
        "Net Income Common Stockholders": -5756000.0,
        "Net Income": -5756000.0,
        "Net Income Including Noncontrolling Interests": -5756000.0,
        "Net Income Continuous Operations": -5756000.0,
        "Tax Provision": -988000.0,
        "Pretax Income": -6744000.0,
        "Other Income Expense": -3246000.0,
        "Special Income Charges": -3246000.0,
        "Restructuring And Mergern Acquisition": 3246000.0,
        "Net Non Operating Interest Income Expense": -39373000.0,
        "Total Other Finance Cost": NaN,
        "Interest Expense Non Operating": 40247000.0,
        "Interest Income Non Operating": 874000.0,
        "Operating Income": 35875000.0,
        "Operating Expense": 64878000.0,
        "Depreciation Amortization Depletion Income Statement": 10015000.0,
        "Depreciation And Amortization In Income Statement": 10015000.0,
        "Amortization": 6683000.0,
        "Amortization Of Intangibles Income Statement": 6683000.0,
        "Depreciation Income Statement": 3332000.0,
        "Selling General And Administration": 54863000.0,
        "Gross Profit": 100753000.0,
        "Cost Of Revenue": 381305000.0,
        "Total Revenue": 482058000.0,
        "Operating Revenue": 482058000.0
    }
}