{
    "2023-03-31": {
        "Tax Effect Of Unusual Items": 0.0,
        "Tax Rate For Calcs": 0.252,
        "Total Unusual Items": 0.0,
        "Total Unusual Items Excluding Goodwill": 0.0,
        "Net Income From Continuing Operation Net Minority Interest": 1015000.0,
        "Reconciled Depreciation": 116000.0,
        "Net Interest Income": 3875000.0,
        "Interest Expense": 759000.0,
        "Interest Income": 4634000.0,
        "Normalized Income": 1015000.0,
        "Net Income From Continuing And Discontinued Operation": 1015000.0,
        "Diluted Average Shares": 6949820.0,
        "Basic Average Shares": 6899121.0,
        "Diluted EPS": 0.15,
        "Basic EPS": 0.15,
        "Diluted NI Availto Com Stockholders": 1012000.0,
        "Net Income Common Stockholders": 1012000.0,
        "Otherunder Preferred Stock Dividend": 3000.0,
        "Net Income": 1015000.0,
        "Net Income Including Noncontrolling Interests": 1015000.0,
        "Net Income Continuous Operations": 1015000.0,
        "Tax Provision": 342000.0,
        "Pretax Income": 1357000.0,
        "Gain On Sale Of Security": 0.0,
        "Selling General And Administration": 1973000.0,
        "Selling And Marketing Expense": 24000.0,
        "General And Administrative Expense": 1949000.0,
        "Other Gand A": NaN,
        "Insurance And Claims": 26000.0,
        "Salaries And Wages": 1923000.0,
        "Total Revenue": 4265000.0,
        "Operating Revenue": 4265000.0,
        "Occupancy And Equipment": 256000.0,
        "Professional Expense And Contract Services Expense": 215000.0,
        "Other Non Interest Expense": 390000.0
    },
    "2022-12-31": {
        "Tax Effect Of Unusual Items": NaN,
        "Tax Rate For Calcs": NaN,
        "Total Unusual Items": -7000.0,
        "Total Unusual Items Excluding Goodwill": -7000.0,
        "Net Income From Continuing Operation Net Minority Interest": NaN,
        "Reconciled Depreciation": NaN,
        "Net Interest Income": NaN,
        "Interest Expense": NaN,
        "Interest Income": NaN,
        "Normalized Income": NaN,
        "Net Income From Continuing And Discontinued Operation": NaN,
        "Diluted Average Shares": NaN,
        "Basic Average Shares": NaN,
        "Diluted EPS": NaN,
        "Basic EPS": NaN,
        "Diluted NI Availto Com Stockholders": NaN,
        "Net Income Common Stockholders": NaN,
        "Otherunder Preferred Stock Dividend": NaN,
        "Net Income": NaN,
        "Net Income Including Noncontrolling Interests": NaN,
        "Net Income Continuous Operations": NaN,
        "Tax Provision": NaN,
        "Pretax Income": NaN,
        "Gain On Sale Of Security": NaN,
        "Selling General And Administration": NaN,
        "Selling And Marketing Expense": NaN,
        "General And Administrative Expense": NaN,
        "Other Gand A": 283000.0,
        "Insurance And Claims": NaN,
        "Salaries And Wages": NaN,
        "Total Revenue": NaN,
        "Operating Revenue": NaN,
        "Occupancy And Equipment": NaN,
        "Professional Expense And Contract Services Expense": NaN,
        "Other Non Interest Expense": NaN
    },
    "2022-09-30": {
        "Tax Effect Of Unusual Items": NaN,
        "Tax Rate For Calcs": NaN,
        "Total Unusual Items": NaN,
        "Total Unusual Items Excluding Goodwill": NaN,
        "Net Income From Continuing Operation Net Minority Interest": NaN,
        "Reconciled Depreciation": NaN,
        "Net Interest Income": NaN,
        "Interest Expense": NaN,
        "Interest Income": NaN,
        "Normalized Income": NaN,
        "Net Income From Continuing And Discontinued Operation": NaN,
        "Diluted Average Shares": 7014551.0,
        "Basic Average Shares": 6950185.0,
        "Diluted EPS": 0.13,
        "Basic EPS": 0.13,
        "Diluted NI Availto Com Stockholders": NaN,
        "Net Income Common Stockholders": NaN,
        "Otherunder Preferred Stock Dividend": NaN,
        "Net Income": NaN,
        "Net Income Including Noncontrolling Interests": NaN,
        "Net Income Continuous Operations": NaN,
        "Tax Provision": NaN,
        "Pretax Income": NaN,
        "Gain On Sale Of Security": 0.0,
        "Selling General And Administration": NaN,
        "Selling And Marketing Expense": NaN,
        "General And Administrative Expense": NaN,
        "Other Gand A": 273000.0,
        "Insurance And Claims": NaN,
        "Salaries And Wages": NaN,
        "Total Revenue": NaN,
        "Operating Revenue": NaN
    },
    "2022-06-30": {
        "Tax Effect Of Unusual Items": 8536.0,
        "Tax Rate For Calcs": 0.194,
        "Total Unusual Items": 44000.0,
        "Total Unusual Items Excluding Goodwill": 44000.0,
        "Net Income From Continuing Operation Net Minority Interest": 1312000.0,
        "Reconciled Depreciation": 104000.0,
        "Net Interest Income": 3871000.0,
        "Interest Expense": 216000.0,
        "Interest Income": 4087000.0,
        "Normalized Income": 1276536.0,
        "Net Income From Continuing And Discontinued Operation": 1312000.0,
        "Diluted Average Shares": 6965132.0,
        "Basic Average Shares": 6872003.0,
        "Diluted EPS": 0.19,
        "Basic EPS": 0.19,
        "Diluted NI Availto Com Stockholders": 1302000.0,
        "Net Income Common Stockholders": 1302000.0,
        "Otherunder Preferred Stock Dividend": 10000.0,
        "Net Income": 1312000.0,
        "Net Income Including Noncontrolling Interests": 1312000.0,
        "Net Income Continuous Operations": 1312000.0,
        "Tax Provision": 315000.0,
        "Pretax Income": 1627000.0,
        "Gain On Sale Of Security": 0.0,
        "Selling General And Administration": 2073000.0,
        "Selling And Marketing Expense": 44000.0,
        "General And Administrative Expense": 2029000.0,
        "Other Gand A": 255000.0,
        "Insurance And Claims": 15000.0,
        "Salaries And Wages": 1759000.0,
        "Total Revenue": 4308000.0,
        "Operating Revenue": 4308000.0
    },
    "2022-03-31": {
        "Diluted EPS": 0.14,
        "Total Revenue": 4,
        "Gross Profit": 4,
        "Operating Income": 1,
        "EBIT": NaN,
        "Net Income": 1
    },
    "2021-12-31": {
        "Diluted EPS": 0.08,
        "Total Revenue": 4,
        "Gross Profit": 3,
        "Operating Income": 1,
        "EBIT": NaN,
        "Net Income": 1
    },
    "2021-09-30": {
        "Diluted EPS": -0.06,
        "Total Revenue": 4,
        "Gross Profit": 3,
        "Operating Income": -1,
        "EBIT": NaN,
        "Net Income": 0
    },
    "2021-06-30": {
        "Diluted EPS": 0.12,
        "Total Revenue": 4,
        "Gross Profit": 3,
        "Operating Income": 1,
        "EBIT": NaN,
        "Net Income": 1
    },
    "2021-03-31": {
        "Diluted EPS": 0.11,
        "Total Revenue": 4,
        "Gross Profit": 3,
        "Operating Income": 1,
        "EBIT": NaN,
        "Net Income": 1
    },
    "2020-12-31": {
        "Diluted EPS": 0.0,
        "Total Revenue": NaN,
        "Gross Profit": NaN,
        "Operating Income": NaN,
        "EBIT": NaN,
        "Net Income": NaN
    },
    "2020-09-30": {
        "Diluted EPS": 0.11,
        "Total Revenue": 4,
        "Gross Profit": 3,
        "Operating Income": 1,
        "EBIT": NaN,
        "Net Income": 1
    },
    "2020-06-30": {
        "Diluted EPS": 0.4,
        "Total Revenue": 4,
        "Gross Profit": 3,
        "Operating Income": 1,
        "EBIT": NaN,
        "Net Income": 1
    },
    "2023-06-30": {
        "Tax Effect Of Unusual Items": 0.0,
        "Tax Rate For Calcs": 0.221,
        "Total Unusual Items": 0.0,
        "Total Unusual Items Excluding Goodwill": 0.0,
        "Net Income From Continuing Operation Net Minority Interest": 1028000.0,
        "Reconciled Depreciation": 116000.0,
        "Net Interest Income": 3711000.0,
        "Interest Expense": 1033000.0,
        "Interest Income": 4744000.0,
        "Normalized Income": 1028000.0,
        "Net Income From Continuing And Discontinued Operation": 1028000.0,
        "Diluted Average Shares": 7026084.0,
        "Basic Average Shares": 6946772.0,
        "Diluted EPS": 0.14,
        "Basic EPS": 0.15,
        "Diluted NI Availto Com Stockholders": 1009000.0,
        "Net Income Common Stockholders": 1009000.0,
        "Otherunder Preferred Stock Dividend": 19000.0,
        "Net Income": 1028000.0,
        "Net Income Including Noncontrolling Interests": 1028000.0,
        "Net Income Continuous Operations": 1028000.0,
        "Tax Provision": 291000.0,
        "Pretax Income": 1319000.0,
        "Gain On Sale Of Security": 0.0,
        "Selling General And Administration": 2129000.0,
        "Selling And Marketing Expense": 25000.0,
        "General And Administrative Expense": 2104000.0,
        "Other Gand A": NaN,
        "Insurance And Claims": 56000.0,
        "Salaries And Wages": 2048000.0,
        "Total Revenue": 4253000.0,
        "Operating Revenue": 4253000.0,
        "Occupancy And Equipment": 244000.0,
        "Professional Expense And Contract Services Expense": 205000.0,
        "Other Non Interest Expense": 383000.0
    },
    "2023-09-30": {
        "Tax Effect Of Unusual Items": 0.0,
        "Tax Rate For Calcs": 0.216,
        "Total Unusual Items": 0.0,
        "Total Unusual Items Excluding Goodwill": 0.0,
        "Net Income From Continuing Operation Net Minority Interest": 1080000.0,
        "Reconciled Depreciation": 118000.0,
        "Net Interest Income": 3841000.0,
        "Interest Expense": 1180000.0,
        "Interest Income": 5021000.0,
        "Normalized Income": 1080000.0,
        "Net Income From Continuing And Discontinued Operation": 1080000.0,
        "Diluted Average Shares": 6992368.0,
        "Basic Average Shares": 6939686.0,
        "Diluted EPS": 0.15,
        "Basic EPS": 0.15,
        "Diluted NI Availto Com Stockholders": 1063000.0,
        "Net Income Common Stockholders": 1063000.0,
        "Otherunder Preferred Stock Dividend": 17000.0,
        "Net Income": 1080000.0,
        "Net Income Including Noncontrolling Interests": 1080000.0,
        "Net Income Continuous Operations": 1080000.0,
        "Tax Provision": 297000.0,
        "Pretax Income": 1377000.0,
        "Gain On Sale Of Security": 0.0,
        "Selling General And Administration": 2030000.0,
        "Selling And Marketing Expense": 35000.0,
        "General And Administrative Expense": 1995000.0,
        "Other Gand A": NaN,
        "Insurance And Claims": 40000.0,
        "Salaries And Wages": 1955000.0,
        "Total Revenue": 4261000.0,
        "Operating Revenue": 4261000.0,
        "Occupancy And Equipment": 242000.0,
        "Professional Expense And Contract Services Expense": 196000.0,
        "Other Non Interest Expense": 416000.0
    },
    "2023-12-31": {
        "Tax Effect Of Unusual Items": -1005.015045,
        "Tax Rate For Calcs": 0.167503,
        "Total Unusual Items": -6000.0,
        "Total Unusual Items Excluding Goodwill": -6000.0,
        "Net Income From Continuing Operation Net Minority Interest": 830000.0,
        "Reconciled Depreciation": 119000.0,
        "Net Interest Income": 3755000.0,
        "Interest Expense": 1305000.0,
        "Interest Income": 5060000.0,
        "Normalized Income": 834994.984955,
        "Net Income From Continuing And Discontinued Operation": 830000.0,
        "Diluted Average Shares": NaN,
        "Basic Average Shares": NaN,
        "Diluted EPS": NaN,
        "Basic EPS": NaN,
        "Diluted NI Availto Com Stockholders": 819000.0,
        "Net Income Common Stockholders": 819000.0,
        "Otherunder Preferred Stock Dividend": 11000.0,
        "Net Income": 830000.0,
        "Net Income Including Noncontrolling Interests": 830000.0,
        "Net Income Continuous Operations": 830000.0,
        "Tax Provision": 167000.0,
        "Pretax Income": 997000.0,
        "Gain On Sale Of Security": NaN,
        "Selling General And Administration": 1935000.0,
        "Selling And Marketing Expense": 35000.0,
        "General And Administrative Expense": 1900000.0,
        "Other Gand A": NaN,
        "Insurance And Claims": 40000.0,
        "Salaries And Wages": 1860000.0,
        "Total Revenue": 4113000.0,
        "Operating Revenue": 4113000.0,
        "Occupancy And Equipment": 240000.0,
        "Professional Expense And Contract Services Expense": 267000.0,
        "Other Non Interest Expense": 427000.0
    },
    "2024-03-31": {
        "Tax Effect Of Unusual Items": 0.0,
        "Tax Rate For Calcs": 0.204,
        "Total Unusual Items": NaN,
        "Total Unusual Items Excluding Goodwill": NaN,
        "Net Income From Continuing Operation Net Minority Interest": 714000.0,
        "Reconciled Depreciation": 119000.0,
        "Net Interest Income": 3485000.0,
        "Interest Expense": 1559000.0,
        "Interest Income": 5044000.0,
        "Normalized Income": 714000.0,
        "Net Income From Continuing And Discontinued Operation": 714000.0,
        "Diluted Average Shares": 6782546.0,
        "Basic Average Shares": 6735943.0,
        "Diluted EPS": 0.11,
        "Basic EPS": 0.11,
        "Diluted NI Availto Com Stockholders": 726000.0,
        "Net Income Common Stockholders": 726000.0,
        "Otherunder Preferred Stock Dividend": -12000.0,
        "Net Income": 714000.0,
        "Net Income Including Noncontrolling Interests": 714000.0,
        "Net Income Continuous Operations": 714000.0,
        "Tax Provision": 183000.0,
        "Pretax Income": 897000.0,
        "Gain On Sale Of Security": 0.0,
        "Selling General And Administration": 2135000.0,
        "Selling And Marketing Expense": 30000.0,
        "General And Administrative Expense": 2105000.0,
        "Other Gand A": NaN,
        "Insurance And Claims": 38000.0,
        "Salaries And Wages": 2067000.0,
        "Total Revenue": 3910000.0,
        "Operating Revenue": 3910000.0,
        "Occupancy And Equipment": 239000.0,
        "Professional Expense And Contract Services Expense": 221000.0,
        "Other Non Interest Expense": 458000.0
    }
}