{
    "2023-04-30": {
        "Tax Effect Of Unusual Items": 0.0,
        "Tax Rate For Calcs": 0.286,
        "Normalized EBITDA": 45602000.0,
        "Net Income From Continuing Operation Net Minority Interest": 11808000.0,
        "Reconciled Depreciation": 19599000.0,
        "Reconciled Cost Of Revenue": 183212000.0,
        "EBITDA": 45602000.0,
        "EBIT": 26003000.0,
        "Net Interest Income": -9468000.0,
        "Interest Expense": 9468000.0,
        "Interest Income": NaN,
        "Normalized Income": 11808000.0,
        "Net Income From Continuing And Discontinued Operation": 11808000.0,
        "Total Expenses": 267791000.0,
        "Total Operating Income As Reported": 26063000.0,
        "Diluted Average Shares": 104027000.0,
        "Basic Average Shares": 103800000.0,
        "Diluted EPS": 0.11,
        "Basic EPS": 0.11,
        "Diluted NI Availto Com Stockholders": 11808000.0,
        "Net Income Common Stockholders": 11808000.0,
        "Net Income": 11808000.0,
        "Net Income Including Noncontrolling Interests": 11808000.0,
        "Net Income Continuous Operations": 11808000.0,
        "Tax Provision": 4727000.0,
        "Pretax Income": 16535000.0,
        "Other Income Expense": -60000.0,
        "Other Non Operating Income Expenses": -60000.0,
        "Net Non Operating Interest Income Expense": -9468000.0,
        "Interest Expense Non Operating": 9468000.0,
        "Interest Income Non Operating": NaN,
        "Operating Income": 26063000.0,
        "Operating Expense": 84579000.0,
        "Selling General And Administration": 84579000.0,
        "Selling And Marketing Expense": NaN,
        "General And Administrative Expense": 71228000.0,
        "Other Gand A": 71228000.0,
        "Gross Profit": 110642000.0,
        "Cost Of Revenue": 183212000.0,
        "Total Revenue": 293854000.0,
        "Operating Revenue": 285761000.0
    },
    "2023-01-31": {
        "Tax Effect Of Unusual Items": 0.0,
        "Tax Rate For Calcs": 0.343355,
        "Normalized EBITDA": 22617000.0,
        "Net Income From Continuing Operation Net Minority Interest": -3844000.0,
        "Reconciled Depreciation": 20102000.0,
        "Reconciled Cost Of Revenue": 205049000.0,
        "EBITDA": 22617000.0,
        "EBIT": 2515000.0,
        "Net Interest Income": -8369000.0,
        "Interest Expense": 8369000.0,
        "Interest Income": NaN,
        "Normalized Income": -3844000.0,
        "Net Income From Continuing And Discontinued Operation": -3844000.0,
        "Total Expenses": 326310000.0,
        "Total Operating Income As Reported": 2515000.0,
        "Diluted Average Shares": 103693000.0,
        "Basic Average Shares": 103693000.0,
        "Diluted EPS": -0.04,
        "Basic EPS": -0.04,
        "Diluted NI Availto Com Stockholders": -3844000.0,
        "Net Income Common Stockholders": -3844000.0,
        "Net Income": -3844000.0,
        "Net Income Including Noncontrolling Interests": -3844000.0,
        "Net Income Continuous Operations": -3844000.0,
        "Tax Provision": -2010000.0,
        "Pretax Income": -5854000.0,
        "Other Income Expense": NaN,
        "Other Non Operating Income Expenses": NaN,
        "Net Non Operating Interest Income Expense": -8369000.0,
        "Interest Expense Non Operating": 8369000.0,
        "Interest Income Non Operating": NaN,
        "Operating Income": 2515000.0,
        "Operating Expense": 121261000.0,
        "Selling General And Administration": 121261000.0,
        "Selling And Marketing Expense": NaN,
        "General And Administrative Expense": 105434000.0,
        "Other Gand A": 105434000.0,
        "Gross Profit": 123776000.0,
        "Cost Of Revenue": 205049000.0,
        "Total Revenue": 328825000.0,
        "Operating Revenue": 294817000.0
    },
    "2022-10-31": {
        "Tax Effect Of Unusual Items": NaN,
        "Tax Rate For Calcs": NaN,
        "Normalized EBITDA": NaN,
        "Net Income From Continuing Operation Net Minority Interest": NaN,
        "Reconciled Depreciation": NaN,
        "Reconciled Cost Of Revenue": NaN,
        "EBITDA": NaN,
        "EBIT": NaN,
        "Net Interest Income": NaN,
        "Interest Expense": NaN,
        "Interest Income": NaN,
        "Normalized Income": NaN,
        "Net Income From Continuing And Discontinued Operation": NaN,
        "Total Expenses": NaN,
        "Total Operating Income As Reported": NaN,
        "Diluted Average Shares": NaN,
        "Basic Average Shares": NaN,
        "Diluted EPS": NaN,
        "Basic EPS": NaN,
        "Diluted NI Availto Com Stockholders": NaN,
        "Net Income Common Stockholders": NaN,
        "Net Income": NaN,
        "Net Income Including Noncontrolling Interests": NaN,
        "Net Income Continuous Operations": NaN,
        "Tax Provision": NaN,
        "Pretax Income": NaN,
        "Other Income Expense": NaN,
        "Other Non Operating Income Expenses": NaN,
        "Net Non Operating Interest Income Expense": NaN,
        "Interest Expense Non Operating": NaN,
        "Interest Income Non Operating": NaN,
        "Operating Income": NaN,
        "Operating Expense": NaN,
        "Selling General And Administration": NaN,
        "Selling And Marketing Expense": NaN,
        "General And Administrative Expense": 69347000.0,
        "Other Gand A": 69347000.0,
        "Gross Profit": NaN,
        "Cost Of Revenue": NaN,
        "Total Revenue": NaN,
        "Operating Revenue": NaN
    },
    "2022-07-31": {
        "Tax Effect Of Unusual Items": 0.0,
        "Tax Rate For Calcs": 0.305,
        "Normalized EBITDA": 59105000.0,
        "Net Income From Continuing Operation Net Minority Interest": 22710000.0,
        "Reconciled Depreciation": 19689000.0,
        "Reconciled Cost Of Revenue": 222030000.0,
        "EBITDA": 59105000.0,
        "EBIT": 39416000.0,
        "Net Interest Income": -6745000.0,
        "Interest Expense": 6745000.0,
        "Interest Income": NaN,
        "Normalized Income": 22710000.0,
        "Net Income From Continuing And Discontinued Operation": 22710000.0,
        "Total Expenses": 301460000.0,
        "Total Operating Income As Reported": 39416000.0,
        "Diluted Average Shares": 103953000.0,
        "Basic Average Shares": 103836000.0,
        "Diluted EPS": 0.22,
        "Basic EPS": 0.22,
        "Diluted NI Availto Com Stockholders": 22710000.0,
        "Net Income Common Stockholders": 22710000.0,
        "Net Income": 22710000.0,
        "Net Income Including Noncontrolling Interests": 22710000.0,
        "Net Income Continuous Operations": 22710000.0,
        "Tax Provision": 9961000.0,
        "Pretax Income": 32671000.0,
        "Net Non Operating Interest Income Expense": -6745000.0,
        "Interest Expense Non Operating": 6745000.0,
        "Interest Income Non Operating": NaN,
        "Operating Income": 39416000.0,
        "Operating Expense": 79430000.0,
        "Selling General And Administration": 79430000.0,
        "Selling And Marketing Expense": 13502000.0,
        "General And Administrative Expense": 65928000.0,
        "Other Gand A": 65928000.0,
        "Gross Profit": 118846000.0,
        "Cost Of Revenue": 222030000.0,
        "Total Revenue": 340876000.0,
        "Operating Revenue": 340876000.0
    },
    "2022-04-30": {
        "Diluted EPS": 0.23,
        "Total Revenue": 333,
        "Gross Profit": 130,
        "Operating Income": 40,
        "EBIT": 60,
        "Net Income": 24
    },
    "2022-01-31": {
        "Diluted EPS": -0.2,
        "Total Revenue": 332,
        "Gross Profit": 118,
        "Operating Income": 16,
        "EBIT": 37,
        "Net Income": -23
    },
    "2021-10-31": {
        "Diluted EPS": -0.54,
        "Total Revenue": 306,
        "Gross Profit": 125,
        "Operating Income": 44,
        "EBIT": 63,
        "Net Income": -59
    },
    "2021-07-31": {
        "Diluted EPS": 0.35,
        "Total Revenue": 333,
        "Gross Profit": 150,
        "Operating Income": -40,
        "EBIT": -21,
        "Net Income": 39
    },
    "2021-04-30": {
        "Diluted EPS": 0.12,
        "Total Revenue": 326,
        "Gross Profit": 145,
        "Operating Income": 25,
        "EBIT": 45,
        "Net Income": 13
    },
    "2021-01-31": {
        "Diluted EPS": 0.0,
        "Total Revenue": NaN,
        "Gross Profit": NaN,
        "Operating Income": NaN,
        "EBIT": NaN,
        "Net Income": NaN
    },
    "2020-10-31": {
        "Diluted EPS": 0.04,
        "Total Revenue": 270,
        "Gross Profit": 96,
        "Operating Income": 15,
        "EBIT": 34,
        "Net Income": 4
    },
    "2020-07-31": {
        "Diluted EPS": 0.15,
        "Total Revenue": 249,
        "Gross Profit": 80,
        "Operating Income": 20,
        "EBIT": 20,
        "Net Income": 17
    },
    "2020-01-31": {
        "Diluted EPS": 0.0,
        "Total Revenue": NaN,
        "Gross Profit": NaN,
        "Operating Income": NaN,
        "EBIT": NaN,
        "Net Income": NaN
    },
    "2023-07-31": {
        "Tax Effect Of Unusual Items": NaN,
        "Tax Rate For Calcs": NaN,
        "Normalized EBITDA": NaN,
        "Net Income From Continuing Operation Net Minority Interest": NaN,
        "Reconciled Depreciation": NaN,
        "Reconciled Cost Of Revenue": NaN,
        "EBITDA": NaN,
        "EBIT": NaN,
        "Net Interest Income": NaN,
        "Interest Expense": NaN,
        "Interest Income": 89000.0,
        "Normalized Income": NaN,
        "Net Income From Continuing And Discontinued Operation": NaN,
        "Total Expenses": NaN,
        "Total Operating Income As Reported": NaN,
        "Diluted Average Shares": NaN,
        "Basic Average Shares": NaN,
        "Diluted EPS": NaN,
        "Basic EPS": NaN,
        "Diluted NI Availto Com Stockholders": NaN,
        "Net Income Common Stockholders": NaN,
        "Net Income": NaN,
        "Net Income Including Noncontrolling Interests": NaN,
        "Net Income Continuous Operations": NaN,
        "Tax Provision": NaN,
        "Pretax Income": NaN,
        "Other Income Expense": 89000.0,
        "Other Non Operating Income Expenses": 89000.0,
        "Net Non Operating Interest Income Expense": NaN,
        "Interest Expense Non Operating": NaN,
        "Interest Income Non Operating": 89000.0,
        "Operating Income": NaN,
        "Operating Expense": NaN,
        "Selling General And Administration": NaN,
        "Selling And Marketing Expense": NaN,
        "General And Administrative Expense": NaN,
        "Other Gand A": NaN,
        "Gross Profit": NaN,
        "Cost Of Revenue": NaN,
        "Total Revenue": NaN,
        "Operating Revenue": NaN
    },
    "2023-10-31": {
        "Tax Effect Of Unusual Items": NaN,
        "Tax Rate For Calcs": NaN,
        "Normalized EBITDA": NaN,
        "Net Income From Continuing Operation Net Minority Interest": NaN,
        "Reconciled Depreciation": NaN,
        "Reconciled Cost Of Revenue": NaN,
        "EBITDA": NaN,
        "EBIT": NaN,
        "Net Interest Income": NaN,
        "Interest Expense": NaN,
        "Interest Income": NaN,
        "Normalized Income": NaN,
        "Net Income From Continuing And Discontinued Operation": NaN,
        "Total Expenses": NaN,
        "Total Operating Income As Reported": NaN,
        "Diluted Average Shares": NaN,
        "Basic Average Shares": NaN,
        "Diluted EPS": NaN,
        "Basic EPS": NaN,
        "Diluted NI Availto Com Stockholders": NaN,
        "Net Income Common Stockholders": NaN,
        "Net Income": NaN,
        "Net Income Including Noncontrolling Interests": NaN,
        "Net Income Continuous Operations": NaN,
        "Tax Provision": NaN,
        "Pretax Income": NaN,
        "Other Income Expense": -267000.0,
        "Other Non Operating Income Expenses": -267000.0,
        "Net Non Operating Interest Income Expense": NaN,
        "Interest Expense Non Operating": NaN,
        "Interest Income Non Operating": NaN,
        "Operating Income": NaN,
        "Operating Expense": NaN,
        "Selling General And Administration": NaN,
        "Selling And Marketing Expense": NaN,
        "General And Administrative Expense": NaN,
        "Other Gand A": NaN,
        "Gross Profit": NaN,
        "Cost Of Revenue": NaN,
        "Total Revenue": NaN,
        "Operating Revenue": NaN
    },
    "2024-04-30": {
        "Tax Effect Of Unusual Items": NaN,
        "Tax Rate For Calcs": NaN,
        "Normalized EBITDA": NaN,
        "Net Income From Continuing Operation Net Minority Interest": NaN,
        "Reconciled Depreciation": NaN,
        "Reconciled Cost Of Revenue": NaN,
        "EBITDA": NaN,
        "EBIT": NaN,
        "Net Interest Income": NaN,
        "Interest Expense": NaN,
        "Interest Income": NaN,
        "Normalized Income": NaN,
        "Net Income From Continuing And Discontinued Operation": NaN,
        "Total Expenses": NaN,
        "Total Operating Income As Reported": NaN,
        "Diluted Average Shares": 105247000.0,
        "Basic Average Shares": 104268000.0,
        "Diluted EPS": 0.12,
        "Basic EPS": 0.12,
        "Diluted NI Availto Com Stockholders": NaN,
        "Net Income Common Stockholders": NaN,
        "Net Income": NaN,
        "Net Income Including Noncontrolling Interests": NaN,
        "Net Income Continuous Operations": NaN,
        "Tax Provision": NaN,
        "Pretax Income": NaN,
        "Other Income Expense": -110000.0,
        "Other Non Operating Income Expenses": -110000.0,
        "Net Non Operating Interest Income Expense": NaN,
        "Interest Expense Non Operating": NaN,
        "Interest Income Non Operating": NaN,
        "Operating Income": NaN,
        "Operating Expense": NaN,
        "Selling General And Administration": NaN,
        "Selling And Marketing Expense": NaN,
        "General And Administrative Expense": NaN,
        "Other Gand A": NaN,
        "Gross Profit": NaN,
        "Cost Of Revenue": NaN,
        "Total Revenue": NaN,
        "Operating Revenue": NaN
    },
    "2024-01-31": {
        "Tax Effect Of Unusual Items": NaN,
        "Tax Rate For Calcs": NaN,
        "Normalized EBITDA": NaN,
        "Net Income From Continuing Operation Net Minority Interest": NaN,
        "Reconciled Depreciation": NaN,
        "Reconciled Cost Of Revenue": NaN,
        "EBITDA": NaN,
        "EBIT": NaN,
        "Net Interest Income": NaN,
        "Interest Expense": NaN,
        "Interest Income": NaN,
        "Normalized Income": NaN,
        "Net Income From Continuing And Discontinued Operation": NaN,
        "Total Expenses": NaN,
        "Total Operating Income As Reported": NaN,
        "Diluted Average Shares": 104137000.0,
        "Basic Average Shares": 104137000.0,
        "Diluted EPS": -0.04,
        "Basic EPS": -0.04,
        "Diluted NI Availto Com Stockholders": NaN,
        "Net Income Common Stockholders": NaN,
        "Net Income": NaN,
        "Net Income Including Noncontrolling Interests": NaN,
        "Net Income Continuous Operations": NaN,
        "Tax Provision": NaN,
        "Pretax Income": NaN,
        "Other Income Expense": NaN,
        "Other Non Operating Income Expenses": NaN,
        "Net Non Operating Interest Income Expense": NaN,
        "Interest Expense Non Operating": NaN,
        "Interest Income Non Operating": NaN,
        "Operating Income": NaN,
        "Operating Expense": NaN,
        "Selling General And Administration": NaN,
        "Selling And Marketing Expense": NaN,
        "General And Administrative Expense": NaN,
        "Other Gand A": NaN,
        "Gross Profit": NaN,
        "Cost Of Revenue": NaN,
        "Total Revenue": NaN,
        "Operating Revenue": NaN
    },
    "2024-07-31": {
        "Tax Effect Of Unusual Items": 0.0,
        "Tax Rate For Calcs": 0.269153,
        "Normalized EBITDA": 39911000.0,
        "Net Income From Continuing Operation Net Minority Interest": 8328000.0,
        "Reconciled Depreciation": 19374000.0,
        "Reconciled Cost Of Revenue": 174380000.0,
        "EBITDA": 39911000.0,
        "EBIT": 20537000.0,
        "Net Interest Income": -9018000.0,
        "Interest Expense": 9142000.0,
        "Interest Income": 124000.0,
        "Normalized Income": 8328000.0,
        "Net Income From Continuing And Discontinued Operation": 8328000.0,
        "Total Expenses": 264225000.0,
        "Total Operating Income As Reported": 20413000.0,
        "Diluted Average Shares": 106074000.0,
        "Basic Average Shares": 104500000.0,
        "Diluted EPS": 0.08,
        "Basic EPS": 0.08,
        "Diluted NI Availto Com Stockholders": 8328000.0,
        "Net Income Common Stockholders": 8328000.0,
        "Net Income": 8328000.0,
        "Net Income Including Noncontrolling Interests": 8328000.0,
        "Net Income Continuous Operations": 8328000.0,
        "Tax Provision": 3067000.0,
        "Pretax Income": 11395000.0,
        "Other Income Expense": 124000.0,
        "Other Non Operating Income Expenses": 124000.0,
        "Net Non Operating Interest Income Expense": -9018000.0,
        "Interest Expense Non Operating": 9142000.0,
        "Interest Income Non Operating": 124000.0,
        "Operating Income": 20413000.0,
        "Operating Expense": 89845000.0,
        "Selling General And Administration": 89845000.0,
        "Selling And Marketing Expense": 13007000.0,
        "General And Administrative Expense": 76838000.0,
        "Other Gand A": 76838000.0,
        "Gross Profit": 110258000.0,
        "Cost Of Revenue": 174380000.0,
        "Total Revenue": 284638000.0,
        "Operating Revenue": 277318000.0
    },
    "2024-10-31": {
        "Tax Effect Of Unusual Items": 0.0,
        "Tax Rate For Calcs": 0.021,
        "Normalized EBITDA": 26653000.0,
        "Net Income From Continuing Operation Net Minority Interest": -1194000.0,
        "Reconciled Depreciation": 19089000.0,
        "Reconciled Cost Of Revenue": 168609000.0,
        "EBITDA": 26653000.0,
        "EBIT": 7564000.0,
        "Net Interest Income": -8784000.0,
        "Interest Expense": 8784000.0,
        "Interest Income": NaN,
        "Normalized Income": -1194000.0,
        "Net Income From Continuing And Discontinued Operation": -1194000.0,
        "Total Expenses": 256564000.0,
        "Total Operating Income As Reported": 7202000.0,
        "Diluted Average Shares": 104698000.0,
        "Basic Average Shares": 104698000.0,
        "Diluted EPS": -0.01,
        "Basic EPS": -0.01,
        "Diluted NI Availto Com Stockholders": -1194000.0,
        "Net Income Common Stockholders": -1194000.0,
        "Net Income": -1194000.0,
        "Net Income Including Noncontrolling Interests": -1194000.0,
        "Net Income Continuous Operations": -1194000.0,
        "Tax Provision": -26000.0,
        "Pretax Income": -1220000.0,
        "Other Income Expense": 362000.0,
        "Other Non Operating Income Expenses": 362000.0,
        "Net Non Operating Interest Income Expense": -8784000.0,
        "Interest Expense Non Operating": 8784000.0,
        "Interest Income Non Operating": NaN,
        "Operating Income": 7202000.0,
        "Operating Expense": 87955000.0,
        "Selling General And Administration": 87955000.0,
        "Selling And Marketing Expense": 13056000.0,
        "General And Administrative Expense": 74899000.0,
        "Other Gand A": 74899000.0,
        "Gross Profit": 95157000.0,
        "Cost Of Revenue": 168609000.0,
        "Total Revenue": 263766000.0,
        "Operating Revenue": 255689000.0
    },
    "2025-01-31": {
        "Tax Effect Of Unusual Items": 0.0,
        "Tax Rate For Calcs": 0.21,
        "Normalized EBITDA": 22644000.0,
        "Net Income From Continuing Operation Net Minority Interest": -2988000.0,
        "Reconciled Depreciation": 19542000.0,
        "Reconciled Cost Of Revenue": 182927000.0,
        "EBITDA": 22644000.0,
        "EBIT": 3102000.0,
        "Net Interest Income": -8302000.0,
        "Interest Expense": 8330000.0,
        "Interest Income": NaN,
        "Normalized Income": -2988000.0,
        "Net Income From Continuing And Discontinued Operation": -2988000.0,
        "Total Expenses": 272112000.0,
        "Total Operating Income As Reported": 3450000.0,
        "Diluted Average Shares": NaN,
        "Basic Average Shares": NaN,
        "Diluted EPS": NaN,
        "Basic EPS": NaN,
        "Diluted NI Availto Com Stockholders": -2988000.0,
        "Net Income Common Stockholders": -2988000.0,
        "Net Income": -2988000.0,
        "Net Income Including Noncontrolling Interests": -2988000.0,
        "Net Income Continuous Operations": -2988000.0,
        "Tax Provision": -2240000.0,
        "Pretax Income": -5228000.0,
        "Other Income Expense": NaN,
        "Other Non Operating Income Expenses": NaN,
        "Net Non Operating Interest Income Expense": -8302000.0,
        "Interest Expense Non Operating": 8330000.0,
        "Interest Income Non Operating": NaN,
        "Operating Income": 3450000.0,
        "Operating Expense": 89185000.0,
        "Selling General And Administration": 89185000.0,
        "Selling And Marketing Expense": 15356000.0,
        "General And Administrative Expense": 73829000.0,
        "Other Gand A": 73829000.0,
        "Gross Profit": 92635000.0,
        "Cost Of Revenue": 182927000.0,
        "Total Revenue": 275562000.0,
        "Operating Revenue": 265733000.0
    },
    "2025-04-30": {
        "Tax Effect Of Unusual Items": 0.0,
        "Tax Rate For Calcs": 0.307,
        "Normalized EBITDA": 35452000.0,
        "Net Income From Continuing Operation Net Minority Interest": 5940000.0,
        "Reconciled Depreciation": 18719000.0,
        "Reconciled Cost Of Revenue": 164563000.0,
        "EBITDA": 35452000.0,
        "EBIT": 16733000.0,
        "Net Interest Income": -7455000.0,
        "Interest Expense": 8161000.0,
        "Interest Income": 706000.0,
        "Normalized Income": 5940000.0,
        "Net Income From Continuing And Discontinued Operation": 5940000.0,
        "Total Expenses": 249938000.0,
        "Total Operating Income As Reported": 16027000.0,
        "Diluted Average Shares": 106041000.0,
        "Basic Average Shares": 104915000.0,
        "Diluted EPS": 0.06,
        "Basic EPS": 0.06,
        "Diluted NI Availto Com Stockholders": 5940000.0,
        "Net Income Common Stockholders": 5940000.0,
        "Net Income": 5940000.0,
        "Net Income Including Noncontrolling Interests": 5940000.0,
        "Net Income Continuous Operations": 5940000.0,
        "Tax Provision": 2632000.0,
        "Pretax Income": 8572000.0,
        "Other Income Expense": NaN,
        "Other Non Operating Income Expenses": NaN,
        "Net Non Operating Interest Income Expense": -7455000.0,
        "Interest Expense Non Operating": 8161000.0,
        "Interest Income Non Operating": 706000.0,
        "Operating Income": 16027000.0,
        "Operating Expense": 85375000.0,
        "Selling General And Administration": 85375000.0,
        "Selling And Marketing Expense": 15359000.0,
        "General And Administrative Expense": 70016000.0,
        "Other Gand A": 70016000.0,
        "Gross Profit": 101402000.0,
        "Cost Of Revenue": 164563000.0,
        "Total Revenue": 265965000.0,
        "Operating Revenue": 258040000.0
    },
    "2025-07-31": {
        "Tax Effect Of Unusual Items": 0.0,
        "Tax Rate For Calcs": 0.237098,
        "Normalized EBITDA": 28621000.0,
        "Net Income From Continuing Operation Net Minority Interest": 1567000.0,
        "Reconciled Depreciation": 18448000.0,
        "Reconciled Cost Of Revenue": 169318000.0,
        "EBITDA": 28621000.0,
        "EBIT": 10173000.0,
        "Net Interest Income": -8106000.0,
        "Interest Expense": 8119000.0,
        "Interest Income": 13000.0,
        "Normalized Income": 1567000.0,
        "Net Income From Continuing And Discontinued Operation": 1567000.0,
        "Total Expenses": 252646000.0,
        "Total Operating Income As Reported": 10160000.0,
        "Diluted Average Shares": 102746000.0,
        "Basic Average Shares": 102470000.0,
        "Diluted EPS": 0.02,
        "Basic EPS": 0.02,
        "Diluted NI Availto Com Stockholders": 1567000.0,
        "Net Income Common Stockholders": 1567000.0,
        "Net Income": 1567000.0,
        "Net Income Including Noncontrolling Interests": 1567000.0,
        "Net Income Continuous Operations": 1567000.0,
        "Tax Provision": 487000.0,
        "Pretax Income": 2054000.0,
        "Other Income Expense": NaN,
        "Other Non Operating Income Expenses": NaN,
        "Net Non Operating Interest Income Expense": -8106000.0,
        "Interest Expense Non Operating": 8119000.0,
        "Interest Income Non Operating": 13000.0,
        "Operating Income": 10160000.0,
        "Operating Expense": 83328000.0,
        "Selling General And Administration": 83328000.0,
        "Selling And Marketing Expense": 12817000.0,
        "General And Administrative Expense": 70511000.0,
        "Other Gand A": 70511000.0,
        "Gross Profit": 93488000.0,
        "Cost Of Revenue": 169318000.0,
        "Total Revenue": 262806000.0,
        "Operating Revenue": 254868000.0
    }
}