{
    "2023-06-30": {
        "Tax Effect Of Unusual Items": 0.0,
        "Tax Rate For Calcs": 0.2465,
        "Total Unusual Items": NaN,
        "Total Unusual Items Excluding Goodwill": NaN,
        "Net Income From Continuing Operation Net Minority Interest": 6282000.0,
        "Reconciled Depreciation": 2409000.0,
        "Net Interest Income": 20205000.0,
        "Interest Expense": 5782000.0,
        "Interest Income": 25987000.0,
        "Normalized Income": 6282000.0,
        "Net Income From Continuing And Discontinued Operation": 6282000.0,
        "Diluted Average Shares": 11740390.0,
        "Basic Average Shares": 11723127.0,
        "Diluted EPS": 0.54,
        "Basic EPS": 0.54,
        "Diluted NI Availto Com Stockholders": 6282000.0,
        "Net Income Common Stockholders": 6282000.0,
        "Net Income": 6282000.0,
        "Net Income Including Noncontrolling Interests": 6282000.0,
        "Net Income Continuous Operations": 6282000.0,
        "Tax Provision": 2055000.0,
        "Pretax Income": 8337000.0,
        "Special Income Charges": NaN,
        "Other Special Charges": NaN,
        "Gain On Sale Of Security": -39000.0,
        "Depreciation Amortization Depletion Income Statement": 34000.0,
        "Depreciation And Amortization In Income Statement": 34000.0,
        "Amortization": 34000.0,
        "Amortization Of Intangibles Income Statement": 34000.0,
        "Selling General And Administration": 8314000.0,
        "Selling And Marketing Expense": 124000.0,
        "General And Administrative Expense": 8190000.0,
        "Insurance And Claims": NaN,
        "Salaries And Wages": 8190000.0,
        "Total Revenue": 21508000.0,
        "Operating Revenue": 21508000.0
    },
    "2023-03-31": {
        "Tax Effect Of Unusual Items": -20160.0,
        "Tax Rate For Calcs": 0.252,
        "Total Unusual Items": -80000.0,
        "Total Unusual Items Excluding Goodwill": -80000.0,
        "Net Income From Continuing Operation Net Minority Interest": 6970000.0,
        "Reconciled Depreciation": 2464000.0,
        "Net Interest Income": 21581000.0,
        "Interest Expense": 2562000.0,
        "Interest Income": 24143000.0,
        "Normalized Income": 7029840.0,
        "Net Income From Continuing And Discontinued Operation": 6970000.0,
        "Diluted Average Shares": 11731135.0,
        "Basic Average Shares": 11703813.0,
        "Diluted EPS": 0.59,
        "Basic EPS": 0.6,
        "Diluted NI Availto Com Stockholders": 6970000.0,
        "Net Income Common Stockholders": 6970000.0,
        "Net Income": 6970000.0,
        "Net Income Including Noncontrolling Interests": 6970000.0,
        "Net Income Continuous Operations": 6970000.0,
        "Tax Provision": 2348000.0,
        "Pretax Income": 9318000.0,
        "Special Income Charges": -80000.0,
        "Other Special Charges": 80000.0,
        "Gain On Sale Of Security": -219000.0,
        "Depreciation Amortization Depletion Income Statement": 51000.0,
        "Depreciation And Amortization In Income Statement": 51000.0,
        "Amortization": 51000.0,
        "Amortization Of Intangibles Income Statement": 51000.0,
        "Selling General And Administration": 8647000.0,
        "Selling And Marketing Expense": 125000.0,
        "General And Administrative Expense": 8522000.0,
        "Insurance And Claims": 66000.0,
        "Salaries And Wages": 8456000.0,
        "Total Revenue": 22825000.0,
        "Operating Revenue": 22825000.0
    },
    "2022-12-31": {
        "Tax Effect Of Unusual Items": -14028.898371,
        "Tax Rate For Calcs": 0.259794,
        "Total Unusual Items": -54000.0,
        "Total Unusual Items Excluding Goodwill": -54000.0,
        "Net Income From Continuing Operation Net Minority Interest": 7633000.0,
        "Reconciled Depreciation": 2630000.0,
        "Net Interest Income": 21995000.0,
        "Interest Expense": 1354000.0,
        "Interest Income": 23349000.0,
        "Normalized Income": 7672971.101629,
        "Net Income From Continuing And Discontinued Operation": 7633000.0,
        "Diluted Average Shares": 11708753.0,
        "Basic Average Shares": 11690410.0,
        "Diluted EPS": 0.65,
        "Basic EPS": 0.65,
        "Diluted NI Availto Com Stockholders": 7633000.0,
        "Net Income Common Stockholders": 7633000.0,
        "Net Income": 7633000.0,
        "Net Income Including Noncontrolling Interests": 7633000.0,
        "Net Income Continuous Operations": 7633000.0,
        "Tax Provision": 2679000.0,
        "Pretax Income": 10312000.0,
        "Special Income Charges": -54000.0,
        "Other Special Charges": 54000.0,
        "Gain On Sale Of Security": -953000.0,
        "Depreciation Amortization Depletion Income Statement": 51000.0,
        "Depreciation And Amortization In Income Statement": 51000.0,
        "Amortization": 51000.0,
        "Amortization Of Intangibles Income Statement": 51000.0,
        "Selling General And Administration": 2050000.0,
        "Selling And Marketing Expense": 141000.0,
        "General And Administrative Expense": 1909000.0,
        "Insurance And Claims": 66000.0,
        "Salaries And Wages": 7618000.0,
        "Total Revenue": 22658000.0,
        "Operating Revenue": 22658000.0
    },
    "2022-09-30": {
        "Tax Effect Of Unusual Items": 0.0,
        "Tax Rate For Calcs": 0.2351,
        "Total Unusual Items": NaN,
        "Total Unusual Items Excluding Goodwill": NaN,
        "Net Income From Continuing Operation Net Minority Interest": 6384000.0,
        "Reconciled Depreciation": 139000.0,
        "Net Interest Income": 20164000.0,
        "Interest Expense": 828000.0,
        "Interest Income": 20992000.0,
        "Normalized Income": 6384000.0,
        "Net Income From Continuing And Discontinued Operation": 6384000.0,
        "Diluted Average Shares": 11689323.0,
        "Basic Average Shares": 11678532.0,
        "Diluted EPS": 0.55,
        "Basic EPS": 0.55,
        "Diluted NI Availto Com Stockholders": 6384000.0,
        "Net Income Common Stockholders": 6384000.0,
        "Net Income": 6384000.0,
        "Net Income Including Noncontrolling Interests": 6384000.0,
        "Net Income Continuous Operations": 6384000.0,
        "Tax Provision": 1962000.0,
        "Pretax Income": 8346000.0,
        "Special Income Charges": NaN,
        "Other Special Charges": NaN,
        "Gain On Sale Of Security": -14000.0,
        "Depreciation Amortization Depletion Income Statement": 139000.0,
        "Depreciation And Amortization In Income Statement": 139000.0,
        "Amortization": 139000.0,
        "Amortization Of Intangibles Income Statement": 139000.0,
        "Selling General And Administration": 9449000.0,
        "Selling And Marketing Expense": 138000.0,
        "General And Administrative Expense": 9311000.0,
        "Other Gand A": 1663000.0,
        "Insurance And Claims": NaN,
        "Salaries And Wages": 7648000.0,
        "Total Revenue": 21311000.0,
        "Operating Revenue": 21311000.0
    },
    "2022-06-30": {
        "Tax Effect Of Unusual Items": 0.0,
        "Tax Rate For Calcs": 0.2301,
        "Total Unusual Items": NaN,
        "Total Unusual Items Excluding Goodwill": NaN,
        "Net Income From Continuing Operation Net Minority Interest": 6542000.0,
        "Reconciled Depreciation": 140000.0,
        "Net Interest Income": 19810000.0,
        "Interest Expense": 655000.0,
        "Interest Income": 20465000.0,
        "Normalized Income": 6542000.0,
        "Net Income From Continuing And Discontinued Operation": 6542000.0,
        "Diluted Average Shares": 11685850.0,
        "Basic Average Shares": 11665074.0,
        "Diluted EPS": 0.56,
        "Basic EPS": 0.56,
        "Diluted NI Availto Com Stockholders": 6542000.0,
        "Net Income Common Stockholders": 6542000.0,
        "Net Income": 6542000.0,
        "Net Income Including Noncontrolling Interests": 6542000.0,
        "Net Income Continuous Operations": 6542000.0,
        "Tax Provision": 1955000.0,
        "Pretax Income": 8497000.0,
        "Special Income Charges": NaN,
        "Other Special Charges": NaN,
        "Gain On Sale Of Security": -969000.0,
        "Depreciation Amortization Depletion Income Statement": 140000.0,
        "Depreciation And Amortization In Income Statement": 140000.0,
        "Amortization": 140000.0,
        "Amortization Of Intangibles Income Statement": 140000.0,
        "Selling General And Administration": 8872000.0,
        "Selling And Marketing Expense": 138000.0,
        "General And Administrative Expense": 8734000.0,
        "Other Gand A": 1570000.0,
        "Insurance And Claims": NaN,
        "Salaries And Wages": 7164000.0,
        "Total Revenue": 20295000.0,
        "Operating Revenue": 20295000.0
    },
    "2022-03-31": {
        "Diluted EPS": 0.51,
        "Total Revenue": 20,
        "Gross Profit": 19,
        "Operating Income": 8,
        "EBIT": NaN,
        "Net Income": 6
    },
    "2021-12-31": {
        "Diluted EPS": 0.57,
        "Total Revenue": 22,
        "Gross Profit": 21,
        "Operating Income": 9,
        "EBIT": NaN,
        "Net Income": 7
    },
    "2021-09-30": {
        "Diluted EPS": 0.54,
        "Total Revenue": 21,
        "Gross Profit": 20,
        "Operating Income": 9,
        "EBIT": NaN,
        "Net Income": 7
    },
    "2021-06-30": {
        "Diluted EPS": 0.6,
        "Total Revenue": 20,
        "Gross Profit": 20,
        "Operating Income": 10,
        "EBIT": NaN,
        "Net Income": 8
    },
    "2021-03-31": {
        "Diluted EPS": 0.6,
        "Total Revenue": 20,
        "Gross Profit": 20,
        "Operating Income": 10,
        "EBIT": NaN,
        "Net Income": 7
    },
    "2020-12-31": {
        "Diluted EPS": 0.57,
        "Total Revenue": 20,
        "Gross Profit": 20,
        "Operating Income": 9,
        "EBIT": NaN,
        "Net Income": 7
    },
    "2020-09-30": {
        "Diluted EPS": 0.35,
        "Total Revenue": 19,
        "Gross Profit": 18,
        "Operating Income": 6,
        "EBIT": NaN,
        "Net Income": 4
    },
    "2020-06-30": {
        "Diluted EPS": 0.18,
        "Total Revenue": 18,
        "Gross Profit": 18,
        "Operating Income": 3,
        "EBIT": NaN,
        "Net Income": 2
    },
    "2020-03-31": {
        "Diluted EPS": 0.52,
        "Total Revenue": 23,
        "Gross Profit": 23,
        "Operating Income": 9,
        "EBIT": NaN,
        "Net Income": 7
    },
    "2019-12-31": {
        "Diluted EPS": 0.34,
        "Total Revenue": 18,
        "Gross Profit": 18,
        "Operating Income": 6,
        "EBIT": NaN,
        "Net Income": 4
    },
    "2019-09-30": {
        "Diluted EPS": 0.42,
        "Total Revenue": 21,
        "Gross Profit": 20,
        "Operating Income": 8,
        "EBIT": NaN,
        "Net Income": 6
    },
    "2019-06-30": {
        "Diluted EPS": 0.45,
        "Total Revenue": 21,
        "Gross Profit": 21,
        "Operating Income": 8,
        "EBIT": NaN,
        "Net Income": 6
    },
    "2019-03-31": {
        "Diluted EPS": 0.38,
        "Total Revenue": 19,
        "Gross Profit": 19,
        "Operating Income": 7,
        "EBIT": NaN,
        "Net Income": 5
    },
    "2018-12-31": {
        "Diluted EPS": 0.38,
        "Total Revenue": 19,
        "Gross Profit": 18,
        "Operating Income": 7,
        "EBIT": NaN,
        "Net Income": 5
    },
    "2018-09-30": {
        "Diluted EPS": 0.42,
        "Total Revenue": 19,
        "Gross Profit": 18,
        "Operating Income": 8,
        "EBIT": NaN,
        "Net Income": 6
    },
    "2018-06-30": {
        "Diluted EPS": 0.36,
        "Total Revenue": 18,
        "Gross Profit": 18,
        "Operating Income": 7,
        "EBIT": NaN,
        "Net Income": 5
    },
    "2018-03-31": {
        "Diluted EPS": 0.38,
        "Total Revenue": 19,
        "Gross Profit": 18,
        "Operating Income": 7,
        "EBIT": NaN,
        "Net Income": 5
    },
    "2017-12-31": {
        "Diluted EPS": -0.01,
        "Total Revenue": 18,
        "Gross Profit": 18,
        "Operating Income": 6,
        "EBIT": NaN,
        "Net Income": 0
    },
    "2017-09-30": {
        "Diluted EPS": 0.36,
        "Total Revenue": 16,
        "Gross Profit": 16,
        "Operating Income": 7,
        "EBIT": NaN,
        "Net Income": 4
    },
    "2017-06-30": {
        "Diluted EPS": 0.4,
        "Total Revenue": 18,
        "Gross Profit": 18,
        "Operating Income": 8,
        "EBIT": NaN,
        "Net Income": 5
    },
    "2017-03-31": {
        "Diluted EPS": 0.35,
        "Total Revenue": 16,
        "Gross Profit": 16,
        "Operating Income": 6,
        "EBIT": NaN,
        "Net Income": 4
    },
    "2016-12-31": {
        "Diluted EPS": 0.19,
        "Total Revenue": 15,
        "Gross Profit": 15,
        "Operating Income": 5,
        "EBIT": NaN,
        "Net Income": 3
    },
    "2016-09-30": {
        "Diluted EPS": 0.28,
        "Total Revenue": 13,
        "Gross Profit": 13,
        "Operating Income": 5,
        "EBIT": NaN,
        "Net Income": 3
    },
    "2016-06-30": {
        "Diluted EPS": 0.55,
        "Total Revenue": 14,
        "Gross Profit": 14,
        "Operating Income": 9,
        "EBIT": NaN,
        "Net Income": 6
    },
    "2016-03-31": {
        "Diluted EPS": 0.31,
        "Total Revenue": 14,
        "Gross Profit": 13,
        "Operating Income": 5,
        "EBIT": NaN,
        "Net Income": 3
    },
    "2015-12-31": {
        "Diluted EPS": 0.27,
        "Total Revenue": 13,
        "Gross Profit": 13,
        "Operating Income": 4,
        "EBIT": NaN,
        "Net Income": 3
    },
    "2015-09-30": {
        "Diluted EPS": 0.23,
        "Total Revenue": 12,
        "Gross Profit": 12,
        "Operating Income": 3,
        "EBIT": NaN,
        "Net Income": 3
    },
    "2015-06-30": {
        "Diluted EPS": 0.28,
        "Total Revenue": 13,
        "Gross Profit": 13,
        "Operating Income": 4,
        "EBIT": NaN,
        "Net Income": 3
    },
    "2015-03-31": {
        "Diluted EPS": 0.22,
        "Total Revenue": 13,
        "Gross Profit": 12,
        "Operating Income": 3,
        "EBIT": NaN,
        "Net Income": 2
    },
    "2014-12-31": {
        "Diluted EPS": -0.21,
        "Total Revenue": 12,
        "Gross Profit": 12,
        "Operating Income": -5,
        "EBIT": NaN,
        "Net Income": -2
    },
    "2014-09-30": {
        "Diluted EPS": 0.21,
        "Total Revenue": 12,
        "Gross Profit": 12,
        "Operating Income": 3,
        "EBIT": NaN,
        "Net Income": 2
    },
    "2014-06-30": {
        "Diluted EPS": 0.24,
        "Total Revenue": 12,
        "Gross Profit": 12,
        "Operating Income": 4,
        "EBIT": NaN,
        "Net Income": 3
    },
    "2014-03-31": {
        "Diluted EPS": 0.24,
        "Total Revenue": 12,
        "Gross Profit": 12,
        "Operating Income": 3,
        "EBIT": NaN,
        "Net Income": 3
    },
    "2013-12-31": {
        "Diluted EPS": 0.21,
        "Total Revenue": 12,
        "Gross Profit": 11,
        "Operating Income": 3,
        "EBIT": NaN,
        "Net Income": 2
    },
    "2013-09-30": {
        "Diluted EPS": 0.26,
        "Total Revenue": 13,
        "Gross Profit": 12,
        "Operating Income": 4,
        "EBIT": NaN,
        "Net Income": 3
    },
    "2013-06-30": {
        "Diluted EPS": 0.12,
        "Total Revenue": 9,
        "Gross Profit": 9,
        "Operating Income": 2,
        "EBIT": NaN,
        "Net Income": 1
    },
    "2013-03-31": {
        "Diluted EPS": 0.18,
        "Total Revenue": 9,
        "Gross Profit": 9,
        "Operating Income": 2,
        "EBIT": NaN,
        "Net Income": 2
    },
    "2012-12-31": {
        "Diluted EPS": 0.16,
        "Total Revenue": 9,
        "Gross Profit": 9,
        "Operating Income": 2,
        "EBIT": NaN,
        "Net Income": 2
    },
    "2012-09-30": {
        "Diluted EPS": 0.25,
        "Total Revenue": 10,
        "Gross Profit": 10,
        "Operating Income": 3,
        "EBIT": NaN,
        "Net Income": 2
    },
    "2012-06-30": {
        "Diluted EPS": 0.17,
        "Total Revenue": 9,
        "Gross Profit": 9,
        "Operating Income": 2,
        "EBIT": NaN,
        "Net Income": 2
    },
    "2012-03-31": {
        "Diluted EPS": 0.17,
        "Total Revenue": 10,
        "Gross Profit": 9,
        "Operating Income": 2,
        "EBIT": NaN,
        "Net Income": 2
    },
    "2011-12-31": {
        "Diluted EPS": 0.16,
        "Total Revenue": 10,
        "Gross Profit": 9,
        "Operating Income": 2,
        "EBIT": NaN,
        "Net Income": 2
    },
    "2011-09-30": {
        "Diluted EPS": 0.13,
        "Total Revenue": 10,
        "Gross Profit": 10,
        "Operating Income": 2,
        "EBIT": NaN,
        "Net Income": 1
    },
    "2011-06-30": {
        "Diluted EPS": 0.18,
        "Total Revenue": 10,
        "Gross Profit": 9,
        "Operating Income": 2,
        "EBIT": NaN,
        "Net Income": 2
    },
    "2011-03-31": {
        "Diluted EPS": 0.16,
        "Total Revenue": 10,
        "Gross Profit": 9,
        "Operating Income": 2,
        "EBIT": NaN,
        "Net Income": 1
    },
    "2010-12-31": {
        "Diluted EPS": 0.06,
        "Total Revenue": 9,
        "Gross Profit": 8,
        "Operating Income": 0,
        "EBIT": NaN,
        "Net Income": 1
    },
    "2010-09-30": {
        "Diluted EPS": 0.08,
        "Total Revenue": 10,
        "Gross Profit": 9,
        "Operating Income": 1,
        "EBIT": NaN,
        "Net Income": 1
    },
    "2010-06-30": {
        "Diluted EPS": 0.04,
        "Total Revenue": 10,
        "Gross Profit": 9,
        "Operating Income": 1,
        "EBIT": NaN,
        "Net Income": 0
    },
    "2010-03-31": {
        "Diluted EPS": 0.13,
        "Total Revenue": 11,
        "Gross Profit": 9,
        "Operating Income": 2,
        "EBIT": NaN,
        "Net Income": 1
    },
    "2009-12-31": {
        "Diluted EPS": 0.05,
        "Total Revenue": 11,
        "Gross Profit": 9,
        "Operating Income": 0,
        "EBIT": NaN,
        "Net Income": 0
    },
    "2009-09-30": {
        "Diluted EPS": 0.03,
        "Total Revenue": 12,
        "Gross Profit": 10,
        "Operating Income": 0,
        "EBIT": NaN,
        "Net Income": 0
    },
    "2009-06-30": {
        "Diluted EPS": 0.04,
        "Total Revenue": 12,
        "Gross Profit": 10,
        "Operating Income": 1,
        "EBIT": NaN,
        "Net Income": 0
    },
    "2009-03-31": {
        "Diluted EPS": 0.16,
        "Total Revenue": 12,
        "Gross Profit": 10,
        "Operating Income": 1,
        "EBIT": NaN,
        "Net Income": 1
    },
    "2023-09-30": {
        "Tax Effect Of Unusual Items": 0.0,
        "Tax Rate For Calcs": 0.2472,
        "Total Unusual Items": NaN,
        "Total Unusual Items Excluding Goodwill": NaN,
        "Net Income From Continuing Operation Net Minority Interest": 6390000.0,
        "Reconciled Depreciation": 2397000.0,
        "Net Interest Income": 20527000.0,
        "Interest Expense": 5939000.0,
        "Interest Income": 26466000.0,
        "Normalized Income": 6390000.0,
        "Net Income From Continuing And Discontinued Operation": 6390000.0,
        "Diluted Average Shares": 11755758.0,
        "Basic Average Shares": 11742334.0,
        "Diluted EPS": 0.54,
        "Basic EPS": 0.54,
        "Diluted NI Availto Com Stockholders": 6390000.0,
        "Net Income Common Stockholders": 6390000.0,
        "Net Income": 6390000.0,
        "Net Income Including Noncontrolling Interests": 6390000.0,
        "Net Income Continuous Operations": 6390000.0,
        "Tax Provision": 2098000.0,
        "Pretax Income": 8488000.0,
        "Special Income Charges": NaN,
        "Other Special Charges": NaN,
        "Gain On Sale Of Security": -39000.0,
        "Depreciation Amortization Depletion Income Statement": 0.0,
        "Depreciation And Amortization In Income Statement": 0.0,
        "Amortization": 0.0,
        "Amortization Of Intangibles Income Statement": 0.0,
        "Selling General And Administration": 7808000.0,
        "Selling And Marketing Expense": 133000.0,
        "General And Administrative Expense": 7675000.0,
        "Insurance And Claims": NaN,
        "Salaries And Wages": 7675000.0,
        "Total Revenue": 21812000.0,
        "Operating Revenue": 21812000.0
    },
    "2023-12-31": {
        "Tax Effect Of Unusual Items": 0.0,
        "Tax Rate For Calcs": 0.234247,
        "Total Unusual Items": NaN,
        "Total Unusual Items Excluding Goodwill": NaN,
        "Net Income From Continuing Operation Net Minority Interest": 5894000.0,
        "Reconciled Depreciation": 2626000.0,
        "Net Interest Income": 20116000.0,
        "Interest Expense": 5706000.0,
        "Interest Income": 25822000.0,
        "Normalized Income": 5894000.0,
        "Net Income From Continuing And Discontinued Operation": 5894000.0,
        "Diluted Average Shares": 11774085.0,
        "Basic Average Shares": 11745548.0,
        "Diluted EPS": 0.5,
        "Basic EPS": 0.5,
        "Diluted NI Availto Com Stockholders": 5894000.0,
        "Net Income Common Stockholders": 5894000.0,
        "Net Income": 5894000.0,
        "Net Income Including Noncontrolling Interests": 5894000.0,
        "Net Income Continuous Operations": 5894000.0,
        "Tax Provision": 1803000.0,
        "Pretax Income": 7697000.0,
        "Special Income Charges": NaN,
        "Other Special Charges": NaN,
        "Gain On Sale Of Security": -611000.0,
        "Depreciation Amortization Depletion Income Statement": 0.0,
        "Depreciation And Amortization In Income Statement": 0.0,
        "Amortization": 0.0,
        "Amortization Of Intangibles Income Statement": 0.0,
        "Selling General And Administration": 8480000.0,
        "Selling And Marketing Expense": 160000.0,
        "General And Administrative Expense": 8320000.0,
        "Insurance And Claims": NaN,
        "Salaries And Wages": 8065000.0,
        "Total Revenue": 22010000.0,
        "Operating Revenue": 22010000.0
    }
}