{
    "2023-06-30": {
        "Tax Effect Of Unusual Items": NaN,
        "Tax Rate For Calcs": NaN,
        "Normalized EBITDA": NaN,
        "Total Unusual Items": NaN,
        "Total Unusual Items Excluding Goodwill": NaN,
        "Net Income From Continuing Operation Net Minority Interest": NaN,
        "Reconciled Depreciation": NaN,
        "Reconciled Cost Of Revenue": NaN,
        "EBITDA": NaN,
        "EBIT": NaN,
        "Net Interest Income": NaN,
        "Interest Expense": NaN,
        "Interest Income": NaN,
        "Normalized Income": NaN,
        "Net Income From Continuing And Discontinued Operation": NaN,
        "Total Expenses": NaN,
        "Rent Expense Supplemental": NaN,
        "Total Operating Income As Reported": NaN,
        "Diluted Average Shares": NaN,
        "Basic Average Shares": NaN,
        "Diluted EPS": NaN,
        "Basic EPS": NaN,
        "Diluted NI Availto Com Stockholders": NaN,
        "Average Dilution Earnings": 0.0,
        "Net Income Common Stockholders": NaN,
        "Otherunder Preferred Stock Dividend": 0.0,
        "Net Income": NaN,
        "Minority Interests": NaN,
        "Net Income Including Noncontrolling Interests": NaN,
        "Net Income Continuous Operations": NaN,
        "Tax Provision": NaN,
        "Pretax Income": NaN,
        "Other Income Expense": NaN,
        "Other Non Operating Income Expenses": NaN,
        "Special Income Charges": NaN,
        "Gain On Sale Of Ppe": NaN,
        "Impairment Of Capital Assets": NaN,
        "Net Non Operating Interest Income Expense": NaN,
        "Interest Expense Non Operating": NaN,
        "Interest Income Non Operating": NaN,
        "Operating Income": NaN,
        "Operating Expense": NaN,
        "Other Operating Expenses": NaN,
        "Depreciation Amortization Depletion Income Statement": NaN,
        "Depreciation And Amortization In Income Statement": NaN,
        "Selling General And Administration": NaN,
        "Gross Profit": NaN,
        "Cost Of Revenue": NaN,
        "Total Revenue": NaN,
        "Operating Revenue": NaN
    },
    "2023-03-31": {
        "Tax Effect Of Unusual Items": NaN,
        "Tax Rate For Calcs": NaN,
        "Normalized EBITDA": NaN,
        "Total Unusual Items": NaN,
        "Total Unusual Items Excluding Goodwill": NaN,
        "Net Income From Continuing Operation Net Minority Interest": NaN,
        "Reconciled Depreciation": NaN,
        "Reconciled Cost Of Revenue": NaN,
        "EBITDA": NaN,
        "EBIT": NaN,
        "Net Interest Income": NaN,
        "Interest Expense": NaN,
        "Interest Income": NaN,
        "Normalized Income": NaN,
        "Net Income From Continuing And Discontinued Operation": NaN,
        "Total Expenses": NaN,
        "Rent Expense Supplemental": NaN,
        "Total Operating Income As Reported": NaN,
        "Diluted Average Shares": NaN,
        "Basic Average Shares": NaN,
        "Diluted EPS": NaN,
        "Basic EPS": NaN,
        "Diluted NI Availto Com Stockholders": NaN,
        "Average Dilution Earnings": 0.0,
        "Net Income Common Stockholders": NaN,
        "Otherunder Preferred Stock Dividend": 0.0,
        "Net Income": NaN,
        "Minority Interests": NaN,
        "Net Income Including Noncontrolling Interests": NaN,
        "Net Income Continuous Operations": NaN,
        "Tax Provision": NaN,
        "Pretax Income": NaN,
        "Other Income Expense": NaN,
        "Other Non Operating Income Expenses": NaN,
        "Special Income Charges": NaN,
        "Gain On Sale Of Ppe": NaN,
        "Impairment Of Capital Assets": NaN,
        "Net Non Operating Interest Income Expense": NaN,
        "Interest Expense Non Operating": NaN,
        "Interest Income Non Operating": NaN,
        "Operating Income": NaN,
        "Operating Expense": NaN,
        "Other Operating Expenses": NaN,
        "Depreciation Amortization Depletion Income Statement": NaN,
        "Depreciation And Amortization In Income Statement": NaN,
        "Selling General And Administration": NaN,
        "Gross Profit": NaN,
        "Cost Of Revenue": NaN,
        "Total Revenue": NaN,
        "Operating Revenue": NaN
    },
    "2022-12-31": {
        "Tax Effect Of Unusual Items": NaN,
        "Tax Rate For Calcs": NaN,
        "Normalized EBITDA": NaN,
        "Total Unusual Items": -5721000.0,
        "Total Unusual Items Excluding Goodwill": -5721000.0,
        "Net Income From Continuing Operation Net Minority Interest": NaN,
        "Reconciled Depreciation": NaN,
        "Reconciled Cost Of Revenue": NaN,
        "EBITDA": NaN,
        "EBIT": NaN,
        "Net Interest Income": NaN,
        "Interest Expense": NaN,
        "Interest Income": NaN,
        "Normalized Income": NaN,
        "Net Income From Continuing And Discontinued Operation": NaN,
        "Total Expenses": NaN,
        "Rent Expense Supplemental": NaN,
        "Total Operating Income As Reported": NaN,
        "Diluted Average Shares": NaN,
        "Basic Average Shares": NaN,
        "Diluted EPS": NaN,
        "Basic EPS": NaN,
        "Diluted NI Availto Com Stockholders": NaN,
        "Average Dilution Earnings": -22000.0,
        "Net Income Common Stockholders": NaN,
        "Otherunder Preferred Stock Dividend": 2892000.0,
        "Preferred Stock Dividends": 302000.0,
        "Net Income": NaN,
        "Minority Interests": NaN,
        "Net Income Including Noncontrolling Interests": NaN,
        "Net Income Continuous Operations": NaN,
        "Tax Provision": NaN,
        "Pretax Income": NaN,
        "Other Income Expense": NaN,
        "Other Non Operating Income Expenses": NaN,
        "Special Income Charges": -5721000.0,
        "Gain On Sale Of Ppe": NaN,
        "Impairment Of Capital Assets": 5721000.0,
        "Net Non Operating Interest Income Expense": NaN,
        "Interest Expense Non Operating": NaN,
        "Interest Income Non Operating": NaN,
        "Operating Income": NaN,
        "Operating Expense": NaN,
        "Other Operating Expenses": NaN,
        "Depreciation Amortization Depletion Income Statement": NaN,
        "Depreciation And Amortization In Income Statement": NaN,
        "Selling General And Administration": NaN,
        "Gross Profit": NaN,
        "Cost Of Revenue": NaN,
        "Total Revenue": NaN,
        "Operating Revenue": NaN
    },
    "2022-09-30": {
        "Tax Effect Of Unusual Items": NaN,
        "Tax Rate For Calcs": NaN,
        "Normalized EBITDA": NaN,
        "Total Unusual Items": 0.0,
        "Total Unusual Items Excluding Goodwill": 0.0,
        "Net Income From Continuing Operation Net Minority Interest": NaN,
        "Reconciled Depreciation": NaN,
        "Reconciled Cost Of Revenue": NaN,
        "EBITDA": NaN,
        "EBIT": NaN,
        "Net Interest Income": NaN,
        "Interest Expense": NaN,
        "Interest Income": NaN,
        "Normalized Income": NaN,
        "Net Income From Continuing And Discontinued Operation": NaN,
        "Total Expenses": NaN,
        "Total Operating Income As Reported": NaN,
        "Diluted Average Shares": NaN,
        "Basic Average Shares": NaN,
        "Diluted EPS": NaN,
        "Basic EPS": NaN,
        "Diluted NI Availto Com Stockholders": NaN,
        "Average Dilution Earnings": NaN,
        "Net Income Common Stockholders": NaN,
        "Otherunder Preferred Stock Dividend": NaN,
        "Preferred Stock Dividends": 492000.0,
        "Net Income": NaN,
        "Minority Interests": NaN,
        "Net Income Including Noncontrolling Interests": NaN,
        "Net Income Continuous Operations": NaN,
        "Tax Provision": NaN,
        "Pretax Income": NaN,
        "Other Income Expense": NaN,
        "Other Non Operating Income Expenses": NaN,
        "Special Income Charges": 0.0,
        "Gain On Sale Of Ppe": NaN,
        "Impairment Of Capital Assets": 0.0,
        "Net Non Operating Interest Income Expense": NaN,
        "Interest Expense Non Operating": NaN,
        "Interest Income Non Operating": NaN,
        "Operating Income": NaN,
        "Operating Expense": NaN,
        "Other Operating Expenses": NaN,
        "Depreciation Amortization Depletion Income Statement": NaN,
        "Depreciation And Amortization In Income Statement": NaN,
        "Selling General And Administration": NaN,
        "Gross Profit": NaN,
        "Cost Of Revenue": NaN,
        "Total Revenue": NaN,
        "Operating Revenue": NaN
    },
    "2022-06-30": {
        "Tax Effect Of Unusual Items": 0.0,
        "Tax Rate For Calcs": 0.151108,
        "Normalized EBITDA": 37742000.0,
        "Total Unusual Items": 0.0,
        "Total Unusual Items Excluding Goodwill": 0.0,
        "Net Income From Continuing Operation Net Minority Interest": 9568000.0,
        "Reconciled Depreciation": 23083000.0,
        "Reconciled Cost Of Revenue": 130053000.0,
        "EBITDA": 37742000.0,
        "EBIT": 14659000.0,
        "Net Interest Income": -2606000.0,
        "Interest Expense": 2608000.0,
        "Interest Income": 2000.0,
        "Normalized Income": 9568000.0,
        "Net Income From Continuing And Discontinued Operation": 9568000.0,
        "Total Expenses": 170712000.0,
        "Total Operating Income As Reported": 14242000.0,
        "Diluted Average Shares": 14275000.0,
        "Basic Average Shares": 14148000.0,
        "Diluted EPS": 0.54,
        "Basic EPS": 0.55,
        "Diluted NI Availto Com Stockholders": 9078000.0,
        "Average Dilution Earnings": 10000.0,
        "Net Income Common Stockholders": 9078000.0,
        "Otherunder Preferred Stock Dividend": 1356000.0,
        "Preferred Stock Dividends": 490000.0,
        "Net Income": 9568000.0,
        "Minority Interests": -662000.0,
        "Net Income Including Noncontrolling Interests": 10230000.0,
        "Net Income Continuous Operations": 10230000.0,
        "Tax Provision": 1821000.0,
        "Pretax Income": 12051000.0,
        "Other Income Expense": 415000.0,
        "Other Non Operating Income Expenses": 415000.0,
        "Special Income Charges": 0.0,
        "Impairment Of Capital Assets": 0.0,
        "Net Non Operating Interest Income Expense": -2606000.0,
        "Interest Expense Non Operating": 2608000.0,
        "Interest Income Non Operating": 2000.0,
        "Operating Income": 14242000.0,
        "Operating Expense": 40659000.0,
        "Other Operating Expenses": -106000.0,
        "Depreciation Amortization Depletion Income Statement": 23083000.0,
        "Depreciation And Amortization In Income Statement": 23083000.0,
        "Selling General And Administration": 17682000.0,
        "Gross Profit": 54901000.0,
        "Cost Of Revenue": 130053000.0,
        "Total Revenue": 184954000.0,
        "Operating Revenue": 184954000.0
    },
    "2022-03-31": {
        "Diluted EPS": 0.06,
        "Total Revenue": 166,
        "Gross Profit": 40,
        "Operating Income": 4,
        "EBIT": 24,
        "Net Income": 1
    },
    "2021-12-31": {
        "Diluted EPS": 0.69,
        "Total Revenue": 160,
        "Gross Profit": 43,
        "Operating Income": 8,
        "EBIT": 28,
        "Net Income": 10
    },
    "2021-09-30": {
        "Diluted EPS": 0.0,
        "Total Revenue": 155,
        "Gross Profit": 44,
        "Operating Income": 6,
        "EBIT": 26,
        "Net Income": 0
    },
    "2021-06-30": {
        "Diluted EPS": -0.03,
        "Total Revenue": 154,
        "Gross Profit": 46,
        "Operating Income": 2,
        "EBIT": 24,
        "Net Income": 0
    },
    "2021-03-31": {
        "Diluted EPS": -0.7,
        "Total Revenue": 125,
        "Gross Profit": 26,
        "Operating Income": -10,
        "EBIT": 11,
        "Net Income": -10
    },
    "2020-12-31": {
        "Diluted EPS": 0.03,
        "Total Revenue": 133,
        "Gross Profit": 35,
        "Operating Income": -3,
        "EBIT": 21,
        "Net Income": -2
    },
    "2020-09-30": {
        "Diluted EPS": 0.39,
        "Total Revenue": 143,
        "Gross Profit": 45,
        "Operating Income": 7,
        "EBIT": 32,
        "Net Income": 7
    },
    "2020-06-30": {
        "Diluted EPS": 0.37,
        "Total Revenue": 115,
        "Gross Profit": 32,
        "Operating Income": -2,
        "EBIT": 20,
        "Net Income": 6
    },
    "2020-03-31": {
        "Diluted EPS": -10.43,
        "Total Revenue": 139,
        "Gross Profit": 35,
        "Operating Income": -149,
        "EBIT": -124,
        "Net Income": -147
    },
    "2019-12-31": {
        "Diluted EPS": -2.17,
        "Total Revenue": 149,
        "Gross Profit": 46,
        "Operating Income": -22,
        "EBIT": 9,
        "Net Income": -32
    },
    "2019-09-30": {
        "Diluted EPS": 0.24,
        "Total Revenue": 148,
        "Gross Profit": 49,
        "Operating Income": 3,
        "EBIT": 34,
        "Net Income": 5
    },
    "2019-06-30": {
        "Diluted EPS": -1.08,
        "Total Revenue": 122,
        "Gross Profit": 37,
        "Operating Income": -12,
        "EBIT": 19,
        "Net Income": -15
    },
    "2019-03-31": {
        "Diluted EPS": -1.32,
        "Total Revenue": 109,
        "Gross Profit": 29,
        "Operating Income": -18,
        "EBIT": 13,
        "Net Income": -17
    },
    "2018-12-31": {
        "Diluted EPS": -0.46,
        "Total Revenue": 115,
        "Gross Profit": 31,
        "Operating Income": -7,
        "EBIT": 19,
        "Net Income": -14
    },
    "2018-09-30": {
        "Diluted EPS": -1.08,
        "Total Revenue": 120,
        "Gross Profit": 38,
        "Operating Income": -13,
        "EBIT": 22,
        "Net Income": -14
    },
    "2018-06-30": {
        "Diluted EPS": -3.48,
        "Total Revenue": 130,
        "Gross Profit": 41,
        "Operating Income": -16,
        "EBIT": 19,
        "Net Income": -48
    },
    "2018-03-31": {
        "Diluted EPS": -5.04,
        "Total Revenue": 102,
        "Gross Profit": 24,
        "Operating Income": -53,
        "EBIT": -22,
        "Net Income": -55
    },
    "2017-12-31": {
        "Diluted EPS": -4.44,
        "Total Revenue": 101,
        "Gross Profit": 31,
        "Operating Income": -46,
        "EBIT": -16,
        "Net Income": -48
    },
    "2017-09-30": {
        "Diluted EPS": -2.04,
        "Total Revenue": 97,
        "Gross Profit": 32,
        "Operating Income": -21,
        "EBIT": 11,
        "Net Income": -22
    },
    "2017-06-30": {
        "Diluted EPS": -1.32,
        "Total Revenue": 92,
        "Gross Profit": 33,
        "Operating Income": -13,
        "EBIT": 18,
        "Net Income": -15
    },
    "2017-03-31": {
        "Diluted EPS": -2.04,
        "Total Revenue": 91,
        "Gross Profit": 30,
        "Operating Income": -18,
        "EBIT": 15,
        "Net Income": -21
    },
    "2016-12-31": {
        "Diluted EPS": -1.8,
        "Total Revenue": 91,
        "Gross Profit": 30,
        "Operating Income": -15,
        "EBIT": 16,
        "Net Income": -16
    },
    "2016-09-30": {
        "Diluted EPS": -4.68,
        "Total Revenue": 104,
        "Gross Profit": 36,
        "Operating Income": -49,
        "EBIT": -15,
        "Net Income": -42
    },
    "2016-06-30": {
        "Diluted EPS": -1.32,
        "Total Revenue": 107,
        "Gross Profit": 42,
        "Operating Income": -6,
        "EBIT": 27,
        "Net Income": -11
    },
    "2016-03-31": {
        "Diluted EPS": -3.0,
        "Total Revenue": 95,
        "Gross Profit": 29,
        "Operating Income": -26,
        "EBIT": 7,
        "Net Income": -27
    },
    "2015-12-31": {
        "Diluted EPS": -1.2,
        "Total Revenue": 97,
        "Gross Profit": 32,
        "Operating Income": -13,
        "EBIT": 19,
        "Net Income": -11
    },
    "2015-09-30": {
        "Diluted EPS": -12.13,
        "Total Revenue": 107,
        "Gross Profit": 37,
        "Operating Income": -123,
        "EBIT": -87,
        "Net Income": -108
    },
    "2015-06-30": {
        "Diluted EPS": -1.56,
        "Total Revenue": 143,
        "Gross Profit": 54,
        "Operating Income": -14,
        "EBIT": 28,
        "Net Income": -13
    },
    "2015-03-31": {
        "Diluted EPS": 0.0,
        "Total Revenue": 171,
        "Gross Profit": 68,
        "Operating Income": 5,
        "EBIT": 47,
        "Net Income": 0
    },
    "2014-12-31": {
        "Diluted EPS": -30.49,
        "Total Revenue": 220,
        "Gross Profit": 89,
        "Operating Income": -258,
        "EBIT": -211,
        "Net Income": -271
    },
    "2014-09-30": {
        "Diluted EPS": 3.6,
        "Total Revenue": 243,
        "Gross Profit": 106,
        "Operating Income": 46,
        "EBIT": 92,
        "Net Income": 32
    },
    "2014-06-30": {
        "Diluted EPS": 1.56,
        "Total Revenue": 227,
        "Gross Profit": 94,
        "Operating Income": 16,
        "EBIT": 59,
        "Net Income": 14
    },
    "2014-03-31": {
        "Diluted EPS": 4.08,
        "Total Revenue": 253,
        "Gross Profit": 109,
        "Operating Income": 53,
        "EBIT": 92,
        "Net Income": 36
    },
    "2013-12-31": {
        "Diluted EPS": 5.16,
        "Total Revenue": 258,
        "Gross Profit": 124,
        "Operating Income": 64,
        "EBIT": 106,
        "Net Income": 45
    },
    "2013-09-30": {
        "Diluted EPS": 4.44,
        "Total Revenue": 245,
        "Gross Profit": 113,
        "Operating Income": 53,
        "EBIT": 95,
        "Net Income": 40
    },
    "2013-06-30": {
        "Diluted EPS": 3.72,
        "Total Revenue": 243,
        "Gross Profit": 110,
        "Operating Income": 52,
        "EBIT": 93,
        "Net Income": 33
    },
    "2013-03-31": {
        "Diluted EPS": 0.0,
        "Total Revenue": 295,
        "Gross Profit": 144,
        "Operating Income": 91,
        "EBIT": 132,
        "Net Income": 64
    },
    "2012-12-31": {
        "Diluted EPS": 0.0,
        "Total Revenue": NaN,
        "Gross Profit": NaN,
        "Operating Income": NaN,
        "EBIT": NaN,
        "Net Income": NaN
    },
    "2011-12-31": {
        "Diluted EPS": 0.0,
        "Total Revenue": NaN,
        "Gross Profit": NaN,
        "Operating Income": NaN,
        "EBIT": NaN,
        "Net Income": NaN
    },
    "2023-09-30": {
        "Tax Effect Of Unusual Items": NaN,
        "Tax Rate For Calcs": NaN,
        "Normalized EBITDA": NaN,
        "Total Unusual Items": NaN,
        "Total Unusual Items Excluding Goodwill": NaN,
        "Net Income From Continuing Operation Net Minority Interest": NaN,
        "Reconciled Depreciation": NaN,
        "Reconciled Cost Of Revenue": NaN,
        "EBITDA": NaN,
        "EBIT": NaN,
        "Net Interest Income": NaN,
        "Interest Expense": NaN,
        "Interest Income": NaN,
        "Normalized Income": NaN,
        "Net Income From Continuing And Discontinued Operation": NaN,
        "Total Expenses": NaN,
        "Rent Expense Supplemental": 0.0,
        "Total Operating Income As Reported": NaN,
        "Diluted Average Shares": NaN,
        "Basic Average Shares": NaN,
        "Diluted EPS": NaN,
        "Basic EPS": NaN,
        "Diluted NI Availto Com Stockholders": NaN,
        "Average Dilution Earnings": 0.0,
        "Net Income Common Stockholders": NaN,
        "Otherunder Preferred Stock Dividend": 0.0,
        "Net Income": NaN,
        "Minority Interests": NaN,
        "Net Income Including Noncontrolling Interests": NaN,
        "Net Income Continuous Operations": NaN,
        "Tax Provision": NaN,
        "Pretax Income": NaN,
        "Other Income Expense": NaN,
        "Other Non Operating Income Expenses": NaN,
        "Special Income Charges": NaN,
        "Gain On Sale Of Ppe": NaN,
        "Impairment Of Capital Assets": NaN,
        "Net Non Operating Interest Income Expense": NaN,
        "Interest Expense Non Operating": NaN,
        "Interest Income Non Operating": NaN,
        "Operating Income": NaN,
        "Operating Expense": NaN,
        "Other Operating Expenses": NaN,
        "Depreciation Amortization Depletion Income Statement": NaN,
        "Depreciation And Amortization In Income Statement": NaN,
        "Selling General And Administration": NaN,
        "Gross Profit": NaN,
        "Cost Of Revenue": NaN,
        "Total Revenue": NaN,
        "Operating Revenue": NaN
    },
    "2023-12-31": {
        "Tax Effect Of Unusual Items": NaN,
        "Tax Rate For Calcs": NaN,
        "Normalized EBITDA": NaN,
        "Total Unusual Items": NaN,
        "Total Unusual Items Excluding Goodwill": NaN,
        "Net Income From Continuing Operation Net Minority Interest": NaN,
        "Reconciled Depreciation": NaN,
        "Reconciled Cost Of Revenue": NaN,
        "EBITDA": NaN,
        "EBIT": NaN,
        "Net Interest Income": NaN,
        "Interest Expense": NaN,
        "Interest Income": NaN,
        "Normalized Income": NaN,
        "Net Income From Continuing And Discontinued Operation": NaN,
        "Total Expenses": NaN,
        "Rent Expense Supplemental": 176000.0,
        "Total Operating Income As Reported": NaN,
        "Diluted Average Shares": NaN,
        "Basic Average Shares": NaN,
        "Diluted EPS": NaN,
        "Basic EPS": NaN,
        "Diluted NI Availto Com Stockholders": NaN,
        "Average Dilution Earnings": 0.0,
        "Net Income Common Stockholders": NaN,
        "Otherunder Preferred Stock Dividend": 0.0,
        "Net Income": NaN,
        "Minority Interests": NaN,
        "Net Income Including Noncontrolling Interests": NaN,
        "Net Income Continuous Operations": NaN,
        "Tax Provision": NaN,
        "Pretax Income": NaN,
        "Other Income Expense": NaN,
        "Other Non Operating Income Expenses": NaN,
        "Special Income Charges": NaN,
        "Gain On Sale Of Ppe": NaN,
        "Impairment Of Capital Assets": NaN,
        "Net Non Operating Interest Income Expense": NaN,
        "Interest Expense Non Operating": NaN,
        "Interest Income Non Operating": NaN,
        "Operating Income": NaN,
        "Operating Expense": NaN,
        "Other Operating Expenses": NaN,
        "Depreciation Amortization Depletion Income Statement": NaN,
        "Depreciation And Amortization In Income Statement": NaN,
        "Selling General And Administration": NaN,
        "Gross Profit": NaN,
        "Cost Of Revenue": NaN,
        "Total Revenue": NaN,
        "Operating Revenue": NaN
    },
    "2024-03-31": {
        "Tax Effect Of Unusual Items": -262200.0,
        "Tax Rate For Calcs": 0.15,
        "Normalized EBITDA": 17233000.0,
        "Total Unusual Items": -1748000.0,
        "Total Unusual Items Excluding Goodwill": -1748000.0,
        "Net Income From Continuing Operation Net Minority Interest": -5133000.0,
        "Reconciled Depreciation": 16770000.0,
        "Reconciled Cost Of Revenue": 130445000.0,
        "EBITDA": 15485000.0,
        "EBIT": -1285000.0,
        "Net Interest Income": -2317000.0,
        "Interest Expense": 2360000.0,
        "Interest Income": 43000.0,
        "Normalized Income": -3647200.0,
        "Net Income From Continuing And Discontinued Operation": -5133000.0,
        "Total Expenses": 166153000.0,
        "Rent Expense Supplemental": 0.0,
        "Total Operating Income As Reported": -1781000.0,
        "Diluted Average Shares": 14655000.0,
        "Basic Average Shares": 14655000.0,
        "Diluted EPS": -0.35,
        "Basic EPS": -0.35,
        "Diluted NI Availto Com Stockholders": -5133000.0,
        "Average Dilution Earnings": NaN,
        "Net Income Common Stockholders": -5133000.0,
        "Otherunder Preferred Stock Dividend": NaN,
        "Net Income": -5133000.0,
        "Minority Interests": 63000.0,
        "Net Income Including Noncontrolling Interests": -5196000.0,
        "Net Income Continuous Operations": -5196000.0,
        "Tax Provision": 1551000.0,
        "Pretax Income": -3645000.0,
        "Other Income Expense": -1295000.0,
        "Other Non Operating Income Expenses": 453000.0,
        "Special Income Charges": -1748000.0,
        "Gain On Sale Of Ppe": 6075000.0,
        "Impairment Of Capital Assets": 7823000.0,
        "Net Non Operating Interest Income Expense": -2317000.0,
        "Interest Expense Non Operating": 2360000.0,
        "Interest Income Non Operating": 43000.0,
        "Operating Income": -33000.0,
        "Operating Expense": 35708000.0,
        "Other Operating Expenses": 298000.0,
        "Depreciation Amortization Depletion Income Statement": 16770000.0,
        "Depreciation And Amortization In Income Statement": 16770000.0,
        "Selling General And Administration": 18640000.0,
        "Gross Profit": 35675000.0,
        "Cost Of Revenue": 130445000.0,
        "Total Revenue": 166120000.0,
        "Operating Revenue": 166120000.0
    },
    "2024-06-30": {
        "Tax Effect Of Unusual Items": -29232.0,
        "Tax Rate For Calcs": 0.336,
        "Normalized EBITDA": 30622000.0,
        "Total Unusual Items": -87000.0,
        "Total Unusual Items Excluding Goodwill": -87000.0,
        "Net Income From Continuing Operation Net Minority Interest": 8227000.0,
        "Reconciled Depreciation": 17059000.0,
        "Reconciled Cost Of Revenue": 140834000.0,
        "EBITDA": 30535000.0,
        "EBIT": 13476000.0,
        "Net Interest Income": -2149000.0,
        "Interest Expense": 2203000.0,
        "Interest Income": 54000.0,
        "Normalized Income": 8284768.0,
        "Net Income From Continuing And Discontinued Operation": 8227000.0,
        "Total Expenses": 175514000.0,
        "Rent Expense Supplemental": 0.0,
        "Total Operating Income As Reported": 13112000.0,
        "Diluted Average Shares": 14600000.0,
        "Basic Average Shares": 14518000.0,
        "Diluted EPS": 0.56,
        "Basic EPS": 0.57,
        "Diluted NI Availto Com Stockholders": 8227000.0,
        "Average Dilution Earnings": NaN,
        "Net Income Common Stockholders": 8227000.0,
        "Otherunder Preferred Stock Dividend": NaN,
        "Net Income": 8227000.0,
        "Minority Interests": 740000.0,
        "Net Income Including Noncontrolling Interests": 7487000.0,
        "Net Income Continuous Operations": 7487000.0,
        "Tax Provision": 3786000.0,
        "Pretax Income": 11273000.0,
        "Other Income Expense": 223000.0,
        "Other Non Operating Income Expenses": 310000.0,
        "Special Income Charges": -87000.0,
        "Gain On Sale Of Ppe": -87000.0,
        "Impairment Of Capital Assets": 0.0,
        "Net Non Operating Interest Income Expense": -2149000.0,
        "Interest Expense Non Operating": 2203000.0,
        "Interest Income Non Operating": 54000.0,
        "Operating Income": 13199000.0,
        "Operating Expense": 34680000.0,
        "Other Operating Expenses": 188000.0,
        "Depreciation Amortization Depletion Income Statement": 17059000.0,
        "Depreciation And Amortization In Income Statement": 17059000.0,
        "Selling General And Administration": 17433000.0,
        "Gross Profit": 47879000.0,
        "Cost Of Revenue": 140834000.0,
        "Total Revenue": 188713000.0,
        "Operating Revenue": 188713000.0
    },
    "2024-09-30": {
        "Tax Effect Of Unusual Items": -25650.0,
        "Tax Rate For Calcs": 0.15,
        "Normalized EBITDA": 17909000.0,
        "Total Unusual Items": -171000.0,
        "Total Unusual Items Excluding Goodwill": -171000.0,
        "Net Income From Continuing Operation Net Minority Interest": -5091000.0,
        "Reconciled Depreciation": 17440000.0,
        "Reconciled Cost Of Revenue": 138542000.0,
        "EBITDA": 17738000.0,
        "EBIT": 298000.0,
        "Net Interest Income": -1675000.0,
        "Interest Expense": 1725000.0,
        "Interest Income": 50000.0,
        "Normalized Income": -4945650.0,
        "Net Income From Continuing And Discontinued Operation": -5091000.0,
        "Total Expenses": 176123000.0,
        "Rent Expense Supplemental": 0.0,
        "Total Operating Income As Reported": 44000.0,
        "Diluted Average Shares": 14293000.0,
        "Basic Average Shares": 14293000.0,
        "Diluted EPS": -0.36,
        "Basic EPS": -0.36,
        "Diluted NI Availto Com Stockholders": -5091000.0,
        "Average Dilution Earnings": NaN,
        "Net Income Common Stockholders": -5091000.0,
        "Otherunder Preferred Stock Dividend": NaN,
        "Net Income": -5091000.0,
        "Minority Interests": 198000.0,
        "Net Income Including Noncontrolling Interests": -5289000.0,
        "Net Income Continuous Operations": -5289000.0,
        "Tax Provision": 3862000.0,
        "Pretax Income": -1427000.0,
        "Other Income Expense": 33000.0,
        "Other Non Operating Income Expenses": 204000.0,
        "Special Income Charges": -171000.0,
        "Gain On Sale Of Ppe": -171000.0,
        "Impairment Of Capital Assets": 0.0,
        "Net Non Operating Interest Income Expense": -1675000.0,
        "Interest Expense Non Operating": 1725000.0,
        "Interest Income Non Operating": 50000.0,
        "Operating Income": 215000.0,
        "Operating Expense": 37581000.0,
        "Other Operating Expenses": 506000.0,
        "Depreciation Amortization Depletion Income Statement": 17440000.0,
        "Depreciation And Amortization In Income Statement": 17440000.0,
        "Selling General And Administration": 19635000.0,
        "Gross Profit": 37796000.0,
        "Cost Of Revenue": 138542000.0,
        "Total Revenue": 176338000.0,
        "Operating Revenue": 176338000.0
    },
    "2024-12-31": {
        "Tax Effect Of Unusual Items": -574650.0,
        "Tax Rate For Calcs": 0.15,
        "Normalized EBITDA": 10147000.0,
        "Total Unusual Items": -3831000.0,
        "Total Unusual Items Excluding Goodwill": -3831000.0,
        "Net Income From Continuing Operation Net Minority Interest": -15070000.0,
        "Reconciled Depreciation": 16769000.0,
        "Reconciled Cost Of Revenue": 122846000.0,
        "EBITDA": 6316000.0,
        "EBIT": -10453000.0,
        "Net Interest Income": -1645000.0,
        "Interest Expense": 1685000.0,
        "Interest Income": 40000.0,
        "Normalized Income": -11813650.0,
        "Net Income From Continuing And Discontinued Operation": -15070000.0,
        "Total Expenses": 157163000.0,
        "Rent Expense Supplemental": NaN,
        "Total Operating Income As Reported": -10043000.0,
        "Diluted Average Shares": 13688000.0,
        "Basic Average Shares": 13688000.0,
        "Diluted EPS": -1.1,
        "Basic EPS": -1.1,
        "Diluted NI Availto Com Stockholders": -15070000.0,
        "Average Dilution Earnings": NaN,
        "Net Income Common Stockholders": -15070000.0,
        "Otherunder Preferred Stock Dividend": NaN,
        "Net Income": -15070000.0,
        "Minority Interests": 361000.0,
        "Net Income Including Noncontrolling Interests": -15431000.0,
        "Net Income Continuous Operations": -15431000.0,
        "Tax Provision": 3293000.0,
        "Pretax Income": -12138000.0,
        "Other Income Expense": -4281000.0,
        "Other Non Operating Income Expenses": -450000.0,
        "Special Income Charges": -3831000.0,
        "Gain On Sale Of Ppe": -73000.0,
        "Impairment Of Capital Assets": 3758000.0,
        "Net Non Operating Interest Income Expense": -1645000.0,
        "Interest Expense Non Operating": 1685000.0,
        "Interest Income Non Operating": 40000.0,
        "Operating Income": -6212000.0,
        "Operating Expense": 34317000.0,
        "Other Operating Expenses": -94000.0,
        "Depreciation Amortization Depletion Income Statement": 16769000.0,
        "Depreciation And Amortization In Income Statement": 16769000.0,
        "Selling General And Administration": 17642000.0,
        "Gross Profit": 28105000.0,
        "Cost Of Revenue": 122846000.0,
        "Total Revenue": 150951000.0,
        "Operating Revenue": 140872000.0
    },
    "2025-03-31": {
        "Tax Effect Of Unusual Items": 0.0,
        "Tax Rate For Calcs": 0.4,
        "Normalized EBITDA": 11110000.0,
        "Total Unusual Items": 0.0,
        "Total Unusual Items Excluding Goodwill": 0.0,
        "Net Income From Continuing Operation Net Minority Interest": -9842000.0,
        "Reconciled Depreciation": 16253000.0,
        "Reconciled Cost Of Revenue": 114615000.0,
        "EBITDA": 11110000.0,
        "EBIT": -5143000.0,
        "Net Interest Income": -1593000.0,
        "Interest Expense": 1619000.0,
        "Interest Income": 26000.0,
        "Normalized Income": -9842000.0,
        "Net Income From Continuing And Discontinued Operation": -9842000.0,
        "Total Expenses": 149560000.0,
        "Rent Expense Supplemental": NaN,
        "Total Operating Income As Reported": -5516000.0,
        "Diluted Average Shares": 13600000.0,
        "Basic Average Shares": 13600000.0,
        "Diluted EPS": -0.72,
        "Basic EPS": -0.72,
        "Diluted NI Availto Com Stockholders": -9842000.0,
        "Average Dilution Earnings": NaN,
        "Net Income Common Stockholders": -9842000.0,
        "Otherunder Preferred Stock Dividend": NaN,
        "Net Income": -9842000.0,
        "Minority Interests": 8000.0,
        "Net Income Including Noncontrolling Interests": -9850000.0,
        "Net Income Continuous Operations": -9850000.0,
        "Tax Provision": 3088000.0,
        "Pretax Income": -6762000.0,
        "Other Income Expense": 347000.0,
        "Other Non Operating Income Expenses": 347000.0,
        "Special Income Charges": 0.0,
        "Gain On Sale Of Ppe": 0.0,
        "Impairment Of Capital Assets": 0.0,
        "Net Non Operating Interest Income Expense": -1593000.0,
        "Interest Expense Non Operating": 1619000.0,
        "Interest Income Non Operating": 26000.0,
        "Operating Income": -5516000.0,
        "Operating Expense": 34945000.0,
        "Other Operating Expenses": 507000.0,
        "Depreciation Amortization Depletion Income Statement": 16253000.0,
        "Depreciation And Amortization In Income Statement": 16253000.0,
        "Selling General And Administration": 18185000.0,
        "Gross Profit": 29429000.0,
        "Cost Of Revenue": 114615000.0,
        "Total Revenue": 144044000.0,
        "Operating Revenue": 144044000.0
    }
}