{
    "2023-03-31": {
        "Tax Effect Of Unusual Items": NaN,
        "Tax Rate For Calcs": NaN,
        "Normalized EBITDA": NaN,
        "Total Unusual Items": NaN,
        "Total Unusual Items Excluding Goodwill": NaN,
        "Net Income From Continuing Operation Net Minority Interest": NaN,
        "Reconciled Depreciation": NaN,
        "Reconciled Cost Of Revenue": NaN,
        "EBITDA": NaN,
        "EBIT": NaN,
        "Net Interest Income": NaN,
        "Interest Expense": NaN,
        "Normalized Income": NaN,
        "Net Income From Continuing And Discontinued Operation": NaN,
        "Total Expenses": NaN,
        "Total Operating Income As Reported": NaN,
        "Diluted Average Shares": 33182000.0,
        "Basic Average Shares": 32868000.0,
        "Diluted EPS": 0.26,
        "Basic EPS": 0.26,
        "Diluted NI Availto Com Stockholders": NaN,
        "Net Income Common Stockholders": NaN,
        "Net Income": NaN,
        "Net Income Including Noncontrolling Interests": NaN,
        "Net Income Continuous Operations": NaN,
        "Tax Provision": NaN,
        "Pretax Income": NaN,
        "Other Income Expense": NaN,
        "Other Non Operating Income Expenses": NaN,
        "Special Income Charges": NaN,
        "Net Non Operating Interest Income Expense": NaN,
        "Interest Expense Non Operating": NaN,
        "Operating Income": NaN,
        "Operating Expense": NaN,
        "Selling General And Administration": NaN,
        "Gross Profit": NaN,
        "Cost Of Revenue": NaN,
        "Total Revenue": NaN,
        "Operating Revenue": NaN
    },
    "2022-12-31": {
        "Tax Effect Of Unusual Items": NaN,
        "Tax Rate For Calcs": NaN,
        "Normalized EBITDA": NaN,
        "Total Unusual Items": 0.0,
        "Total Unusual Items Excluding Goodwill": 0.0,
        "Net Income From Continuing Operation Net Minority Interest": NaN,
        "Reconciled Depreciation": NaN,
        "Reconciled Cost Of Revenue": NaN,
        "EBITDA": NaN,
        "EBIT": NaN,
        "Net Interest Income": NaN,
        "Interest Expense": NaN,
        "Normalized Income": NaN,
        "Net Income From Continuing And Discontinued Operation": NaN,
        "Total Expenses": NaN,
        "Total Operating Income As Reported": NaN,
        "Diluted Average Shares": NaN,
        "Basic Average Shares": NaN,
        "Diluted EPS": NaN,
        "Basic EPS": NaN,
        "Diluted NI Availto Com Stockholders": NaN,
        "Net Income Common Stockholders": NaN,
        "Net Income": NaN,
        "Net Income Including Noncontrolling Interests": NaN,
        "Net Income Continuous Operations": NaN,
        "Tax Provision": NaN,
        "Pretax Income": NaN,
        "Other Income Expense": NaN,
        "Other Non Operating Income Expenses": NaN,
        "Special Income Charges": 0.0,
        "Other Special Charges": 0.0,
        "Net Non Operating Interest Income Expense": NaN,
        "Interest Expense Non Operating": NaN,
        "Operating Income": NaN,
        "Operating Expense": NaN,
        "Selling General And Administration": NaN,
        "Gross Profit": NaN,
        "Cost Of Revenue": NaN,
        "Total Revenue": NaN,
        "Operating Revenue": NaN
    },
    "2022-09-30": {
        "Tax Effect Of Unusual Items": NaN,
        "Tax Rate For Calcs": NaN,
        "Normalized EBITDA": NaN,
        "Total Unusual Items": 0.0,
        "Total Unusual Items Excluding Goodwill": 0.0,
        "Net Income From Continuing Operation Net Minority Interest": NaN,
        "Reconciled Depreciation": NaN,
        "Reconciled Cost Of Revenue": NaN,
        "EBITDA": NaN,
        "EBIT": NaN,
        "Net Interest Income": NaN,
        "Interest Expense": NaN,
        "Normalized Income": NaN,
        "Net Income From Continuing And Discontinued Operation": NaN,
        "Total Expenses": NaN,
        "Total Operating Income As Reported": NaN,
        "Diluted Average Shares": NaN,
        "Basic Average Shares": NaN,
        "Diluted EPS": NaN,
        "Basic EPS": NaN,
        "Diluted NI Availto Com Stockholders": NaN,
        "Net Income Common Stockholders": NaN,
        "Net Income": NaN,
        "Net Income Including Noncontrolling Interests": NaN,
        "Net Income Continuous Operations": NaN,
        "Tax Provision": NaN,
        "Pretax Income": NaN,
        "Other Income Expense": NaN,
        "Other Non Operating Income Expenses": NaN,
        "Special Income Charges": 0.0,
        "Other Special Charges": NaN,
        "Net Non Operating Interest Income Expense": NaN,
        "Interest Expense Non Operating": NaN,
        "Operating Income": NaN,
        "Operating Expense": NaN,
        "Selling General And Administration": NaN,
        "Gross Profit": NaN,
        "Cost Of Revenue": NaN,
        "Total Revenue": NaN,
        "Operating Revenue": NaN
    },
    "2022-06-30": {
        "Tax Effect Of Unusual Items": -239460.0,
        "Tax Rate For Calcs": 0.26,
        "Normalized EBITDA": 10968000.0,
        "Total Unusual Items": -921000.0,
        "Total Unusual Items Excluding Goodwill": -921000.0,
        "Net Income From Continuing Operation Net Minority Interest": 2485000.0,
        "Reconciled Depreciation": 4574000.0,
        "Reconciled Cost Of Revenue": 228970000.0,
        "EBITDA": 10047000.0,
        "EBIT": 5473000.0,
        "Net Interest Income": -2118000.0,
        "Interest Expense": 2118000.0,
        "Normalized Income": 3166540.0,
        "Net Income From Continuing And Discontinued Operation": 2485000.0,
        "Total Expenses": 244622000.0,
        "Total Operating Income As Reported": 6227000.0,
        "Diluted Average Shares": 33039000.0,
        "Basic Average Shares": 32237000.0,
        "Diluted EPS": 0.08,
        "Basic EPS": 0.08,
        "Diluted NI Availto Com Stockholders": 2485000.0,
        "Net Income Common Stockholders": 2485000.0,
        "Net Income": 2485000.0,
        "Net Income Including Noncontrolling Interests": 2485000.0,
        "Net Income Continuous Operations": 2485000.0,
        "Tax Provision": 870000.0,
        "Pretax Income": 3355000.0,
        "Other Income Expense": -754000.0,
        "Other Non Operating Income Expenses": 167000.0,
        "Special Income Charges": -921000.0,
        "Other Special Charges": 921000.0,
        "Net Non Operating Interest Income Expense": -2118000.0,
        "Interest Expense Non Operating": 2118000.0,
        "Operating Income": 6227000.0,
        "Operating Expense": 15652000.0,
        "Selling General And Administration": 15652000.0,
        "Gross Profit": 21879000.0,
        "Cost Of Revenue": 228970000.0,
        "Total Revenue": 250849000.0,
        "Operating Revenue": 250849000.0
    },
    "2023-06-30": {
        "Tax Effect Of Unusual Items": NaN,
        "Tax Rate For Calcs": NaN,
        "Normalized EBITDA": NaN,
        "Total Unusual Items": 0.0,
        "Total Unusual Items Excluding Goodwill": 0.0,
        "Net Income From Continuing Operation Net Minority Interest": NaN,
        "Reconciled Depreciation": NaN,
        "Reconciled Cost Of Revenue": NaN,
        "EBITDA": NaN,
        "EBIT": NaN,
        "Net Interest Income": NaN,
        "Interest Expense": NaN,
        "Normalized Income": NaN,
        "Net Income From Continuing And Discontinued Operation": NaN,
        "Total Expenses": NaN,
        "Total Operating Income As Reported": NaN,
        "Diluted Average Shares": 33429000.0,
        "Basic Average Shares": 33051000.0,
        "Diluted EPS": 0.3,
        "Basic EPS": 0.31,
        "Diluted NI Availto Com Stockholders": NaN,
        "Net Income Common Stockholders": NaN,
        "Net Income": NaN,
        "Net Income Including Noncontrolling Interests": NaN,
        "Net Income Discontinuous Operations": NaN,
        "Net Income Continuous Operations": NaN,
        "Tax Provision": NaN,
        "Pretax Income": NaN,
        "Other Income Expense": NaN,
        "Other Non Operating Income Expenses": NaN,
        "Special Income Charges": 0.0,
        "Net Non Operating Interest Income Expense": NaN,
        "Interest Expense Non Operating": NaN,
        "Operating Income": NaN,
        "Operating Expense": NaN,
        "Selling General And Administration": NaN,
        "Gross Profit": NaN,
        "Cost Of Revenue": NaN,
        "Total Revenue": NaN,
        "Operating Revenue": NaN
    },
    "2022-03-31": {
        "Diluted EPS": 0.12,
        "Total Revenue": 244,
        "Gross Profit": 25,
        "Operating Income": 8,
        "EBIT": 13,
        "Net Income": 4
    },
    "2021-12-31": {
        "Diluted EPS": 0.07,
        "Total Revenue": 229,
        "Gross Profit": 23,
        "Operating Income": 6,
        "EBIT": 11,
        "Net Income": 3
    },
    "2021-09-30": {
        "Diluted EPS": 0.23,
        "Total Revenue": 240,
        "Gross Profit": 30,
        "Operating Income": 11,
        "EBIT": 16,
        "Net Income": 8
    },
    "2021-06-30": {
        "Diluted EPS": 0.16,
        "Total Revenue": 258,
        "Gross Profit": 34,
        "Operating Income": 16,
        "EBIT": 21,
        "Net Income": 5
    },
    "2021-03-31": {
        "Diluted EPS": 0.26,
        "Total Revenue": 245,
        "Gross Profit": 31,
        "Operating Income": 15,
        "EBIT": 21,
        "Net Income": 8
    },
    "2020-12-31": {
        "Diluted EPS": -0.13,
        "Total Revenue": 216,
        "Gross Profit": 23,
        "Operating Income": 5,
        "EBIT": 10,
        "Net Income": -4
    },
    "2020-09-30": {
        "Diluted EPS": 0.13,
        "Total Revenue": 188,
        "Gross Profit": 24,
        "Operating Income": 9,
        "EBIT": 14,
        "Net Income": 4
    },
    "2020-06-30": {
        "Diluted EPS": -0.4,
        "Total Revenue": 127,
        "Gross Profit": 6,
        "Operating Income": -11,
        "EBIT": -5,
        "Net Income": -12
    },
    "2020-03-31": {
        "Diluted EPS": -0.8,
        "Total Revenue": 187,
        "Gross Profit": 20,
        "Operating Income": -27,
        "EBIT": -22,
        "Net Income": -25
    },
    "2019-12-31": {
        "Diluted EPS": -0.25,
        "Total Revenue": 189,
        "Gross Profit": 10,
        "Operating Income": -4,
        "EBIT": 1,
        "Net Income": -8
    },
    "2019-09-30": {
        "Diluted EPS": 0.23,
        "Total Revenue": 225,
        "Gross Profit": 29,
        "Operating Income": 11,
        "EBIT": 16,
        "Net Income": 7
    },
    "2019-06-30": {
        "Diluted EPS": 0.2,
        "Total Revenue": 243,
        "Gross Profit": 32,
        "Operating Income": 16,
        "EBIT": 20,
        "Net Income": 6
    },
    "2019-03-31": {
        "Diluted EPS": 0.33,
        "Total Revenue": 243,
        "Gross Profit": 33,
        "Operating Income": 18,
        "EBIT": 22,
        "Net Income": 10
    },
    "2018-12-31": {
        "Diluted EPS": 0.2,
        "Total Revenue": 224,
        "Gross Profit": 26,
        "Operating Income": 11,
        "EBIT": 14,
        "Net Income": 6
    },
    "2018-09-30": {
        "Diluted EPS": 0.41,
        "Total Revenue": 225,
        "Gross Profit": 32,
        "Operating Income": 16,
        "EBIT": 21,
        "Net Income": 13
    },
    "2018-06-30": {
        "Diluted EPS": 0.43,
        "Total Revenue": 233,
        "Gross Profit": 36,
        "Operating Income": 21,
        "EBIT": 25,
        "Net Income": 13
    },
    "2018-03-31": {
        "Diluted EPS": 0.32,
        "Total Revenue": 216,
        "Gross Profit": 31,
        "Operating Income": 15,
        "EBIT": 19,
        "Net Income": 10
    },
    "2017-12-31": {
        "Diluted EPS": -0.26,
        "Total Revenue": 188,
        "Gross Profit": 22,
        "Operating Income": 7,
        "EBIT": 11,
        "Net Income": -8
    },
    "2017-09-30": {
        "Diluted EPS": 0.16,
        "Total Revenue": 198,
        "Gross Profit": 25,
        "Operating Income": 11,
        "EBIT": 15,
        "Net Income": 5
    },
    "2017-06-30": {
        "Diluted EPS": 0.0,
        "Total Revenue": 195,
        "Gross Profit": 23,
        "Operating Income": 8,
        "EBIT": 12,
        "Net Income": 0
    },
    "2017-03-31": {
        "Diluted EPS": 0.02,
        "Total Revenue": 173,
        "Gross Profit": 22,
        "Operating Income": 5,
        "EBIT": 9,
        "Net Income": 1
    },
    "2016-12-31": {
        "Diluted EPS": 0.01,
        "Total Revenue": 150,
        "Gross Profit": 18,
        "Operating Income": 3,
        "EBIT": 8,
        "Net Income": 0
    },
    "2016-09-30": {
        "Diluted EPS": 0.04,
        "Total Revenue": 154,
        "Gross Profit": 19,
        "Operating Income": 4,
        "EBIT": 9,
        "Net Income": 1
    },
    "2016-06-30": {
        "Diluted EPS": 0.09,
        "Total Revenue": 178,
        "Gross Profit": 24,
        "Operating Income": 8,
        "EBIT": 13,
        "Net Income": 3
    },
    "2016-03-31": {
        "Diluted EPS": 0.09,
        "Total Revenue": 180,
        "Gross Profit": 26,
        "Operating Income": 9,
        "EBIT": 13,
        "Net Income": 3
    },
    "2015-12-31": {
        "Diluted EPS": -0.08,
        "Total Revenue": 185,
        "Gross Profit": 24,
        "Operating Income": 5,
        "EBIT": 10,
        "Net Income": -2
    },
    "2015-09-30": {
        "Diluted EPS": 0.09,
        "Total Revenue": 203,
        "Gross Profit": 28,
        "Operating Income": 10,
        "EBIT": 15,
        "Net Income": 3
    },
    "2015-06-30": {
        "Diluted EPS": 0.11,
        "Total Revenue": 218,
        "Gross Profit": 30,
        "Operating Income": 12,
        "EBIT": 16,
        "Net Income": 3
    },
    "2015-03-31": {
        "Diluted EPS": 0.12,
        "Total Revenue": 220,
        "Gross Profit": 29,
        "Operating Income": 11,
        "EBIT": 16,
        "Net Income": 4
    },
    "2014-12-31": {
        "Diluted EPS": 0.15,
        "Total Revenue": 212,
        "Gross Profit": 27,
        "Operating Income": 9,
        "EBIT": 14,
        "Net Income": 4
    },
    "2014-09-30": {
        "Diluted EPS": 0.04,
        "Total Revenue": 214,
        "Gross Profit": 28,
        "Operating Income": 10,
        "EBIT": 14,
        "Net Income": 1
    },
    "2014-06-30": {
        "Diluted EPS": 0.09,
        "Total Revenue": 216,
        "Gross Profit": 28,
        "Operating Income": 9,
        "EBIT": 14,
        "Net Income": 3
    },
    "2014-03-31": {
        "Diluted EPS": -0.02,
        "Total Revenue": 198,
        "Gross Profit": 24,
        "Operating Income": 5,
        "EBIT": 10,
        "Net Income": -1
    },
    "2013-12-31": {
        "Diluted EPS": 0.03,
        "Total Revenue": 183,
        "Gross Profit": 21,
        "Operating Income": 8,
        "EBIT": 13,
        "Net Income": 1
    },
    "2013-09-30": {
        "Diluted EPS": -0.25,
        "Total Revenue": 188,
        "Gross Profit": 18,
        "Operating Income": -3,
        "EBIT": 4,
        "Net Income": -7
    },
    "2013-06-30": {
        "Diluted EPS": -0.06,
        "Total Revenue": 199,
        "Gross Profit": 23,
        "Operating Income": 2,
        "EBIT": 7,
        "Net Income": -2
    },
    "2013-03-31": {
        "Diluted EPS": -0.16,
        "Total Revenue": 178,
        "Gross Profit": 18,
        "Operating Income": 0,
        "EBIT": 4,
        "Net Income": -5
    },
    "2012-12-31": {
        "Diluted EPS": -0.19,
        "Total Revenue": 173,
        "Gross Profit": 16,
        "Operating Income": -2,
        "EBIT": 2,
        "Net Income": -6
    },
    "2012-09-30": {
        "Diluted EPS": 1.07,
        "Total Revenue": 205,
        "Gross Profit": 26,
        "Operating Income": 9,
        "EBIT": 13,
        "Net Income": 31
    },
    "2012-06-30": {
        "Diluted EPS": 0.46,
        "Total Revenue": 243,
        "Gross Profit": 37,
        "Operating Income": 19,
        "EBIT": 23,
        "Net Income": 13
    },
    "2012-03-31": {
        "Diluted EPS": 0.42,
        "Total Revenue": 237,
        "Gross Profit": 37,
        "Operating Income": 19,
        "EBIT": 22,
        "Net Income": 12
    },
    "2011-12-31": {
        "Diluted EPS": 0.36,
        "Total Revenue": 226,
        "Gross Profit": 33,
        "Operating Income": 16,
        "EBIT": 19,
        "Net Income": 10
    },
    "2011-09-30": {
        "Diluted EPS": 0.26,
        "Total Revenue": 217,
        "Gross Profit": 30,
        "Operating Income": 14,
        "EBIT": 17,
        "Net Income": 7
    },
    "2011-06-30": {
        "Diluted EPS": -0.08,
        "Total Revenue": 207,
        "Gross Profit": 28,
        "Operating Income": 11,
        "EBIT": 15,
        "Net Income": -2
    },
    "2011-03-31": {
        "Diluted EPS": 0.12,
        "Total Revenue": 183,
        "Gross Profit": 25,
        "Operating Income": 8,
        "EBIT": 11,
        "Net Income": 3
    },
    "2010-12-31": {
        "Diluted EPS": 0.15,
        "Total Revenue": 158,
        "Gross Profit": 20,
        "Operating Income": 5,
        "EBIT": 8,
        "Net Income": 4
    },
    "2010-09-30": {
        "Diluted EPS": 0.04,
        "Total Revenue": 151,
        "Gross Profit": 20,
        "Operating Income": 5,
        "EBIT": 8,
        "Net Income": 1
    },
    "2010-06-30": {
        "Diluted EPS": 0.02,
        "Total Revenue": 142,
        "Gross Profit": 18,
        "Operating Income": 3,
        "EBIT": 6,
        "Net Income": 1
    },
    "2010-03-31": {
        "Diluted EPS": 0.03,
        "Total Revenue": 146,
        "Gross Profit": 17,
        "Operating Income": 4,
        "EBIT": 7,
        "Net Income": 1
    },
    "2009-12-31": {
        "Diluted EPS": -1.08,
        "Total Revenue": 136,
        "Gross Profit": 10,
        "Operating Income": -41,
        "EBIT": -8,
        "Net Income": -24
    },
    "2009-09-30": {
        "Diluted EPS": -0.73,
        "Total Revenue": 111,
        "Gross Profit": 4,
        "Operating Income": -8,
        "EBIT": -3,
        "Net Income": -16
    },
    "2009-06-30": {
        "Diluted EPS": -1.04,
        "Total Revenue": 104,
        "Gross Profit": -1,
        "Operating Income": -22,
        "EBIT": -17,
        "Net Income": -23
    },
    "2009-03-31": {
        "Diluted EPS": -0.89,
        "Total Revenue": 109,
        "Gross Profit": -3,
        "Operating Income": -18,
        "EBIT": -14,
        "Net Income": -19
    },
    "2023-09-30": {
        "Tax Effect Of Unusual Items": 0.0,
        "Tax Rate For Calcs": 0.226025,
        "Normalized EBITDA": 13023000.0,
        "Total Unusual Items": 0.0,
        "Total Unusual Items Excluding Goodwill": 0.0,
        "Net Income From Continuing Operation Net Minority Interest": 4681000.0,
        "Reconciled Depreciation": 4486000.0,
        "Reconciled Cost Of Revenue": 173588000.0,
        "EBITDA": 13023000.0,
        "EBIT": 8537000.0,
        "Net Interest Income": -2489000.0,
        "Interest Expense": 2489000.0,
        "Normalized Income": 4681000.0,
        "Net Income From Continuing And Discontinued Operation": 7290000.0,
        "Total Expenses": 193977000.0,
        "Total Operating Income As Reported": 8920000.0,
        "Diluted Average Shares": 33350000.0,
        "Basic Average Shares": 33100000.0,
        "Diluted EPS": 0.22,
        "Basic EPS": 0.22,
        "Diluted NI Availto Com Stockholders": 7290000.0,
        "Net Income Common Stockholders": 7290000.0,
        "Net Income": 7290000.0,
        "Net Income Including Noncontrolling Interests": 7290000.0,
        "Net Income Discontinuous Operations": 2609000.0,
        "Net Income Continuous Operations": 4681000.0,
        "Tax Provision": 1367000.0,
        "Pretax Income": 6048000.0,
        "Other Income Expense": -383000.0,
        "Other Non Operating Income Expenses": -383000.0,
        "Special Income Charges": 0.0,
        "Net Non Operating Interest Income Expense": -2489000.0,
        "Interest Expense Non Operating": 2489000.0,
        "Operating Income": 8920000.0,
        "Operating Expense": 20389000.0,
        "Selling General And Administration": 20389000.0,
        "Gross Profit": 29309000.0,
        "Cost Of Revenue": 173588000.0,
        "Total Revenue": 202897000.0,
        "Operating Revenue": 202897000.0
    },
    "2023-12-31": {
        "Tax Effect Of Unusual Items": 0.0,
        "Tax Rate For Calcs": 0.21,
        "Normalized EBITDA": 8788000.0,
        "Total Unusual Items": 0.0,
        "Total Unusual Items Excluding Goodwill": 0.0,
        "Net Income From Continuing Operation Net Minority Interest": 23281000.0,
        "Reconciled Depreciation": 4471000.0,
        "Reconciled Cost Of Revenue": 196900000.0,
        "EBITDA": 8788000.0,
        "EBIT": 4317000.0,
        "Net Interest Income": -2383000.0,
        "Interest Expense": 2383000.0,
        "Normalized Income": 23281000.0,
        "Net Income From Continuing And Discontinued Operation": 23281000.0,
        "Total Expenses": 218065000.0,
        "Total Operating Income As Reported": 5024000.0,
        "Diluted Average Shares": NaN,
        "Basic Average Shares": NaN,
        "Diluted EPS": NaN,
        "Basic EPS": NaN,
        "Diluted NI Availto Com Stockholders": 23281000.0,
        "Net Income Common Stockholders": 23281000.0,
        "Net Income": 23281000.0,
        "Net Income Including Noncontrolling Interests": 23281000.0,
        "Net Income Discontinuous Operations": NaN,
        "Net Income Continuous Operations": 23281000.0,
        "Tax Provision": -21347000.0,
        "Pretax Income": 1934000.0,
        "Other Income Expense": -707000.0,
        "Other Non Operating Income Expenses": -707000.0,
        "Special Income Charges": 0.0,
        "Net Non Operating Interest Income Expense": -2383000.0,
        "Interest Expense Non Operating": 2383000.0,
        "Operating Income": 5024000.0,
        "Operating Expense": 21165000.0,
        "Selling General And Administration": 21165000.0,
        "Gross Profit": 26189000.0,
        "Cost Of Revenue": 196900000.0,
        "Total Revenue": 223089000.0,
        "Operating Revenue": 223089000.0
    },
    "2024-03-31": {
        "Tax Effect Of Unusual Items": 0.0,
        "Tax Rate For Calcs": 0.28,
        "Normalized EBITDA": 10832000.0,
        "Total Unusual Items": NaN,
        "Total Unusual Items Excluding Goodwill": NaN,
        "Net Income From Continuing Operation Net Minority Interest": 2939000.0,
        "Reconciled Depreciation": 4472000.0,
        "Reconciled Cost Of Revenue": 205403000.0,
        "EBITDA": 10832000.0,
        "EBIT": 6360000.0,
        "Net Interest Income": -2251000.0,
        "Interest Expense": 2251000.0,
        "Normalized Income": 2939000.0,
        "Net Income From Continuing And Discontinued Operation": 2939000.0,
        "Total Expenses": 225496000.0,
        "Total Operating Income As Reported": 6572000.0,
        "Diluted Average Shares": 33403000.0,
        "Basic Average Shares": 33325000.0,
        "Diluted EPS": 0.09,
        "Basic EPS": 0.09,
        "Diluted NI Availto Com Stockholders": 2939000.0,
        "Net Income Common Stockholders": 2939000.0,
        "Net Income": 2939000.0,
        "Net Income Including Noncontrolling Interests": 2939000.0,
        "Net Income Discontinuous Operations": NaN,
        "Net Income Continuous Operations": 2939000.0,
        "Tax Provision": 1170000.0,
        "Pretax Income": 4109000.0,
        "Other Income Expense": -212000.0,
        "Other Non Operating Income Expenses": -212000.0,
        "Special Income Charges": NaN,
        "Net Non Operating Interest Income Expense": -2251000.0,
        "Interest Expense Non Operating": 2251000.0,
        "Operating Income": 6572000.0,
        "Operating Expense": 20093000.0,
        "Selling General And Administration": 20093000.0,
        "Gross Profit": 26665000.0,
        "Cost Of Revenue": 205403000.0,
        "Total Revenue": 232068000.0,
        "Operating Revenue": 232068000.0
    },
    "2024-06-30": {
        "Tax Effect Of Unusual Items": 0.0,
        "Tax Rate For Calcs": 0.17,
        "Normalized EBITDA": 5055000.0,
        "Total Unusual Items": NaN,
        "Total Unusual Items Excluding Goodwill": NaN,
        "Net Income From Continuing Operation Net Minority Interest": -1601000.0,
        "Reconciled Depreciation": 4502000.0,
        "Reconciled Cost Of Revenue": 208927000.0,
        "EBITDA": 5055000.0,
        "EBIT": 553000.0,
        "Net Interest Income": -2488000.0,
        "Interest Expense": 2488000.0,
        "Normalized Income": -1601000.0,
        "Net Income From Continuing And Discontinued Operation": -1601000.0,
        "Total Expenses": 229146000.0,
        "Total Operating Income As Reported": 760000.0,
        "Diluted Average Shares": 33393000.0,
        "Basic Average Shares": 33393000.0,
        "Diluted EPS": -0.05,
        "Basic EPS": -0.05,
        "Diluted NI Availto Com Stockholders": -1601000.0,
        "Net Income Common Stockholders": -1601000.0,
        "Net Income": -1601000.0,
        "Net Income Including Noncontrolling Interests": -1601000.0,
        "Net Income Discontinuous Operations": NaN,
        "Net Income Continuous Operations": -1601000.0,
        "Tax Provision": -334000.0,
        "Pretax Income": -1935000.0,
        "Other Income Expense": -207000.0,
        "Other Non Operating Income Expenses": -207000.0,
        "Special Income Charges": NaN,
        "Net Non Operating Interest Income Expense": -2488000.0,
        "Interest Expense Non Operating": 2488000.0,
        "Operating Income": 760000.0,
        "Operating Expense": 20219000.0,
        "Selling General And Administration": 20219000.0,
        "Gross Profit": 20979000.0,
        "Cost Of Revenue": 208927000.0,
        "Total Revenue": 229906000.0,
        "Operating Revenue": 229906000.0
    },
    "2024-09-30": {
        "Tax Effect Of Unusual Items": 0.0,
        "Tax Rate For Calcs": 0.21,
        "Normalized EBITDA": 4638000.0,
        "Total Unusual Items": NaN,
        "Total Unusual Items Excluding Goodwill": NaN,
        "Net Income From Continuing Operation Net Minority Interest": -883000.0,
        "Reconciled Depreciation": 4665000.0,
        "Reconciled Cost Of Revenue": 155351000.0,
        "EBITDA": 4638000.0,
        "EBIT": -27000.0,
        "Net Interest Income": -2371000.0,
        "Interest Expense": 2371000.0,
        "Normalized Income": -883000.0,
        "Net Income From Continuing And Discontinued Operation": 9514000.0,
        "Total Expenses": 172832000.0,
        "Total Operating Income As Reported": -1060000.0,
        "Diluted Average Shares": 33458000.0,
        "Basic Average Shares": 33458000.0,
        "Diluted EPS": 0.28,
        "Basic EPS": 0.28,
        "Diluted NI Availto Com Stockholders": 9514000.0,
        "Net Income Common Stockholders": 9514000.0,
        "Net Income": 9514000.0,
        "Net Income Including Noncontrolling Interests": 9514000.0,
        "Net Income Discontinuous Operations": 10397000.0,
        "Net Income Continuous Operations": -883000.0,
        "Tax Provision": -1515000.0,
        "Pretax Income": -2398000.0,
        "Other Income Expense": 1033000.0,
        "Other Non Operating Income Expenses": 1033000.0,
        "Special Income Charges": NaN,
        "Net Non Operating Interest Income Expense": -2371000.0,
        "Interest Expense Non Operating": 2371000.0,
        "Operating Income": -1060000.0,
        "Operating Expense": 17481000.0,
        "Selling General And Administration": 17481000.0,
        "Gross Profit": 16421000.0,
        "Cost Of Revenue": 155351000.0,
        "Total Revenue": 171772000.0,
        "Operating Revenue": 171772000.0
    }
}