{
    "2023-04-30": {
        "Tax Effect Of Unusual Items": NaN,
        "Tax Rate For Calcs": NaN,
        "Normalized EBITDA": NaN,
        "Total Unusual Items": 0.0,
        "Total Unusual Items Excluding Goodwill": 0.0,
        "Net Income From Continuing Operation Net Minority Interest": NaN,
        "Reconciled Depreciation": NaN,
        "Reconciled Cost Of Revenue": NaN,
        "EBITDA": NaN,
        "EBIT": NaN,
        "Net Interest Income": NaN,
        "Interest Expense": NaN,
        "Normalized Income": NaN,
        "Net Income From Continuing And Discontinued Operation": NaN,
        "Total Expenses": NaN,
        "Total Operating Income As Reported": NaN,
        "Diluted Average Shares": NaN,
        "Basic Average Shares": NaN,
        "Diluted EPS": NaN,
        "Basic EPS": NaN,
        "Diluted NI Availto Com Stockholders": NaN,
        "Net Income Common Stockholders": NaN,
        "Net Income": NaN,
        "Minority Interests": NaN,
        "Net Income Including Noncontrolling Interests": NaN,
        "Net Income Discontinuous Operations": NaN,
        "Net Income Continuous Operations": NaN,
        "Earnings From Equity Interest Net Of Tax": NaN,
        "Tax Provision": NaN,
        "Pretax Income": NaN,
        "Other Income Expense": NaN,
        "Other Non Operating Income Expenses": NaN,
        "Special Income Charges": 0.0,
        "Impairment Of Capital Assets": 0.0,
        "Gain On Sale Of Security": NaN,
        "Net Non Operating Interest Income Expense": NaN,
        "Interest Expense Non Operating": NaN,
        "Operating Income": NaN,
        "Operating Expense": NaN,
        "Other Taxes": NaN,
        "Selling General And Administration": NaN,
        "Gross Profit": NaN,
        "Cost Of Revenue": NaN,
        "Total Revenue": NaN,
        "Operating Revenue": NaN
    },
    "2023-01-31": {
        "Tax Effect Of Unusual Items": NaN,
        "Tax Rate For Calcs": NaN,
        "Normalized EBITDA": NaN,
        "Total Unusual Items": 0.0,
        "Total Unusual Items Excluding Goodwill": 0.0,
        "Net Income From Continuing Operation Net Minority Interest": NaN,
        "Reconciled Depreciation": NaN,
        "Reconciled Cost Of Revenue": NaN,
        "EBITDA": NaN,
        "EBIT": NaN,
        "Net Interest Income": NaN,
        "Interest Expense": NaN,
        "Normalized Income": NaN,
        "Net Income From Continuing And Discontinued Operation": NaN,
        "Total Expenses": NaN,
        "Total Operating Income As Reported": NaN,
        "Diluted Average Shares": NaN,
        "Basic Average Shares": NaN,
        "Diluted EPS": NaN,
        "Basic EPS": NaN,
        "Diluted NI Availto Com Stockholders": NaN,
        "Net Income Common Stockholders": NaN,
        "Net Income": NaN,
        "Minority Interests": NaN,
        "Net Income Including Noncontrolling Interests": NaN,
        "Net Income Discontinuous Operations": NaN,
        "Net Income Continuous Operations": NaN,
        "Earnings From Equity Interest Net Of Tax": NaN,
        "Tax Provision": NaN,
        "Pretax Income": NaN,
        "Other Income Expense": NaN,
        "Other Non Operating Income Expenses": NaN,
        "Special Income Charges": 0.0,
        "Impairment Of Capital Assets": 0.0,
        "Gain On Sale Of Security": NaN,
        "Net Non Operating Interest Income Expense": NaN,
        "Interest Expense Non Operating": NaN,
        "Operating Income": NaN,
        "Operating Expense": NaN,
        "Other Taxes": NaN,
        "Selling General And Administration": NaN,
        "Gross Profit": NaN,
        "Cost Of Revenue": NaN,
        "Total Revenue": NaN,
        "Operating Revenue": NaN
    },
    "2022-10-31": {
        "Tax Effect Of Unusual Items": NaN,
        "Tax Rate For Calcs": NaN,
        "Normalized EBITDA": NaN,
        "Total Unusual Items": -2748000.0,
        "Total Unusual Items Excluding Goodwill": -2748000.0,
        "Net Income From Continuing Operation Net Minority Interest": NaN,
        "Reconciled Depreciation": NaN,
        "Reconciled Cost Of Revenue": NaN,
        "EBITDA": NaN,
        "EBIT": NaN,
        "Net Interest Income": NaN,
        "Interest Expense": NaN,
        "Normalized Income": NaN,
        "Net Income From Continuing And Discontinued Operation": NaN,
        "Total Expenses": NaN,
        "Total Operating Income As Reported": NaN,
        "Diluted Average Shares": NaN,
        "Basic Average Shares": NaN,
        "Diluted EPS": NaN,
        "Basic EPS": NaN,
        "Diluted NI Availto Com Stockholders": NaN,
        "Net Income Common Stockholders": NaN,
        "Net Income": NaN,
        "Minority Interests": NaN,
        "Net Income Including Noncontrolling Interests": NaN,
        "Net Income Discontinuous Operations": NaN,
        "Net Income Continuous Operations": NaN,
        "Earnings From Equity Interest Net Of Tax": NaN,
        "Tax Provision": NaN,
        "Pretax Income": NaN,
        "Other Income Expense": NaN,
        "Other Non Operating Income Expenses": NaN,
        "Special Income Charges": 54000.0,
        "Gain On Sale Of Business": 54000.0,
        "Impairment Of Capital Assets": 0.0,
        "Gain On Sale Of Security": -2802000.0,
        "Net Non Operating Interest Income Expense": NaN,
        "Interest Expense Non Operating": NaN,
        "Operating Income": NaN,
        "Operating Expense": NaN,
        "Other Taxes": NaN,
        "Selling General And Administration": NaN,
        "Gross Profit": NaN,
        "Cost Of Revenue": NaN,
        "Total Revenue": NaN,
        "Operating Revenue": NaN
    },
    "2022-07-31": {
        "Tax Effect Of Unusual Items": 489702.723735,
        "Tax Rate For Calcs": 0.382879,
        "Normalized EBITDA": 5843000.0,
        "Total Unusual Items": 1279000.0,
        "Total Unusual Items Excluding Goodwill": 1279000.0,
        "Net Income From Continuing Operation Net Minority Interest": 1300000.0,
        "Reconciled Depreciation": 4067000.0,
        "Reconciled Cost Of Revenue": 323477000.0,
        "EBITDA": 7122000.0,
        "EBIT": 3055000.0,
        "Net Interest Income": -485000.0,
        "Interest Expense": 485000.0,
        "Normalized Income": 510702.723735,
        "Net Income From Continuing And Discontinued Operation": 1300000.0,
        "Total Expenses": 340493000.0,
        "Total Operating Income As Reported": 1552000.0,
        "Diluted Average Shares": 17769000.0,
        "Basic Average Shares": 17667000.0,
        "Diluted EPS": 0.07,
        "Basic EPS": 0.07,
        "Diluted NI Availto Com Stockholders": 1300000.0,
        "Net Income Common Stockholders": 1300000.0,
        "Net Income": 1300000.0,
        "Minority Interests": -17000.0,
        "Net Income Including Noncontrolling Interests": 1317000.0,
        "Net Income Continuous Operations": 1317000.0,
        "Earnings From Equity Interest Net Of Tax": -269000.0,
        "Tax Provision": 984000.0,
        "Pretax Income": 2570000.0,
        "Other Income Expense": 1557000.0,
        "Other Non Operating Income Expenses": 278000.0,
        "Special Income Charges": 54000.0,
        "Gain On Sale Of Business": 54000.0,
        "Impairment Of Capital Assets": 0.0,
        "Gain On Sale Of Security": 1225000.0,
        "Net Non Operating Interest Income Expense": -485000.0,
        "Interest Expense Non Operating": 485000.0,
        "Operating Income": 1498000.0,
        "Operating Expense": 17016000.0,
        "Other Taxes": 303000.0,
        "Provision For Doubtful Accounts": NaN,
        "Selling General And Administration": 16713000.0,
        "Gross Profit": 18514000.0,
        "Cost Of Revenue": 323477000.0,
        "Total Revenue": 341991000.0,
        "Operating Revenue": 341991000.0
    },
    "2022-04-30": {
        "Diluted EPS": -0.01,
        "Total Revenue": 331,
        "Gross Profit": 22,
        "Operating Income": 4,
        "EBIT": 9,
        "Net Income": 0
    },
    "2022-01-31": {
        "Diluted EPS": -0.23,
        "Total Revenue": 274,
        "Gross Profit": 13,
        "Operating Income": -3,
        "EBIT": 1,
        "Net Income": -4
    },
    "2021-10-31": {
        "Diluted EPS": -0.73,
        "Total Revenue": 273,
        "Gross Profit": 9,
        "Operating Income": -17,
        "EBIT": -12,
        "Net Income": -13
    },
    "2021-07-31": {
        "Diluted EPS": -0.74,
        "Total Revenue": 285,
        "Gross Profit": 8,
        "Operating Income": -6,
        "EBIT": -1,
        "Net Income": -13
    },
    "2021-04-30": {
        "Diluted EPS": 0.5,
        "Total Revenue": 277,
        "Gross Profit": 23,
        "Operating Income": 9,
        "EBIT": 13,
        "Net Income": 9
    },
    "2021-01-31": {
        "Diluted EPS": 0.3,
        "Total Revenue": 221,
        "Gross Profit": 18,
        "Operating Income": 4,
        "EBIT": 8,
        "Net Income": 5
    },
    "2020-10-31": {
        "Diluted EPS": 0.35,
        "Total Revenue": 234,
        "Gross Profit": 21,
        "Operating Income": 8,
        "EBIT": 12,
        "Net Income": 6
    },
    "2020-07-31": {
        "Diluted EPS": -0.89,
        "Total Revenue": 270,
        "Gross Profit": 31,
        "Operating Income": 17,
        "EBIT": 22,
        "Net Income": -16
    },
    "2020-04-30": {
        "Diluted EPS": -0.19,
        "Total Revenue": 281,
        "Gross Profit": 22,
        "Operating Income": 8,
        "EBIT": 12,
        "Net Income": -3
    },
    "2020-01-31": {
        "Diluted EPS": -0.05,
        "Total Revenue": 273,
        "Gross Profit": 16,
        "Operating Income": 0,
        "EBIT": 3,
        "Net Income": -1
    },
    "2019-10-31": {
        "Diluted EPS": 0.29,
        "Total Revenue": 292,
        "Gross Profit": 25,
        "Operating Income": 10,
        "EBIT": 13,
        "Net Income": 5
    },
    "2019-07-31": {
        "Diluted EPS": 0.6,
        "Total Revenue": 359,
        "Gross Profit": 36,
        "Operating Income": 22,
        "EBIT": 25,
        "Net Income": 11
    },
    "2019-04-30": {
        "Diluted EPS": 0.93,
        "Total Revenue": 286,
        "Gross Profit": 37,
        "Operating Income": 23,
        "EBIT": 26,
        "Net Income": 16
    },
    "2019-01-31": {
        "Diluted EPS": 0.26,
        "Total Revenue": 258,
        "Gross Profit": 31,
        "Operating Income": 17,
        "EBIT": 20,
        "Net Income": 4
    },
    "2018-10-31": {
        "Diluted EPS": -0.07,
        "Total Revenue": 280,
        "Gross Profit": 22,
        "Operating Income": 7,
        "EBIT": 11,
        "Net Income": -1
    },
    "2018-07-31": {
        "Diluted EPS": 0.7,
        "Total Revenue": 296,
        "Gross Profit": 33,
        "Operating Income": 19,
        "EBIT": 22,
        "Net Income": 12
    },
    "2018-04-30": {
        "Diluted EPS": 0.8,
        "Total Revenue": 264,
        "Gross Profit": 32,
        "Operating Income": 19,
        "EBIT": 22,
        "Net Income": 14
    },
    "2018-01-31": {
        "Diluted EPS": 0.41,
        "Total Revenue": 248,
        "Gross Profit": 26,
        "Operating Income": 11,
        "EBIT": 14,
        "Net Income": 7
    },
    "2017-10-31": {
        "Diluted EPS": 0.59,
        "Total Revenue": 277,
        "Gross Profit": 32,
        "Operating Income": 17,
        "EBIT": 20,
        "Net Income": 10
    },
    "2017-07-31": {
        "Diluted EPS": 0.5,
        "Total Revenue": 302,
        "Gross Profit": 25,
        "Operating Income": 12,
        "EBIT": 15,
        "Net Income": 9
    },
    "2017-04-30": {
        "Diluted EPS": 0.74,
        "Total Revenue": 270,
        "Gross Profit": 36,
        "Operating Income": 21,
        "EBIT": 23,
        "Net Income": 13
    },
    "2017-01-31": {
        "Diluted EPS": 0.3,
        "Total Revenue": 227,
        "Gross Profit": 22,
        "Operating Income": 8,
        "EBIT": 10,
        "Net Income": 5
    },
    "2016-10-31": {
        "Diluted EPS": 0.52,
        "Total Revenue": 248,
        "Gross Profit": 27,
        "Operating Income": 16,
        "EBIT": 18,
        "Net Income": 9
    },
    "2016-07-31": {
        "Diluted EPS": 0.73,
        "Total Revenue": 263,
        "Gross Profit": 33,
        "Operating Income": 20,
        "EBIT": 23,
        "Net Income": 13
    },
    "2016-04-30": {
        "Diluted EPS": 0.56,
        "Total Revenue": 220,
        "Gross Profit": 27,
        "Operating Income": 15,
        "EBIT": 17,
        "Net Income": 10
    },
    "2016-01-31": {
        "Diluted EPS": 0.37,
        "Total Revenue": 205,
        "Gross Profit": 21,
        "Operating Income": 10,
        "EBIT": 12,
        "Net Income": 6
    },
    "2015-10-31": {
        "Diluted EPS": 0.27,
        "Total Revenue": 208,
        "Gross Profit": 20,
        "Operating Income": 9,
        "EBIT": 11,
        "Net Income": 5
    },
    "2015-07-31": {
        "Diluted EPS": 0.5,
        "Total Revenue": 232,
        "Gross Profit": 24,
        "Operating Income": 14,
        "EBIT": 16,
        "Net Income": 9
    },
    "2015-04-30": {
        "Diluted EPS": 0.49,
        "Total Revenue": 222,
        "Gross Profit": 23,
        "Operating Income": 13,
        "EBIT": 15,
        "Net Income": 8
    },
    "2015-01-31": {
        "Diluted EPS": 0.31,
        "Total Revenue": 195,
        "Gross Profit": 18,
        "Operating Income": 8,
        "EBIT": 10,
        "Net Income": 5
    },
    "2014-10-31": {
        "Diluted EPS": -0.06,
        "Total Revenue": 201,
        "Gross Profit": 19,
        "Operating Income": -2,
        "EBIT": -1,
        "Net Income": -1
    },
    "2014-07-31": {
        "Diluted EPS": 0.09,
        "Total Revenue": 219,
        "Gross Profit": 20,
        "Operating Income": -13,
        "EBIT": -11,
        "Net Income": 2
    },
    "2014-04-30": {
        "Diluted EPS": 0.09,
        "Total Revenue": 195,
        "Gross Profit": 19,
        "Operating Income": 3,
        "EBIT": 4,
        "Net Income": 2
    },
    "2014-01-31": {
        "Diluted EPS": -0.11,
        "Total Revenue": 168,
        "Gross Profit": 14,
        "Operating Income": -4,
        "EBIT": -2,
        "Net Income": -2
    },
    "2013-10-31": {
        "Diluted EPS": -0.88,
        "Total Revenue": 191,
        "Gross Profit": 17,
        "Operating Income": -24,
        "EBIT": -23,
        "Net Income": -13
    },
    "2013-07-31": {
        "Diluted EPS": 0.43,
        "Total Revenue": 195,
        "Gross Profit": 18,
        "Operating Income": 9,
        "EBIT": 11,
        "Net Income": 6
    },
    "2013-04-30": {
        "Diluted EPS": 0.15,
        "Total Revenue": 166,
        "Gross Profit": 12,
        "Operating Income": 3,
        "EBIT": 5,
        "Net Income": 2
    },
    "2013-01-31": {
        "Diluted EPS": 0.18,
        "Total Revenue": 139,
        "Gross Profit": 13,
        "Operating Income": 4,
        "EBIT": 6,
        "Net Income": 3
    },
    "2012-10-31": {
        "Diluted EPS": 0.32,
        "Total Revenue": 142,
        "Gross Profit": 18,
        "Operating Income": 5,
        "EBIT": 7,
        "Net Income": 5
    },
    "2012-07-31": {
        "Diluted EPS": 0.38,
        "Total Revenue": 153,
        "Gross Profit": 16,
        "Operating Income": 8,
        "EBIT": 10,
        "Net Income": 6
    },
    "2012-04-30": {
        "Diluted EPS": 0.17,
        "Total Revenue": 139,
        "Gross Profit": 15,
        "Operating Income": 7,
        "EBIT": 8,
        "Net Income": 3
    },
    "2012-01-31": {
        "Diluted EPS": 0.18,
        "Total Revenue": 117,
        "Gross Profit": 12,
        "Operating Income": 4,
        "EBIT": 6,
        "Net Income": 3
    },
    "2011-10-31": {
        "Diluted EPS": 0.25,
        "Total Revenue": 147,
        "Gross Profit": 13,
        "Operating Income": 6,
        "EBIT": 8,
        "Net Income": 4
    },
    "2011-07-31": {
        "Diluted EPS": 0.18,
        "Total Revenue": 165,
        "Gross Profit": 11,
        "Operating Income": 4,
        "EBIT": 6,
        "Net Income": 3
    },
    "2011-04-30": {
        "Diluted EPS": 0.16,
        "Total Revenue": 119,
        "Gross Profit": 9,
        "Operating Income": 4,
        "EBIT": 5,
        "Net Income": 2
    },
    "2011-01-31": {
        "Diluted EPS": 0.16,
        "Total Revenue": 91,
        "Gross Profit": 9,
        "Operating Income": 4,
        "EBIT": 5,
        "Net Income": 2
    },
    "2010-10-31": {
        "Diluted EPS": 0.32,
        "Total Revenue": 107,
        "Gross Profit": 14,
        "Operating Income": 7,
        "EBIT": 8,
        "Net Income": 5
    },
    "2010-07-31": {
        "Diluted EPS": 0.41,
        "Total Revenue": 115,
        "Gross Profit": 15,
        "Operating Income": 10,
        "EBIT": 11,
        "Net Income": 6
    },
    "2010-04-30": {
        "Diluted EPS": 0.33,
        "Total Revenue": 109,
        "Gross Profit": 13,
        "Operating Income": 8,
        "EBIT": 8,
        "Net Income": 5
    },
    "2010-01-31": {
        "Diluted EPS": 0.16,
        "Total Revenue": 67,
        "Gross Profit": 9,
        "Operating Income": 4,
        "EBIT": 5,
        "Net Income": 2
    },
    "2009-10-31": {
        "Diluted EPS": 0.16,
        "Total Revenue": 81,
        "Gross Profit": 9,
        "Operating Income": 3,
        "EBIT": 4,
        "Net Income": 2
    },
    "2009-07-31": {
        "Diluted EPS": 0.17,
        "Total Revenue": 106,
        "Gross Profit": 10,
        "Operating Income": 4,
        "EBIT": 5,
        "Net Income": 2
    },
    "2009-04-30": {
        "Diluted EPS": 0.31,
        "Total Revenue": 87,
        "Gross Profit": 13,
        "Operating Income": 7,
        "EBIT": 8,
        "Net Income": 4
    },
    "2009-01-31": {
        "Diluted EPS": 0.3,
        "Total Revenue": 71,
        "Gross Profit": 12,
        "Operating Income": 7,
        "EBIT": 8,
        "Net Income": 4
    },
    "2023-07-31": {
        "Tax Effect Of Unusual Items": NaN,
        "Tax Rate For Calcs": NaN,
        "Normalized EBITDA": NaN,
        "Total Unusual Items": NaN,
        "Total Unusual Items Excluding Goodwill": NaN,
        "Net Income From Continuing Operation Net Minority Interest": NaN,
        "Reconciled Depreciation": NaN,
        "Reconciled Cost Of Revenue": NaN,
        "EBITDA": NaN,
        "EBIT": NaN,
        "Net Interest Income": NaN,
        "Interest Expense": NaN,
        "Interest Income": NaN,
        "Normalized Income": NaN,
        "Net Income From Continuing And Discontinued Operation": NaN,
        "Total Expenses": NaN,
        "Total Operating Income As Reported": NaN,
        "Diluted Average Shares": NaN,
        "Basic Average Shares": NaN,
        "Diluted EPS": NaN,
        "Basic EPS": NaN,
        "Diluted NI Availto Com Stockholders": NaN,
        "Net Income Common Stockholders": NaN,
        "Net Income": NaN,
        "Minority Interests": NaN,
        "Net Income Including Noncontrolling Interests": NaN,
        "Net Income Discontinuous Operations": NaN,
        "Net Income Continuous Operations": NaN,
        "Earnings From Equity Interest Net Of Tax": NaN,
        "Tax Provision": NaN,
        "Pretax Income": NaN,
        "Other Income Expense": NaN,
        "Other Non Operating Income Expenses": NaN,
        "Special Income Charges": 0.0,
        "Impairment Of Capital Assets": 0.0,
        "Gain On Sale Of Security": 2019000.0,
        "Net Non Operating Interest Income Expense": NaN,
        "Interest Expense Non Operating": NaN,
        "Interest Income Non Operating": NaN,
        "Operating Income": NaN,
        "Operating Expense": NaN,
        "Other Taxes": NaN,
        "Selling General And Administration": NaN,
        "Gross Profit": NaN,
        "Cost Of Revenue": NaN,
        "Total Revenue": NaN,
        "Operating Revenue": NaN
    },
    "2023-10-31": {
        "Tax Effect Of Unusual Items": NaN,
        "Tax Rate For Calcs": NaN,
        "Normalized EBITDA": NaN,
        "Total Unusual Items": 0.0,
        "Total Unusual Items Excluding Goodwill": 0.0,
        "Net Income From Continuing Operation Net Minority Interest": NaN,
        "Reconciled Depreciation": NaN,
        "Reconciled Cost Of Revenue": NaN,
        "EBITDA": NaN,
        "EBIT": NaN,
        "Net Interest Income": NaN,
        "Interest Expense": NaN,
        "Interest Income": NaN,
        "Normalized Income": NaN,
        "Net Income From Continuing And Discontinued Operation": NaN,
        "Total Expenses": NaN,
        "Total Operating Income As Reported": NaN,
        "Diluted Average Shares": NaN,
        "Basic Average Shares": NaN,
        "Diluted EPS": NaN,
        "Basic EPS": NaN,
        "Diluted NI Availto Com Stockholders": NaN,
        "Net Income Common Stockholders": NaN,
        "Net Income": NaN,
        "Minority Interests": NaN,
        "Net Income Including Noncontrolling Interests": NaN,
        "Net Income Discontinuous Operations": NaN,
        "Net Income Continuous Operations": NaN,
        "Earnings From Equity Interest Net Of Tax": NaN,
        "Tax Provision": NaN,
        "Pretax Income": NaN,
        "Other Income Expense": NaN,
        "Other Non Operating Income Expenses": NaN,
        "Special Income Charges": 0.0,
        "Impairment Of Capital Assets": 0.0,
        "Gain On Sale Of Security": NaN,
        "Net Non Operating Interest Income Expense": NaN,
        "Interest Expense Non Operating": NaN,
        "Interest Income Non Operating": NaN,
        "Operating Income": NaN,
        "Operating Expense": NaN,
        "Other Taxes": NaN,
        "Selling General And Administration": NaN,
        "Gross Profit": NaN,
        "Cost Of Revenue": NaN,
        "Total Revenue": NaN,
        "Operating Revenue": NaN
    },
    "2024-01-31": {
        "Tax Effect Of Unusual Items": 358680.0,
        "Tax Rate For Calcs": 0.21,
        "Normalized EBITDA": 1669000.0,
        "Total Unusual Items": 1708000.0,
        "Total Unusual Items Excluding Goodwill": 1708000.0,
        "Net Income From Continuing Operation Net Minority Interest": -2584000.0,
        "Reconciled Depreciation": 4555000.0,
        "Reconciled Cost Of Revenue": 116846000.0,
        "EBITDA": 3377000.0,
        "EBIT": -1178000.0,
        "Net Interest Income": -824000.0,
        "Interest Expense": 824000.0,
        "Interest Income": 0.0,
        "Normalized Income": -3933320.0,
        "Net Income From Continuing And Discontinued Operation": -6267000.0,
        "Total Expenses": 130692000.0,
        "Total Operating Income As Reported": -3086000.0,
        "Diluted Average Shares": 17799000.0,
        "Basic Average Shares": 17799000.0,
        "Diluted EPS": -0.35,
        "Basic EPS": -0.35,
        "Diluted NI Availto Com Stockholders": -6267000.0,
        "Net Income Common Stockholders": -6267000.0,
        "Net Income": -6267000.0,
        "Minority Interests": -10000.0,
        "Net Income Including Noncontrolling Interests": -6257000.0,
        "Net Income Discontinuous Operations": -3683000.0,
        "Net Income Continuous Operations": -2574000.0,
        "Earnings From Equity Interest Net Of Tax": 1000.0,
        "Tax Provision": 573000.0,
        "Pretax Income": -2002000.0,
        "Other Income Expense": 1908000.0,
        "Other Non Operating Income Expenses": 200000.0,
        "Special Income Charges": NaN,
        "Impairment Of Capital Assets": NaN,
        "Gain On Sale Of Security": 1708000.0,
        "Net Non Operating Interest Income Expense": -824000.0,
        "Interest Expense Non Operating": 824000.0,
        "Interest Income Non Operating": 0.0,
        "Operating Income": -3086000.0,
        "Operating Expense": 13846000.0,
        "Other Taxes": 383000.0,
        "Selling General And Administration": 13463000.0,
        "Gross Profit": 10760000.0,
        "Cost Of Revenue": 116846000.0,
        "Total Revenue": 127606000.0,
        "Operating Revenue": 127606000.0
    },
    "2024-04-30": {
        "Tax Effect Of Unusual Items": 0.0,
        "Tax Rate For Calcs": 0.057,
        "Normalized EBITDA": 9733000.0,
        "Total Unusual Items": NaN,
        "Total Unusual Items Excluding Goodwill": NaN,
        "Net Income From Continuing Operation Net Minority Interest": 6470000.0,
        "Reconciled Depreciation": 2078000.0,
        "Reconciled Cost Of Revenue": 164026000.0,
        "EBITDA": 9733000.0,
        "EBIT": 7655000.0,
        "Net Interest Income": -962000.0,
        "Interest Expense": 962000.0,
        "Interest Income": NaN,
        "Normalized Income": 6470000.0,
        "Net Income From Continuing And Discontinued Operation": 6062000.0,
        "Total Expenses": 177248000.0,
        "Total Operating Income As Reported": 7135000.0,
        "Diluted Average Shares": 17872000.0,
        "Basic Average Shares": 17800000.0,
        "Diluted EPS": 0.34,
        "Basic EPS": 0.34,
        "Diluted NI Availto Com Stockholders": 6062000.0,
        "Net Income Common Stockholders": 6062000.0,
        "Net Income": 6062000.0,
        "Minority Interests": -37000.0,
        "Net Income Including Noncontrolling Interests": 6099000.0,
        "Net Income Discontinuous Operations": -408000.0,
        "Net Income Continuous Operations": 6507000.0,
        "Earnings From Equity Interest Net Of Tax": 204000.0,
        "Tax Provision": 390000.0,
        "Pretax Income": 6693000.0,
        "Other Income Expense": 520000.0,
        "Other Non Operating Income Expenses": 520000.0,
        "Special Income Charges": NaN,
        "Impairment Of Capital Assets": NaN,
        "Gain On Sale Of Security": NaN,
        "Net Non Operating Interest Income Expense": -962000.0,
        "Interest Expense Non Operating": 962000.0,
        "Interest Income Non Operating": NaN,
        "Operating Income": 7135000.0,
        "Operating Expense": 13222000.0,
        "Other Taxes": 202000.0,
        "Selling General And Administration": 13020000.0,
        "Gross Profit": 20357000.0,
        "Cost Of Revenue": 164026000.0,
        "Total Revenue": 184383000.0,
        "Operating Revenue": 184383000.0
    },
    "2024-07-31": {
        "Tax Effect Of Unusual Items": -882630.0,
        "Tax Rate For Calcs": 0.21,
        "Normalized EBITDA": 11581000.0,
        "Total Unusual Items": -4203000.0,
        "Total Unusual Items Excluding Goodwill": -4203000.0,
        "Net Income From Continuing Operation Net Minority Interest": 5395000.0,
        "Reconciled Depreciation": 2042000.0,
        "Reconciled Cost Of Revenue": 159503000.0,
        "EBITDA": 7378000.0,
        "EBIT": 5336000.0,
        "Net Interest Income": -833000.0,
        "Interest Expense": 833000.0,
        "Interest Income": NaN,
        "Normalized Income": 8715370.0,
        "Net Income From Continuing And Discontinued Operation": -732000.0,
        "Total Expenses": 170238000.0,
        "Total Operating Income As Reported": 9358000.0,
        "Diluted Average Shares": 17842000.0,
        "Basic Average Shares": 17801000.0,
        "Diluted EPS": -0.04,
        "Basic EPS": -0.04,
        "Diluted NI Availto Com Stockholders": -732000.0,
        "Net Income Common Stockholders": -732000.0,
        "Net Income": -732000.0,
        "Minority Interests": 30000.0,
        "Net Income Including Noncontrolling Interests": -762000.0,
        "Net Income Discontinuous Operations": -6127000.0,
        "Net Income Continuous Operations": 5365000.0,
        "Earnings From Equity Interest Net Of Tax": -579000.0,
        "Tax Provision": -1441000.0,
        "Pretax Income": 4503000.0,
        "Other Income Expense": -4022000.0,
        "Other Non Operating Income Expenses": 181000.0,
        "Special Income Charges": NaN,
        "Impairment Of Capital Assets": NaN,
        "Gain On Sale Of Security": -4203000.0,
        "Net Non Operating Interest Income Expense": -833000.0,
        "Interest Expense Non Operating": 833000.0,
        "Interest Income Non Operating": NaN,
        "Operating Income": 9358000.0,
        "Operating Expense": 10735000.0,
        "Other Taxes": 225000.0,
        "Selling General And Administration": 10510000.0,
        "Gross Profit": 20093000.0,
        "Cost Of Revenue": 159503000.0,
        "Total Revenue": 179596000.0,
        "Operating Revenue": 179596000.0
    },
    "2024-10-31": {
        "Tax Effect Of Unusual Items": -638610.0,
        "Tax Rate For Calcs": 0.21,
        "Normalized EBITDA": 5700000.0,
        "Total Unusual Items": -3041000.0,
        "Total Unusual Items Excluding Goodwill": -3041000.0,
        "Net Income From Continuing Operation Net Minority Interest": -2485000.0,
        "Reconciled Depreciation": 1928000.0,
        "Reconciled Cost Of Revenue": 153669000.0,
        "EBITDA": 2659000.0,
        "EBIT": 731000.0,
        "Net Interest Income": 746000.0,
        "Interest Expense": 274000.0,
        "Interest Income": NaN,
        "Normalized Income": -82610.0,
        "Net Income From Continuing And Discontinued Operation": -139000.0,
        "Total Expenses": 166947000.0,
        "Total Operating Income As Reported": 3012000.0,
        "Diluted Average Shares": 17871000.0,
        "Basic Average Shares": 17802000.0,
        "Diluted EPS": -0.01,
        "Basic EPS": -0.01,
        "Diluted NI Availto Com Stockholders": -139000.0,
        "Net Income Common Stockholders": -139000.0,
        "Net Income": -139000.0,
        "Minority Interests": -35000.0,
        "Net Income Including Noncontrolling Interests": -104000.0,
        "Net Income Discontinuous Operations": 2346000.0,
        "Net Income Continuous Operations": -2450000.0,
        "Earnings From Equity Interest Net Of Tax": -104000.0,
        "Tax Provision": 2803000.0,
        "Pretax Income": 457000.0,
        "Other Income Expense": -3301000.0,
        "Other Non Operating Income Expenses": -260000.0,
        "Special Income Charges": NaN,
        "Impairment Of Capital Assets": NaN,
        "Gain On Sale Of Security": -3041000.0,
        "Net Non Operating Interest Income Expense": 746000.0,
        "Interest Expense Non Operating": 274000.0,
        "Interest Income Non Operating": NaN,
        "Operating Income": 3012000.0,
        "Operating Expense": 13278000.0,
        "Other Taxes": 233000.0,
        "Selling General And Administration": 13045000.0,
        "Gross Profit": 16290000.0,
        "Cost Of Revenue": 153669000.0,
        "Total Revenue": 169959000.0,
        "Operating Revenue": 169959000.0
    },
    "2025-01-31": {
        "Tax Effect Of Unusual Items": -250064.208782,
        "Tax Rate For Calcs": 0.259942,
        "Normalized EBITDA": 7945000.0,
        "Total Unusual Items": -962000.0,
        "Total Unusual Items Excluding Goodwill": -962000.0,
        "Net Income From Continuing Operation Net Minority Interest": 4415000.0,
        "Reconciled Depreciation": 1942000.0,
        "Reconciled Cost Of Revenue": 138657000.0,
        "EBITDA": 6983000.0,
        "EBIT": 5041000.0,
        "Net Interest Income": 632000.0,
        "Interest Expense": 213000.0,
        "Interest Income": 845000.0,
        "Normalized Income": 5126935.791218,
        "Net Income From Continuing And Discontinued Operation": 4415000.0,
        "Total Expenses": 149339000.0,
        "Total Operating Income As Reported": 5046000.0,
        "Diluted Average Shares": 17901000.0,
        "Basic Average Shares": 17837000.0,
        "Diluted EPS": 0.25,
        "Basic EPS": 0.25,
        "Diluted NI Availto Com Stockholders": 4415000.0,
        "Net Income Common Stockholders": 4415000.0,
        "Net Income": 4415000.0,
        "Minority Interests": -20000.0,
        "Net Income Including Noncontrolling Interests": 4435000.0,
        "Net Income Discontinuous Operations": 0.0,
        "Net Income Continuous Operations": 4435000.0,
        "Earnings From Equity Interest Net Of Tax": 862000.0,
        "Tax Provision": 1255000.0,
        "Pretax Income": 4828000.0,
        "Other Income Expense": -850000.0,
        "Other Non Operating Income Expenses": 112000.0,
        "Special Income Charges": NaN,
        "Impairment Of Capital Assets": NaN,
        "Gain On Sale Of Security": -962000.0,
        "Net Non Operating Interest Income Expense": 632000.0,
        "Interest Expense Non Operating": 213000.0,
        "Interest Income Non Operating": 845000.0,
        "Operating Income": 5046000.0,
        "Operating Expense": 10682000.0,
        "Other Taxes": 395000.0,
        "Selling General And Administration": 10287000.0,
        "Gross Profit": 15728000.0,
        "Cost Of Revenue": 138657000.0,
        "Total Revenue": 154385000.0,
        "Operating Revenue": 154385000.0
    }
}