{
    "2023-03-31": {
        "Tax Effect Of Unusual Items": -12090330.0,
        "Tax Rate For Calcs": 0.21,
        "Normalized EBITDA": 21766000.0,
        "Total Unusual Items": -57573000.0,
        "Total Unusual Items Excluding Goodwill": -57573000.0,
        "Net Income From Continuing Operation Net Minority Interest": -43493000.0,
        "Reconciled Depreciation": 1667000.0,
        "Reconciled Cost Of Revenue": 34777000.0,
        "EBITDA": -35807000.0,
        "EBIT": -37474000.0,
        "Net Interest Income": 227000.0,
        "Interest Expense": 157000.0,
        "Interest Income": 384000.0,
        "Normalized Income": 1989670.0,
        "Net Income From Continuing And Discontinued Operation": -43493000.0,
        "Total Expenses": 183570000.0,
        "Total Operating Income As Reported": -37665000.0,
        "Diluted Average Shares": 44437000.0,
        "Basic Average Shares": 44437000.0,
        "Diluted EPS": -0.98,
        "Basic EPS": -0.98,
        "Diluted NI Availto Com Stockholders": -43493000.0,
        "Net Income Common Stockholders": -43493000.0,
        "Net Income": -43493000.0,
        "Net Income Including Noncontrolling Interests": -43493000.0,
        "Net Income Continuous Operations": -43493000.0,
        "Tax Provision": 5862000.0,
        "Pretax Income": -37631000.0,
        "Other Income Expense": -57766000.0,
        "Other Non Operating Income Expenses": -193000.0,
        "Special Income Charges": -57573000.0,
        "Restructuring And Mergern Acquisition": 4092000.0,
        "Net Non Operating Interest Income Expense": 227000.0,
        "Interest Expense Non Operating": 157000.0,
        "Interest Income Non Operating": 384000.0,
        "Operating Income": 19908000.0,
        "Operating Expense": 148765000.0,
        "Depreciation Amortization Depletion Income Statement": 1639000.0,
        "Depreciation And Amortization In Income Statement": 1639000.0,
        "Research And Development": 32176000.0,
        "Selling General And Administration": 114950000.0,
        "Selling And Marketing Expense": 87222000.0,
        "General And Administrative Expense": 27728000.0,
        "Other Gand A": 27728000.0,
        "Gross Profit": 168673000.0,
        "Cost Of Revenue": 34805000.0,
        "Total Revenue": 203478000.0,
        "Operating Revenue": 203478000.0
    },
    "2022-12-31": {
        "Tax Effect Of Unusual Items": -1937880.0,
        "Tax Rate For Calcs": 0.21,
        "Normalized EBITDA": 17534000.0,
        "Total Unusual Items": -9228000.0,
        "Total Unusual Items Excluding Goodwill": -9228000.0,
        "Net Income From Continuing Operation Net Minority Interest": -310000.0,
        "Reconciled Depreciation": 2801000.0,
        "Reconciled Cost Of Revenue": 34196000.0,
        "EBITDA": 8306000.0,
        "EBIT": 5505000.0,
        "Net Interest Income": 259000.0,
        "Interest Expense": 105000.0,
        "Interest Income": 364000.0,
        "Normalized Income": 6980120.0,
        "Net Income From Continuing And Discontinued Operation": -310000.0,
        "Total Expenses": 180828000.0,
        "Total Operating Income As Reported": 5018000.0,
        "Diluted Average Shares": 44712000.0,
        "Basic Average Shares": 44712000.0,
        "Diluted EPS": -0.01,
        "Basic EPS": -0.01,
        "Diluted NI Availto Com Stockholders": -310000.0,
        "Net Income Common Stockholders": -310000.0,
        "Net Income": -310000.0,
        "Net Income Including Noncontrolling Interests": -310000.0,
        "Net Income Continuous Operations": -310000.0,
        "Tax Provision": 5710000.0,
        "Pretax Income": 5400000.0,
        "Other Income Expense": -9105000.0,
        "Other Non Operating Income Expenses": 123000.0,
        "Special Income Charges": -9228000.0,
        "Restructuring And Mergern Acquisition": 9228000.0,
        "Net Non Operating Interest Income Expense": 259000.0,
        "Interest Expense Non Operating": 105000.0,
        "Interest Income Non Operating": 364000.0,
        "Operating Income": 14246000.0,
        "Operating Expense": 146290000.0,
        "Depreciation Amortization Depletion Income Statement": 2459000.0,
        "Depreciation And Amortization In Income Statement": 2459000.0,
        "Research And Development": 32505000.0,
        "Selling General And Administration": 111326000.0,
        "Selling And Marketing Expense": 87343000.0,
        "General And Administrative Expense": 23983000.0,
        "Other Gand A": 23983000.0,
        "Gross Profit": 160536000.0,
        "Cost Of Revenue": 34538000.0,
        "Total Revenue": 195074000.0,
        "Operating Revenue": 195074000.0
    },
    "2022-09-30": {
        "Tax Effect Of Unusual Items": 0.0,
        "Tax Rate For Calcs": 0.4,
        "Normalized EBITDA": 12636000.0,
        "Total Unusual Items": 0.0,
        "Total Unusual Items Excluding Goodwill": 0.0,
        "Net Income From Continuing Operation Net Minority Interest": 4518000.0,
        "Reconciled Depreciation": 2878000.0,
        "Reconciled Cost Of Revenue": 31961000.0,
        "EBITDA": 12636000.0,
        "EBIT": 9758000.0,
        "Net Interest Income": 186000.0,
        "Interest Expense": 105000.0,
        "Interest Income": 291000.0,
        "Normalized Income": 4518000.0,
        "Net Income From Continuing And Discontinued Operation": 4518000.0,
        "Total Expenses": 178744000.0,
        "Total Operating Income As Reported": 9313000.0,
        "Diluted Average Shares": 45540000.0,
        "Basic Average Shares": 44759000.0,
        "Diluted EPS": 0.1,
        "Basic EPS": 0.1,
        "Diluted NI Availto Com Stockholders": 4518000.0,
        "Net Income Common Stockholders": 4518000.0,
        "Net Income": 4518000.0,
        "Net Income Including Noncontrolling Interests": 4518000.0,
        "Net Income Continuous Operations": 4518000.0,
        "Tax Provision": 5135000.0,
        "Pretax Income": 9653000.0,
        "Other Income Expense": 154000.0,
        "Other Non Operating Income Expenses": 154000.0,
        "Special Income Charges": 0.0,
        "Impairment Of Capital Assets": NaN,
        "Restructuring And Mergern Acquisition": 0.0,
        "Net Non Operating Interest Income Expense": 186000.0,
        "Interest Expense Non Operating": 105000.0,
        "Interest Income Non Operating": 291000.0,
        "Operating Income": 9313000.0,
        "Operating Expense": 146442000.0,
        "Depreciation Amortization Depletion Income Statement": 2537000.0,
        "Depreciation And Amortization In Income Statement": 2537000.0,
        "Research And Development": 37053000.0,
        "Selling General And Administration": 106852000.0,
        "Selling And Marketing Expense": 81299000.0,
        "General And Administrative Expense": 25553000.0,
        "Other Gand A": 25553000.0,
        "Gross Profit": 155755000.0,
        "Cost Of Revenue": 32302000.0,
        "Total Revenue": 188057000.0,
        "Operating Revenue": 188057000.0
    },
    "2022-06-30": {
        "Tax Effect Of Unusual Items": -852800.0,
        "Tax Rate For Calcs": 0.4,
        "Normalized EBITDA": 12430000.0,
        "Total Unusual Items": -2132000.0,
        "Total Unusual Items Excluding Goodwill": -2132000.0,
        "Net Income From Continuing Operation Net Minority Interest": 3511000.0,
        "Reconciled Depreciation": 2977000.0,
        "Reconciled Cost Of Revenue": 33415000.0,
        "EBITDA": 10298000.0,
        "EBIT": 7321000.0,
        "Net Interest Income": 156000.0,
        "Interest Expense": 105000.0,
        "Interest Income": 261000.0,
        "Normalized Income": 4790200.0,
        "Net Income From Continuing And Discontinued Operation": 3511000.0,
        "Total Expenses": 188400000.0,
        "Total Operating Income As Reported": 7449000.0,
        "Diluted Average Shares": 45865000.0,
        "Basic Average Shares": 44743000.0,
        "Diluted EPS": 0.08,
        "Basic EPS": 0.08,
        "Diluted NI Availto Com Stockholders": 3511000.0,
        "Net Income Common Stockholders": 3511000.0,
        "Net Income": 3511000.0,
        "Net Income Including Noncontrolling Interests": 3511000.0,
        "Net Income Continuous Operations": 3511000.0,
        "Tax Provision": 3705000.0,
        "Pretax Income": 7216000.0,
        "Other Income Expense": -2521000.0,
        "Other Non Operating Income Expenses": -389000.0,
        "Special Income Charges": -2132000.0,
        "Impairment Of Capital Assets": NaN,
        "Restructuring And Mergern Acquisition": 2132000.0,
        "Net Non Operating Interest Income Expense": 156000.0,
        "Interest Expense Non Operating": 105000.0,
        "Interest Income Non Operating": 261000.0,
        "Operating Income": 9581000.0,
        "Operating Expense": 154643000.0,
        "Depreciation Amortization Depletion Income Statement": 2635000.0,
        "Depreciation And Amortization In Income Statement": 2635000.0,
        "Research And Development": 40113000.0,
        "Selling General And Administration": 111895000.0,
        "Selling And Marketing Expense": 84919000.0,
        "General And Administrative Expense": 26976000.0,
        "Other Gand A": 26976000.0,
        "Gross Profit": 164224000.0,
        "Cost Of Revenue": 33757000.0,
        "Total Revenue": 197981000.0,
        "Operating Revenue": 197981000.0
    },
    "2023-06-30": {
        "Tax Effect Of Unusual Items": 0.0,
        "Tax Rate For Calcs": 0.352525,
        "Normalized EBITDA": 21233000.0,
        "Total Unusual Items": 0.0,
        "Total Unusual Items Excluding Goodwill": 0.0,
        "Net Income From Continuing Operation Net Minority Interest": 12629000.0,
        "Reconciled Depreciation": 1632000.0,
        "Reconciled Cost Of Revenue": 35521000.0,
        "EBITDA": 21233000.0,
        "EBIT": 19601000.0,
        "Net Interest Income": 684000.0,
        "Interest Expense": 96000.0,
        "Interest Income": 780000.0,
        "Normalized Income": 12629000.0,
        "Net Income From Continuing And Discontinued Operation": 12629000.0,
        "Total Expenses": 179670000.0,
        "Total Operating Income As Reported": 18480000.0,
        "Diluted Average Shares": 44975000.0,
        "Basic Average Shares": 44057000.0,
        "Diluted EPS": 0.28,
        "Basic EPS": 0.29,
        "Diluted NI Availto Com Stockholders": 12629000.0,
        "Net Income Common Stockholders": 12629000.0,
        "Net Income": 12629000.0,
        "Net Income Including Noncontrolling Interests": 12629000.0,
        "Net Income Continuous Operations": 12629000.0,
        "Tax Provision": 6876000.0,
        "Pretax Income": 19505000.0,
        "Other Income Expense": 341000.0,
        "Other Non Operating Income Expenses": 341000.0,
        "Special Income Charges": 0.0,
        "Restructuring And Mergern Acquisition": 0.0,
        "Net Non Operating Interest Income Expense": 684000.0,
        "Interest Expense Non Operating": 96000.0,
        "Interest Income Non Operating": 780000.0,
        "Operating Income": 18480000.0,
        "Operating Expense": 144120000.0,
        "Depreciation Amortization Depletion Income Statement": 1603000.0,
        "Depreciation And Amortization In Income Statement": 1603000.0,
        "Research And Development": 31431000.0,
        "Selling General And Administration": 111086000.0,
        "Selling And Marketing Expense": 84127000.0,
        "General And Administrative Expense": 26959000.0,
        "Other Gand A": 26959000.0,
        "Gross Profit": 162600000.0,
        "Cost Of Revenue": 35550000.0,
        "Total Revenue": 198150000.0,
        "Operating Revenue": 187360000.0
    },
    "2022-03-31": {
        "Diluted EPS": 0.17,
        "Total Revenue": 206,
        "Gross Profit": 174,
        "Operating Income": 11,
        "EBIT": 19,
        "Net Income": 8
    },
    "2021-12-31": {
        "Diluted EPS": 0.21,
        "Total Revenue": 202,
        "Gross Profit": 172,
        "Operating Income": 12,
        "EBIT": 20,
        "Net Income": 10
    },
    "2021-09-30": {
        "Diluted EPS": 0.04,
        "Total Revenue": 178,
        "Gross Profit": 151,
        "Operating Income": 2,
        "EBIT": 9,
        "Net Income": 2
    },
    "2021-06-30": {
        "Diluted EPS": 0.29,
        "Total Revenue": 183,
        "Gross Profit": 158,
        "Operating Income": 15,
        "EBIT": 22,
        "Net Income": 14
    },
    "2021-03-31": {
        "Diluted EPS": 0.15,
        "Total Revenue": 191,
        "Gross Profit": 162,
        "Operating Income": 10,
        "EBIT": -23,
        "Net Income": 6
    },
    "2020-12-31": {
        "Diluted EPS": 0.03,
        "Total Revenue": 188,
        "Gross Profit": 160,
        "Operating Income": 3,
        "EBIT": 10,
        "Net Income": 2
    },
    "2020-09-30": {
        "Diluted EPS": -0.89,
        "Total Revenue": 171,
        "Gross Profit": 144,
        "Operating Income": -42,
        "EBIT": 9,
        "Net Income": -41
    },
    "2020-06-30": {
        "Diluted EPS": 0.05,
        "Total Revenue": 173,
        "Gross Profit": 148,
        "Operating Income": 7,
        "EBIT": 17,
        "Net Income": 2
    },
    "2020-03-31": {
        "Diluted EPS": 0.2,
        "Total Revenue": 165,
        "Gross Profit": 138,
        "Operating Income": -2,
        "EBIT": 8,
        "Net Income": 9
    },
    "2019-12-31": {
        "Diluted EPS": -0.01,
        "Total Revenue": 176,
        "Gross Profit": 146,
        "Operating Income": 0,
        "EBIT": 10,
        "Net Income": -1
    },
    "2019-09-30": {
        "Diluted EPS": -0.16,
        "Total Revenue": 168,
        "Gross Profit": 136,
        "Operating Income": -8,
        "EBIT": -1,
        "Net Income": -7
    },
    "2019-06-30": {
        "Diluted EPS": -0.15,
        "Total Revenue": 162,
        "Gross Profit": 133,
        "Operating Income": -7,
        "EBIT": 1,
        "Net Income": -7
    },
    "2019-03-31": {
        "Diluted EPS": -0.04,
        "Total Revenue": 181,
        "Gross Profit": 148,
        "Operating Income": 0,
        "EBIT": 8,
        "Net Income": -2
    },
    "2018-12-31": {
        "Diluted EPS": 0.28,
        "Total Revenue": 184,
        "Gross Profit": 155,
        "Operating Income": 10,
        "EBIT": 18,
        "Net Income": 13
    },
    "2018-09-30": {
        "Diluted EPS": 0.02,
        "Total Revenue": 169,
        "Gross Profit": 142,
        "Operating Income": 1,
        "EBIT": 8,
        "Net Income": 1
    },
    "2018-06-30": {
        "Diluted EPS": -0.19,
        "Total Revenue": 176,
        "Gross Profit": 149,
        "Operating Income": -7,
        "EBIT": 1,
        "Net Income": -9
    },
    "2018-03-31": {
        "Diluted EPS": -0.04,
        "Total Revenue": 185,
        "Gross Profit": 157,
        "Operating Income": 5,
        "EBIT": 12,
        "Net Income": -2
    },
    "2017-12-31": {
        "Diluted EPS": -1.3,
        "Total Revenue": 180,
        "Gross Profit": 155,
        "Operating Income": 3,
        "EBIT": 10,
        "Net Income": -59
    },
    "2017-09-30": {
        "Diluted EPS": -0.02,
        "Total Revenue": 168,
        "Gross Profit": 145,
        "Operating Income": -5,
        "EBIT": 2,
        "Net Income": -1
    },
    "2017-06-30": {
        "Diluted EPS": -0.01,
        "Total Revenue": 166,
        "Gross Profit": 144,
        "Operating Income": -4,
        "EBIT": 3,
        "Net Income": 0
    },
    "2017-03-31": {
        "Diluted EPS": 0.01,
        "Total Revenue": 167,
        "Gross Profit": 145,
        "Operating Income": -2,
        "EBIT": 5,
        "Net Income": 0
    },
    "2016-12-31": {
        "Diluted EPS": 0.04,
        "Total Revenue": 167,
        "Gross Profit": 146,
        "Operating Income": 4,
        "EBIT": 11,
        "Net Income": 2
    },
    "2016-09-30": {
        "Diluted EPS": 0.0,
        "Total Revenue": 159,
        "Gross Profit": 138,
        "Operating Income": 0,
        "EBIT": 6,
        "Net Income": 0
    },
    "2016-06-30": {
        "Diluted EPS": -0.06,
        "Total Revenue": 152,
        "Gross Profit": 131,
        "Operating Income": -3,
        "EBIT": 3,
        "Net Income": -3
    },
    "2016-03-31": {
        "Diluted EPS": 0.17,
        "Total Revenue": 158,
        "Gross Profit": 137,
        "Operating Income": 11,
        "EBIT": 25,
        "Net Income": 7
    },
    "2015-12-31": {
        "Diluted EPS": 0.1,
        "Total Revenue": 156,
        "Gross Profit": 135,
        "Operating Income": 4,
        "EBIT": 6,
        "Net Income": 5
    },
    "2015-09-30": {
        "Diluted EPS": -0.2,
        "Total Revenue": 141,
        "Gross Profit": 120,
        "Operating Income": -5,
        "EBIT": -2,
        "Net Income": -9
    },
    "2015-06-30": {
        "Diluted EPS": -0.03,
        "Total Revenue": 139,
        "Gross Profit": 119,
        "Operating Income": -6,
        "EBIT": -3,
        "Net Income": -1
    },
    "2015-03-31": {
        "Diluted EPS": 0.06,
        "Total Revenue": 151,
        "Gross Profit": 130,
        "Operating Income": 5,
        "EBIT": 8,
        "Net Income": 3
    },
    "2014-12-31": {
        "Diluted EPS": 0.07,
        "Total Revenue": 153,
        "Gross Profit": 133,
        "Operating Income": 5,
        "EBIT": 8,
        "Net Income": 3
    },
    "2014-09-30": {
        "Diluted EPS": 0.14,
        "Total Revenue": 151,
        "Gross Profit": 131,
        "Operating Income": 11,
        "EBIT": 13,
        "Net Income": 6
    },
    "2014-06-30": {
        "Diluted EPS": 0.27,
        "Total Revenue": 153,
        "Gross Profit": 132,
        "Operating Income": 18,
        "EBIT": 20,
        "Net Income": 13
    },
    "2014-03-31": {
        "Diluted EPS": 0.32,
        "Total Revenue": 157,
        "Gross Profit": 137,
        "Operating Income": 25,
        "EBIT": 26,
        "Net Income": 16
    },
    "2013-12-31": {
        "Diluted EPS": 0.35,
        "Total Revenue": 153,
        "Gross Profit": 135,
        "Operating Income": 28,
        "EBIT": 29,
        "Net Income": 18
    },
    "2013-09-30": {
        "Diluted EPS": 0.35,
        "Total Revenue": 142,
        "Gross Profit": 124,
        "Operating Income": 26,
        "EBIT": 28,
        "Net Income": 17
    },
    "2013-06-30": {
        "Diluted EPS": 0.27,
        "Total Revenue": 134,
        "Gross Profit": 117,
        "Operating Income": 21,
        "EBIT": 23,
        "Net Income": 13
    },
    "2013-03-31": {
        "Diluted EPS": 0.35,
        "Total Revenue": 138,
        "Gross Profit": 120,
        "Operating Income": 22,
        "EBIT": 23,
        "Net Income": 17
    },
    "2012-12-31": {
        "Diluted EPS": 0.25,
        "Total Revenue": 128,
        "Gross Profit": 112,
        "Operating Income": 20,
        "EBIT": 21,
        "Net Income": 12
    },
    "2012-09-30": {
        "Diluted EPS": 0.29,
        "Total Revenue": 118,
        "Gross Profit": 103,
        "Operating Income": 22,
        "EBIT": 24,
        "Net Income": 14
    },
    "2012-06-30": {
        "Diluted EPS": 0.21,
        "Total Revenue": 111,
        "Gross Profit": 96,
        "Operating Income": 16,
        "EBIT": 18,
        "Net Income": 10
    },
    "2012-03-31": {
        "Diluted EPS": 0.21,
        "Total Revenue": 114,
        "Gross Profit": 99,
        "Operating Income": 14,
        "EBIT": 15,
        "Net Income": 10
    },
    "2011-12-31": {
        "Diluted EPS": 0.15,
        "Total Revenue": 104,
        "Gross Profit": 90,
        "Operating Income": 12,
        "EBIT": 13,
        "Net Income": 7
    },
    "2011-09-30": {
        "Diluted EPS": 0.17,
        "Total Revenue": 97,
        "Gross Profit": 84,
        "Operating Income": 13,
        "EBIT": 14,
        "Net Income": 8
    },
    "2011-06-30": {
        "Diluted EPS": 0.15,
        "Total Revenue": 92,
        "Gross Profit": 79,
        "Operating Income": 10,
        "EBIT": 11,
        "Net Income": 7
    },
    "2011-03-31": {
        "Diluted EPS": 0.09,
        "Total Revenue": 90,
        "Gross Profit": 78,
        "Operating Income": 12,
        "EBIT": 13,
        "Net Income": 5
    },
    "2010-12-31": {
        "Diluted EPS": 0.16,
        "Total Revenue": 84,
        "Gross Profit": 73,
        "Operating Income": 10,
        "EBIT": 11,
        "Net Income": 7
    },
    "2010-09-30": {
        "Diluted EPS": 0.12,
        "Total Revenue": 75,
        "Gross Profit": 66,
        "Operating Income": 9,
        "EBIT": 10,
        "Net Income": 5
    },
    "2010-06-30": {
        "Diluted EPS": 0.08,
        "Total Revenue": 66,
        "Gross Profit": 57,
        "Operating Income": 4,
        "EBIT": 5,
        "Net Income": 3
    },
    "2010-03-31": {
        "Diluted EPS": 0.12,
        "Total Revenue": 73,
        "Gross Profit": 64,
        "Operating Income": 10,
        "EBIT": 11,
        "Net Income": 6
    },
    "2009-12-31": {
        "Diluted EPS": 0.12,
        "Total Revenue": 71,
        "Gross Profit": 62,
        "Operating Income": 9,
        "EBIT": 10,
        "Net Income": 5
    },
    "2009-09-30": {
        "Diluted EPS": 0.11,
        "Total Revenue": 67,
        "Gross Profit": 58,
        "Operating Income": 7,
        "EBIT": 7,
        "Net Income": 5
    },
    "2009-06-30": {
        "Diluted EPS": 0.06,
        "Total Revenue": 60,
        "Gross Profit": 52,
        "Operating Income": 6,
        "EBIT": 7,
        "Net Income": 2
    },
    "2009-03-31": {
        "Diluted EPS": 0.0,
        "Total Revenue": 56,
        "Gross Profit": 49,
        "Operating Income": 2,
        "EBIT": 3,
        "Net Income": 0
    },
    "2023-09-30": {
        "Tax Effect Of Unusual Items": NaN,
        "Tax Rate For Calcs": NaN,
        "Normalized EBITDA": NaN,
        "Total Unusual Items": NaN,
        "Total Unusual Items Excluding Goodwill": NaN,
        "Net Income From Continuing Operation Net Minority Interest": NaN,
        "Reconciled Depreciation": NaN,
        "Reconciled Cost Of Revenue": NaN,
        "EBITDA": NaN,
        "EBIT": NaN,
        "Net Interest Income": NaN,
        "Interest Expense": NaN,
        "Interest Income": NaN,
        "Normalized Income": NaN,
        "Net Income From Continuing And Discontinued Operation": NaN,
        "Total Expenses": NaN,
        "Total Operating Income As Reported": NaN,
        "Diluted Average Shares": NaN,
        "Basic Average Shares": NaN,
        "Diluted EPS": NaN,
        "Basic EPS": NaN,
        "Diluted NI Availto Com Stockholders": NaN,
        "Net Income Common Stockholders": NaN,
        "Net Income": NaN,
        "Net Income Including Noncontrolling Interests": NaN,
        "Net Income Continuous Operations": NaN,
        "Tax Provision": NaN,
        "Pretax Income": NaN,
        "Other Income Expense": NaN,
        "Other Non Operating Income Expenses": NaN,
        "Special Income Charges": NaN,
        "Write Off": 0.0,
        "Impairment Of Capital Assets": 0.0,
        "Restructuring And Mergern Acquisition": NaN,
        "Net Non Operating Interest Income Expense": NaN,
        "Interest Expense Non Operating": NaN,
        "Interest Income Non Operating": NaN,
        "Operating Income": NaN,
        "Operating Expense": NaN,
        "Depreciation Amortization Depletion Income Statement": NaN,
        "Depreciation And Amortization In Income Statement": NaN,
        "Research And Development": NaN,
        "Selling General And Administration": NaN,
        "Selling And Marketing Expense": NaN,
        "General And Administrative Expense": NaN,
        "Other Gand A": NaN,
        "Gross Profit": NaN,
        "Cost Of Revenue": NaN,
        "Total Revenue": NaN,
        "Operating Revenue": NaN
    },
    "2023-12-31": {
        "Tax Effect Of Unusual Items": NaN,
        "Tax Rate For Calcs": NaN,
        "Normalized EBITDA": NaN,
        "Total Unusual Items": NaN,
        "Total Unusual Items Excluding Goodwill": NaN,
        "Net Income From Continuing Operation Net Minority Interest": NaN,
        "Reconciled Depreciation": NaN,
        "Reconciled Cost Of Revenue": NaN,
        "EBITDA": NaN,
        "EBIT": NaN,
        "Net Interest Income": NaN,
        "Interest Expense": NaN,
        "Interest Income": NaN,
        "Normalized Income": NaN,
        "Net Income From Continuing And Discontinued Operation": NaN,
        "Total Expenses": NaN,
        "Total Operating Income As Reported": NaN,
        "Diluted Average Shares": NaN,
        "Basic Average Shares": NaN,
        "Diluted EPS": NaN,
        "Basic EPS": NaN,
        "Diluted NI Availto Com Stockholders": NaN,
        "Net Income Common Stockholders": NaN,
        "Net Income": NaN,
        "Net Income Including Noncontrolling Interests": NaN,
        "Net Income Continuous Operations": NaN,
        "Tax Provision": NaN,
        "Pretax Income": NaN,
        "Other Income Expense": NaN,
        "Other Non Operating Income Expenses": NaN,
        "Special Income Charges": NaN,
        "Write Off": 0.0,
        "Impairment Of Capital Assets": 0.0,
        "Restructuring And Mergern Acquisition": NaN,
        "Net Non Operating Interest Income Expense": NaN,
        "Interest Expense Non Operating": NaN,
        "Interest Income Non Operating": NaN,
        "Operating Income": NaN,
        "Operating Expense": NaN,
        "Depreciation Amortization Depletion Income Statement": NaN,
        "Depreciation And Amortization In Income Statement": NaN,
        "Research And Development": NaN,
        "Selling General And Administration": NaN,
        "Selling And Marketing Expense": NaN,
        "General And Administrative Expense": NaN,
        "Other Gand A": NaN,
        "Gross Profit": NaN,
        "Cost Of Revenue": NaN,
        "Total Revenue": NaN,
        "Operating Revenue": NaN
    },
    "2024-03-31": {
        "Tax Effect Of Unusual Items": NaN,
        "Tax Rate For Calcs": NaN,
        "Normalized EBITDA": NaN,
        "Total Unusual Items": NaN,
        "Total Unusual Items Excluding Goodwill": NaN,
        "Net Income From Continuing Operation Net Minority Interest": NaN,
        "Reconciled Depreciation": NaN,
        "Reconciled Cost Of Revenue": NaN,
        "EBITDA": NaN,
        "EBIT": NaN,
        "Net Interest Income": NaN,
        "Interest Expense": NaN,
        "Interest Income": NaN,
        "Normalized Income": NaN,
        "Net Income From Continuing And Discontinued Operation": NaN,
        "Total Expenses": NaN,
        "Total Operating Income As Reported": NaN,
        "Diluted Average Shares": 44917000.0,
        "Basic Average Shares": 43672000.0,
        "Diluted EPS": NaN,
        "Basic EPS": 2.89,
        "Diluted NI Availto Com Stockholders": NaN,
        "Net Income Common Stockholders": NaN,
        "Net Income": NaN,
        "Net Income Including Noncontrolling Interests": NaN,
        "Net Income Continuous Operations": NaN,
        "Tax Provision": NaN,
        "Pretax Income": NaN,
        "Other Income Expense": NaN,
        "Other Non Operating Income Expenses": NaN,
        "Special Income Charges": NaN,
        "Write Off": NaN,
        "Impairment Of Capital Assets": NaN,
        "Restructuring And Mergern Acquisition": NaN,
        "Net Non Operating Interest Income Expense": NaN,
        "Interest Expense Non Operating": NaN,
        "Interest Income Non Operating": NaN,
        "Operating Income": NaN,
        "Operating Expense": NaN,
        "Depreciation Amortization Depletion Income Statement": NaN,
        "Depreciation And Amortization In Income Statement": NaN,
        "Research And Development": NaN,
        "Selling General And Administration": NaN,
        "Selling And Marketing Expense": NaN,
        "General And Administrative Expense": NaN,
        "Other Gand A": NaN,
        "Gross Profit": NaN,
        "Cost Of Revenue": NaN,
        "Total Revenue": NaN,
        "Operating Revenue": NaN
    },
    "2024-06-30": {
        "Tax Effect Of Unusual Items": -481854.991769,
        "Tax Rate For Calcs": 0.102982,
        "Normalized EBITDA": 27394000.0,
        "Total Unusual Items": -4679000.0,
        "Total Unusual Items Excluding Goodwill": -4679000.0,
        "Net Income From Continuing Operation Net Minority Interest": 18527000.0,
        "Reconciled Depreciation": 1957000.0,
        "Reconciled Cost Of Revenue": 39759000.0,
        "EBITDA": 22715000.0,
        "EBIT": 20758000.0,
        "Net Interest Income": 1698000.0,
        "Interest Expense": 104000.0,
        "Interest Income": 1802000.0,
        "Normalized Income": 22724145.008231,
        "Net Income From Continuing And Discontinued Operation": 18527000.0,
        "Total Expenses": 201565000.0,
        "Total Operating Income As Reported": 18428000.0,
        "Diluted Average Shares": 44986000.0,
        "Basic Average Shares": 43678000.0,
        "Diluted EPS": 0.41,
        "Basic EPS": 0.42,
        "Diluted NI Availto Com Stockholders": 18527000.0,
        "Net Income Common Stockholders": 18527000.0,
        "Net Income": 18527000.0,
        "Net Income Including Noncontrolling Interests": 18527000.0,
        "Net Income Continuous Operations": 18527000.0,
        "Tax Provision": 2127000.0,
        "Pretax Income": 20654000.0,
        "Other Income Expense": -4151000.0,
        "Other Non Operating Income Expenses": 528000.0,
        "Special Income Charges": -4679000.0,
        "Write Off": NaN,
        "Impairment Of Capital Assets": NaN,
        "Restructuring And Mergern Acquisition": 4679000.0,
        "Net Non Operating Interest Income Expense": 1698000.0,
        "Interest Expense Non Operating": 104000.0,
        "Interest Income Non Operating": 1802000.0,
        "Operating Income": 23107000.0,
        "Operating Expense": 161777000.0,
        "Depreciation Amortization Depletion Income Statement": 1928000.0,
        "Depreciation And Amortization In Income Statement": 1928000.0,
        "Research And Development": 33104000.0,
        "Selling General And Administration": 126745000.0,
        "Selling And Marketing Expense": 95950000.0,
        "General And Administrative Expense": 30795000.0,
        "Other Gand A": 30795000.0,
        "Gross Profit": 184884000.0,
        "Cost Of Revenue": 39788000.0,
        "Total Revenue": 224672000.0,
        "Operating Revenue": 214104000.0
    },
    "2024-09-30": {
        "Tax Effect Of Unusual Items": NaN,
        "Tax Rate For Calcs": NaN,
        "Normalized EBITDA": NaN,
        "Total Unusual Items": NaN,
        "Total Unusual Items Excluding Goodwill": NaN,
        "Net Income From Continuing Operation Net Minority Interest": NaN,
        "Reconciled Depreciation": NaN,
        "Reconciled Cost Of Revenue": NaN,
        "EBITDA": NaN,
        "EBIT": NaN,
        "Net Interest Income": NaN,
        "Interest Expense": NaN,
        "Interest Income": NaN,
        "Normalized Income": NaN,
        "Net Income From Continuing And Discontinued Operation": NaN,
        "Total Expenses": NaN,
        "Total Operating Income As Reported": NaN,
        "Diluted Average Shares": NaN,
        "Basic Average Shares": NaN,
        "Diluted EPS": NaN,
        "Basic EPS": NaN,
        "Diluted NI Availto Com Stockholders": NaN,
        "Net Income Common Stockholders": NaN,
        "Net Income": NaN,
        "Net Income Including Noncontrolling Interests": NaN,
        "Net Income Continuous Operations": NaN,
        "Tax Provision": NaN,
        "Pretax Income": NaN,
        "Other Income Expense": NaN,
        "Other Non Operating Income Expenses": NaN,
        "Special Income Charges": NaN,
        "Write Off": 2910000.0,
        "Impairment Of Capital Assets": 2910000.0,
        "Restructuring And Mergern Acquisition": NaN,
        "Net Non Operating Interest Income Expense": NaN,
        "Interest Expense Non Operating": NaN,
        "Interest Income Non Operating": NaN,
        "Operating Income": NaN,
        "Operating Expense": NaN,
        "Depreciation Amortization Depletion Income Statement": NaN,
        "Depreciation And Amortization In Income Statement": NaN,
        "Research And Development": NaN,
        "Selling General And Administration": NaN,
        "Selling And Marketing Expense": NaN,
        "General And Administrative Expense": NaN,
        "Other Gand A": NaN,
        "Gross Profit": NaN,
        "Cost Of Revenue": NaN,
        "Total Revenue": NaN,
        "Operating Revenue": NaN
    },
    "2024-12-31": {
        "Tax Effect Of Unusual Items": -1745576.261088,
        "Tax Rate For Calcs": 0.270422,
        "Normalized EBITDA": 24424000.0,
        "Total Unusual Items": -6455000.0,
        "Total Unusual Items Excluding Goodwill": -6455000.0,
        "Net Income From Continuing Operation Net Minority Interest": 11021000.0,
        "Reconciled Depreciation": 2759000.0,
        "Reconciled Cost Of Revenue": 48590000.0,
        "EBITDA": 17969000.0,
        "EBIT": 15210000.0,
        "Net Interest Income": 1460000.0,
        "Interest Expense": 104000.0,
        "Interest Income": 1564000.0,
        "Normalized Income": 15730423.738912,
        "Net Income From Continuing And Discontinued Operation": 11021000.0,
        "Total Expenses": 242560000.0,
        "Total Operating Income As Reported": 13615000.0,
        "Diluted Average Shares": 45184000.0,
        "Basic Average Shares": 43889000.0,
        "Diluted EPS": 0.24,
        "Basic EPS": 0.25,
        "Diluted NI Availto Com Stockholders": 11021000.0,
        "Net Income Common Stockholders": 11021000.0,
        "Net Income": 11021000.0,
        "Net Income Including Noncontrolling Interests": 11021000.0,
        "Net Income Continuous Operations": 11021000.0,
        "Tax Provision": 4085000.0,
        "Pretax Income": 15106000.0,
        "Other Income Expense": -6424000.0,
        "Other Non Operating Income Expenses": 31000.0,
        "Special Income Charges": -6455000.0,
        "Write Off": 0.0,
        "Impairment Of Capital Assets": 0.0,
        "Restructuring And Mergern Acquisition": 6455000.0,
        "Net Non Operating Interest Income Expense": 1460000.0,
        "Interest Expense Non Operating": 104000.0,
        "Interest Income Non Operating": 1564000.0,
        "Operating Income": 20070000.0,
        "Operating Expense": 193941000.0,
        "Depreciation Amortization Depletion Income Statement": 2730000.0,
        "Depreciation And Amortization In Income Statement": 2730000.0,
        "Research And Development": 40010000.0,
        "Selling General And Administration": 151201000.0,
        "Selling And Marketing Expense": 116068000.0,
        "General And Administrative Expense": 35133000.0,
        "Other Gand A": 35133000.0,
        "Gross Profit": 214011000.0,
        "Cost Of Revenue": 48619000.0,
        "Total Revenue": 262630000.0,
        "Operating Revenue": 251822000.0
    },
    "2025-03-31": {
        "Tax Effect Of Unusual Items": -81060.0,
        "Tax Rate For Calcs": 0.21,
        "Normalized EBITDA": 31551000.0,
        "Total Unusual Items": -386000.0,
        "Total Unusual Items Excluding Goodwill": -386000.0,
        "Net Income From Continuing Operation Net Minority Interest": 30993000.0,
        "Reconciled Depreciation": 2429000.0,
        "Reconciled Cost Of Revenue": 47738000.0,
        "EBITDA": 31165000.0,
        "EBIT": 28736000.0,
        "Net Interest Income": 1453000.0,
        "Interest Expense": 103000.0,
        "Interest Income": 1556000.0,
        "Normalized Income": 31297940.0,
        "Net Income From Continuing And Discontinued Operation": 30993000.0,
        "Total Expenses": 247926000.0,
        "Total Operating Income As Reported": 26727000.0,
        "Diluted Average Shares": 45158000.0,
        "Basic Average Shares": 44066000.0,
        "Diluted EPS": 0.69,
        "Basic EPS": 0.7,
        "Diluted NI Availto Com Stockholders": 30993000.0,
        "Net Income Common Stockholders": 30993000.0,
        "Net Income": 30993000.0,
        "Net Income Including Noncontrolling Interests": 30993000.0,
        "Net Income Continuous Operations": 30993000.0,
        "Tax Provision": -2360000.0,
        "Pretax Income": 28633000.0,
        "Other Income Expense": 67000.0,
        "Other Non Operating Income Expenses": 453000.0,
        "Special Income Charges": -386000.0,
        "Write Off": NaN,
        "Impairment Of Capital Assets": 0.0,
        "Restructuring And Mergern Acquisition": 386000.0,
        "Net Non Operating Interest Income Expense": 1453000.0,
        "Interest Expense Non Operating": 103000.0,
        "Interest Income Non Operating": 1556000.0,
        "Operating Income": 27113000.0,
        "Operating Expense": 200160000.0,
        "Depreciation Amortization Depletion Income Statement": 2401000.0,
        "Depreciation And Amortization In Income Statement": 2401000.0,
        "Research And Development": 39333000.0,
        "Selling General And Administration": 158426000.0,
        "Selling And Marketing Expense": 120152000.0,
        "General And Administrative Expense": 38274000.0,
        "Other Gand A": 38274000.0,
        "Gross Profit": 227273000.0,
        "Cost Of Revenue": 47766000.0,
        "Total Revenue": 275039000.0,
        "Operating Revenue": 264699000.0
    },
    "2025-06-30": {
        "Tax Effect Of Unusual Items": 38805.04408,
        "Tax Rate For Calcs": 0.12599,
        "Normalized EBITDA": 29545000.0,
        "Total Unusual Items": 308000.0,
        "Total Unusual Items Excluding Goodwill": 308000.0,
        "Net Income From Continuing Operation Net Minority Interest": 23496000.0,
        "Reconciled Depreciation": 2692000.0,
        "Reconciled Cost Of Revenue": 50692000.0,
        "EBITDA": 29853000.0,
        "EBIT": 27161000.0,
        "Net Interest Income": 1731000.0,
        "Interest Expense": 278000.0,
        "Interest Income": 2009000.0,
        "Normalized Income": 23226805.04408,
        "Net Income From Continuing And Discontinued Operation": 23496000.0,
        "Total Expenses": 257195000.0,
        "Total Operating Income As Reported": 25091000.0,
        "Diluted Average Shares": 45283000.0,
        "Basic Average Shares": 44326000.0,
        "Diluted EPS": 0.52,
        "Basic EPS": 0.53,
        "Diluted NI Availto Com Stockholders": 23496000.0,
        "Net Income Common Stockholders": 23496000.0,
        "Net Income": 23496000.0,
        "Net Income Including Noncontrolling Interests": 23496000.0,
        "Net Income Continuous Operations": 23496000.0,
        "Tax Provision": 3387000.0,
        "Pretax Income": 26883000.0,
        "Other Income Expense": 369000.0,
        "Other Non Operating Income Expenses": 61000.0,
        "Special Income Charges": 308000.0,
        "Write Off": NaN,
        "Impairment Of Capital Assets": NaN,
        "Restructuring And Mergern Acquisition": -308000.0,
        "Net Non Operating Interest Income Expense": 1731000.0,
        "Interest Expense Non Operating": 278000.0,
        "Interest Income Non Operating": 2009000.0,
        "Operating Income": 24783000.0,
        "Operating Expense": 206418000.0,
        "Depreciation Amortization Depletion Income Statement": 2607000.0,
        "Depreciation And Amortization In Income Statement": 2607000.0,
        "Research And Development": 40062000.0,
        "Selling General And Administration": 163749000.0,
        "Selling And Marketing Expense": 122479000.0,
        "General And Administrative Expense": 41270000.0,
        "Other Gand A": 41270000.0,
        "Gross Profit": 231201000.0,
        "Cost Of Revenue": 50777000.0,
        "Total Revenue": 281978000.0,
        "Operating Revenue": 268083000.0
    },
    "2025-09-30": {
        "Tax Effect Of Unusual Items": -35015.231788,
        "Tax Rate For Calcs": 0.024503,
        "Normalized EBITDA": 20147000.0,
        "Total Unusual Items": -1429000.0,
        "Total Unusual Items Excluding Goodwill": -1429000.0,
        "Net Income From Continuing Operation Net Minority Interest": 14730000.0,
        "Reconciled Depreciation": 2981000.0,
        "Reconciled Cost Of Revenue": 54635000.0,
        "EBITDA": 18718000.0,
        "EBIT": 15737000.0,
        "Net Interest Income": 2450000.0,
        "Interest Expense": 637000.0,
        "Interest Income": 3087000.0,
        "Normalized Income": 16123984.768212,
        "Net Income From Continuing And Discontinued Operation": 14730000.0,
        "Total Expenses": 262268000.0,
        "Total Operating Income As Reported": 12491000.0,
        "Diluted Average Shares": 45195000.0,
        "Basic Average Shares": 44406000.0,
        "Diluted EPS": 0.33,
        "Basic EPS": 0.33,
        "Diluted NI Availto Com Stockholders": 14730000.0,
        "Net Income Common Stockholders": 14730000.0,
        "Net Income": 14730000.0,
        "Net Income Including Noncontrolling Interests": 14730000.0,
        "Net Income Continuous Operations": 14730000.0,
        "Tax Provision": 370000.0,
        "Pretax Income": 15100000.0,
        "Other Income Expense": -1270000.0,
        "Other Non Operating Income Expenses": 159000.0,
        "Special Income Charges": -1429000.0,
        "Write Off": 0.0,
        "Impairment Of Capital Assets": NaN,
        "Restructuring And Mergern Acquisition": 1429000.0,
        "Net Non Operating Interest Income Expense": 2450000.0,
        "Interest Expense Non Operating": 637000.0,
        "Interest Income Non Operating": 3087000.0,
        "Operating Income": 13920000.0,
        "Operating Expense": 207224000.0,
        "Depreciation Amortization Depletion Income Statement": 2572000.0,
        "Depreciation And Amortization In Income Statement": 2572000.0,
        "Research And Development": 39859000.0,
        "Selling General And Administration": 164793000.0,
        "Selling And Marketing Expense": 122240000.0,
        "General And Administrative Expense": 42553000.0,
        "Other Gand A": 42553000.0,
        "Gross Profit": 221144000.0,
        "Cost Of Revenue": 55044000.0,
        "Total Revenue": 276188000.0,
        "Operating Revenue": 264967000.0
    },
    "2025-12-31": {
        "Tax Effect Of Unusual Items": -4064578.522795,
        "Tax Rate For Calcs": 0.341992,
        "Normalized EBITDA": 44140000.0,
        "Total Unusual Items": -11885000.0,
        "Total Unusual Items Excluding Goodwill": -11885000.0,
        "Net Income From Continuing Operation Net Minority Interest": 17782000.0,
        "Reconciled Depreciation": 3782000.0,
        "Reconciled Cost Of Revenue": 58119000.0,
        "EBITDA": 32255000.0,
        "EBIT": 28473000.0,
        "Net Interest Income": 6952000.0,
        "Interest Expense": 1449000.0,
        "Interest Income": 8401000.0,
        "Normalized Income": 25602421.477205,
        "Net Income From Continuing And Discontinued Operation": 17782000.0,
        "Total Expenses": 282177000.0,
        "Total Operating Income As Reported": 19770000.0,
        "Diluted Average Shares": 44613000.0,
        "Basic Average Shares": 44111000.0,
        "Diluted EPS": 0.4,
        "Basic EPS": 0.4,
        "Diluted NI Availto Com Stockholders": 17782000.0,
        "Net Income Common Stockholders": 17782000.0,
        "Net Income": 17782000.0,
        "Net Income Including Noncontrolling Interests": 17782000.0,
        "Net Income Continuous Operations": 17782000.0,
        "Tax Provision": 9242000.0,
        "Pretax Income": 27024000.0,
        "Other Income Expense": -11583000.0,
        "Other Non Operating Income Expenses": 302000.0,
        "Special Income Charges": -11885000.0,
        "Write Off": 0.0,
        "Impairment Of Capital Assets": NaN,
        "Restructuring And Mergern Acquisition": 11885000.0,
        "Net Non Operating Interest Income Expense": 6952000.0,
        "Interest Expense Non Operating": 1449000.0,
        "Interest Income Non Operating": 8401000.0,
        "Operating Income": 31655000.0,
        "Operating Expense": 222882000.0,
        "Depreciation Amortization Depletion Income Statement": 2606000.0,
        "Depreciation And Amortization In Income Statement": 2606000.0,
        "Research And Development": 42230000.0,
        "Selling General And Administration": 178046000.0,
        "Selling And Marketing Expense": 139314000.0,
        "General And Administrative Expense": 38732000.0,
        "Other Gand A": 38732000.0,
        "Gross Profit": 254537000.0,
        "Cost Of Revenue": 59295000.0,
        "Total Revenue": 313832000.0,
        "Operating Revenue": 300275000.0
    }
}