{
    "2023-06-30": {
        "Tax Effect Of Unusual Items": NaN,
        "Tax Rate For Calcs": NaN,
        "Normalized EBITDA": NaN,
        "Total Unusual Items": 0.0,
        "Total Unusual Items Excluding Goodwill": 0.0,
        "Net Income From Continuing Operation Net Minority Interest": NaN,
        "Reconciled Depreciation": NaN,
        "Reconciled Cost Of Revenue": NaN,
        "EBITDA": NaN,
        "EBIT": NaN,
        "Net Interest Income": NaN,
        "Interest Expense": NaN,
        "Normalized Income": NaN,
        "Net Income From Continuing And Discontinued Operation": NaN,
        "Total Expenses": NaN,
        "Rent Expense Supplemental": NaN,
        "Total Operating Income As Reported": 42000000.0,
        "Diluted Average Shares": 106222000.0,
        "Basic Average Shares": 106222000.0,
        "Diluted EPS": -0.55,
        "Basic EPS": -0.55,
        "Diluted NI Availto Com Stockholders": NaN,
        "Net Income Common Stockholders": NaN,
        "Net Income": NaN,
        "Minority Interests": NaN,
        "Net Income Including Noncontrolling Interests": NaN,
        "Net Income Continuous Operations": NaN,
        "Tax Provision": NaN,
        "Pretax Income": NaN,
        "Other Income Expense": NaN,
        "Other Non Operating Income Expenses": NaN,
        "Special Income Charges": 0.0,
        "Other Special Charges": NaN,
        "Net Non Operating Interest Income Expense": NaN,
        "Interest Expense Non Operating": NaN,
        "Operating Income": NaN,
        "Operating Expense": NaN,
        "Other Operating Expenses": 5000000.0,
        "Selling General And Administration": NaN,
        "Selling And Marketing Expense": NaN,
        "General And Administrative Expense": NaN,
        "Other Gand A": NaN,
        "Rent And Landing Fees": NaN,
        "Salaries And Wages": NaN,
        "Gross Profit": NaN,
        "Cost Of Revenue": NaN,
        "Total Revenue": NaN,
        "Operating Revenue": NaN
    },
    "2023-03-31": {
        "Tax Effect Of Unusual Items": NaN,
        "Tax Rate For Calcs": NaN,
        "Normalized EBITDA": NaN,
        "Total Unusual Items": NaN,
        "Total Unusual Items Excluding Goodwill": NaN,
        "Net Income From Continuing Operation Net Minority Interest": NaN,
        "Reconciled Depreciation": NaN,
        "Reconciled Cost Of Revenue": NaN,
        "EBITDA": NaN,
        "EBIT": NaN,
        "Net Interest Income": NaN,
        "Interest Expense": NaN,
        "Normalized Income": NaN,
        "Net Income From Continuing And Discontinued Operation": NaN,
        "Total Expenses": NaN,
        "Rent Expense Supplemental": NaN,
        "Total Operating Income As Reported": -132000000.0,
        "Diluted Average Shares": NaN,
        "Basic Average Shares": NaN,
        "Diluted EPS": NaN,
        "Basic EPS": NaN,
        "Diluted NI Availto Com Stockholders": NaN,
        "Net Income Common Stockholders": NaN,
        "Net Income": NaN,
        "Minority Interests": NaN,
        "Net Income Including Noncontrolling Interests": NaN,
        "Net Income Continuous Operations": NaN,
        "Tax Provision": NaN,
        "Pretax Income": NaN,
        "Other Income Expense": NaN,
        "Other Non Operating Income Expenses": NaN,
        "Special Income Charges": NaN,
        "Other Special Charges": NaN,
        "Net Non Operating Interest Income Expense": NaN,
        "Interest Expense Non Operating": NaN,
        "Operating Income": NaN,
        "Operating Expense": NaN,
        "Other Operating Expenses": 1000000.0,
        "Selling General And Administration": NaN,
        "Selling And Marketing Expense": NaN,
        "General And Administrative Expense": NaN,
        "Other Gand A": NaN,
        "Rent And Landing Fees": NaN,
        "Salaries And Wages": NaN,
        "Gross Profit": NaN,
        "Cost Of Revenue": NaN,
        "Total Revenue": NaN,
        "Operating Revenue": NaN
    },
    "2022-12-31": {
        "Tax Effect Of Unusual Items": NaN,
        "Tax Rate For Calcs": NaN,
        "Normalized EBITDA": NaN,
        "Total Unusual Items": NaN,
        "Total Unusual Items Excluding Goodwill": NaN,
        "Net Income From Continuing Operation Net Minority Interest": NaN,
        "Reconciled Depreciation": NaN,
        "Reconciled Cost Of Revenue": NaN,
        "EBITDA": NaN,
        "EBIT": NaN,
        "Net Interest Income": NaN,
        "Interest Expense": NaN,
        "Normalized Income": NaN,
        "Net Income From Continuing And Discontinued Operation": NaN,
        "Total Expenses": NaN,
        "Rent Expense Supplemental": NaN,
        "Total Operating Income As Reported": NaN,
        "Diluted Average Shares": 105909000.0,
        "Basic Average Shares": 105909000.0,
        "Diluted EPS": -7.61,
        "Basic EPS": -7.61,
        "Diluted NI Availto Com Stockholders": NaN,
        "Net Income Common Stockholders": NaN,
        "Net Income": NaN,
        "Minority Interests": NaN,
        "Net Income Including Noncontrolling Interests": NaN,
        "Net Income Continuous Operations": NaN,
        "Tax Provision": NaN,
        "Pretax Income": NaN,
        "Other Income Expense": NaN,
        "Other Non Operating Income Expenses": NaN,
        "Special Income Charges": NaN,
        "Other Special Charges": NaN,
        "Net Non Operating Interest Income Expense": NaN,
        "Interest Expense Non Operating": NaN,
        "Operating Income": NaN,
        "Operating Expense": NaN,
        "Other Operating Expenses": NaN,
        "Selling General And Administration": NaN,
        "Selling And Marketing Expense": NaN,
        "General And Administrative Expense": NaN,
        "Other Gand A": NaN,
        "Rent And Landing Fees": NaN,
        "Salaries And Wages": NaN,
        "Gross Profit": NaN,
        "Cost Of Revenue": NaN,
        "Total Revenue": NaN,
        "Operating Revenue": NaN
    },
    "2022-09-30": {
        "Tax Effect Of Unusual Items": NaN,
        "Tax Rate For Calcs": NaN,
        "Normalized EBITDA": NaN,
        "Total Unusual Items": 0.0,
        "Total Unusual Items Excluding Goodwill": 0.0,
        "Net Income From Continuing Operation Net Minority Interest": NaN,
        "Reconciled Depreciation": NaN,
        "Reconciled Cost Of Revenue": NaN,
        "EBITDA": NaN,
        "EBIT": NaN,
        "Net Interest Income": NaN,
        "Interest Expense": NaN,
        "Normalized Income": NaN,
        "Net Income From Continuing And Discontinued Operation": NaN,
        "Total Expenses": NaN,
        "Rent Expense Supplemental": NaN,
        "Total Operating Income As Reported": NaN,
        "Diluted Average Shares": NaN,
        "Basic Average Shares": NaN,
        "Diluted EPS": NaN,
        "Basic EPS": NaN,
        "Diluted NI Availto Com Stockholders": NaN,
        "Net Income Common Stockholders": NaN,
        "Net Income": NaN,
        "Minority Interests": NaN,
        "Net Income Including Noncontrolling Interests": NaN,
        "Net Income Continuous Operations": NaN,
        "Tax Provision": NaN,
        "Pretax Income": NaN,
        "Other Income Expense": NaN,
        "Other Non Operating Income Expenses": NaN,
        "Special Income Charges": 0.0,
        "Other Special Charges": NaN,
        "Net Non Operating Interest Income Expense": NaN,
        "Interest Expense Non Operating": NaN,
        "Operating Income": NaN,
        "Operating Expense": NaN,
        "Other Operating Expenses": NaN,
        "Selling General And Administration": NaN,
        "Selling And Marketing Expense": NaN,
        "General And Administrative Expense": NaN,
        "Other Gand A": NaN,
        "Rent And Landing Fees": NaN,
        "Salaries And Wages": NaN,
        "Gross Profit": NaN,
        "Cost Of Revenue": NaN,
        "Total Revenue": NaN,
        "Operating Revenue": NaN
    },
    "2022-06-30": {
        "Tax Effect Of Unusual Items": 0.0,
        "Tax Rate For Calcs": 0.4,
        "Normalized EBITDA": -258000000.0,
        "Total Unusual Items": NaN,
        "Total Unusual Items Excluding Goodwill": NaN,
        "Net Income From Continuing Operation Net Minority Interest": -238000000.0,
        "Reconciled Depreciation": 64000000.0,
        "Reconciled Cost Of Revenue": 3488000000.0,
        "EBITDA": -258000000.0,
        "EBIT": -322000000.0,
        "Net Interest Income": -116000000.0,
        "Interest Expense": 116000000.0,
        "Normalized Income": -238000000.0,
        "Net Income From Continuing And Discontinued Operation": -238000000.0,
        "Total Expenses": 4209000000.0,
        "Rent Expense Supplemental": 24000000.0,
        "Diluted Average Shares": 101450000.0,
        "Basic Average Shares": 101450000.0,
        "Diluted EPS": -2.35,
        "Basic EPS": -2.35,
        "Diluted NI Availto Com Stockholders": -238000000.0,
        "Average Dilution Earnings": 0.0,
        "Net Income Common Stockholders": -238000000.0,
        "Net Income": -238000000.0,
        "Minority Interests": 201000000.0,
        "Net Income Including Noncontrolling Interests": -439000000.0,
        "Net Income Continuous Operations": -439000000.0,
        "Tax Provision": 1000000.0,
        "Pretax Income": -438000000.0,
        "Other Income Expense": 3000000.0,
        "Other Non Operating Income Expenses": 3000000.0,
        "Special Income Charges": NaN,
        "Impairment Of Capital Assets": NaN,
        "Net Non Operating Interest Income Expense": -116000000.0,
        "Interest Expense Non Operating": 116000000.0,
        "Operating Income": -325000000.0,
        "Operating Expense": 721000000.0,
        "Selling General And Administration": 721000000.0,
        "Selling And Marketing Expense": 131000000.0,
        "General And Administrative Expense": 590000000.0,
        "Other Gand A": 314000000.0,
        "Rent And Landing Fees": 24000000.0,
        "Salaries And Wages": 252000000.0,
        "Gross Profit": 396000000.0,
        "Cost Of Revenue": 3488000000.0,
        "Total Revenue": 3884000000.0,
        "Operating Revenue": 3666000000.0
    },
    "2022-03-31": {
        "Diluted EPS": -2.89,
        "Total Revenue": NaN,
        "Gross Profit": 298,
        "Operating Income": -429,
        "EBIT": -386,
        "Net Income": -260
    },
    "2021-12-31": {
        "Diluted EPS": -1.05,
        "Total Revenue": NaN,
        "Gross Profit": 516,
        "Operating Income": -104,
        "EBIT": -68,
        "Net Income": -89
    },
    "2021-09-30": {
        "Diluted EPS": -0.38,
        "Total Revenue": NaN,
        "Gross Profit": 523,
        "Operating Income": -23,
        "EBIT": 6,
        "Net Income": -32
    },
    "2021-06-30": {
        "Diluted EPS": 0.26,
        "Total Revenue": NaN,
        "Gross Profit": 552,
        "Operating Income": 82,
        "EBIT": 109,
        "Net Income": 22
    },
    "2021-03-31": {
        "Diluted EPS": -0.46,
        "Total Revenue": NaN,
        "Gross Profit": 338,
        "Operating Income": -59,
        "EBIT": -35,
        "Net Income": -36
    },
    "2020-12-31": {
        "Diluted EPS": -0.72,
        "Total Revenue": NaN,
        "Gross Profit": 244,
        "Operating Income": -98,
        "EBIT": -74,
        "Net Income": -63
    },
    "2020-09-30": {
        "Diluted EPS": -0.1,
        "Total Revenue": NaN,
        "Gross Profit": 262,
        "Operating Income": -7,
        "EBIT": 14,
        "Net Income": -7
    },
    "2020-06-30": {
        "Diluted EPS": -0.62,
        "Total Revenue": NaN,
        "Gross Profit": 150,
        "Operating Income": -89,
        "EBIT": -70,
        "Net Income": -41
    },
    "2020-03-31": {
        "Diluted EPS": -1.19,
        "Total Revenue": NaN,
        "Gross Profit": 138,
        "Operating Income": -138,
        "EBIT": -120,
        "Net Income": -60
    },
    "2019-12-31": {
        "Diluted EPS": -0.85,
        "Total Revenue": NaN,
        "Gross Profit": 143,
        "Operating Income": -99,
        "EBIT": -83,
        "Net Income": -41
    },
    "2019-09-30": {
        "Diluted EPS": -0.6,
        "Total Revenue": NaN,
        "Gross Profit": 138,
        "Operating Income": -70,
        "EBIT": -58,
        "Net Income": -30
    },
    "2019-06-30": {
        "Diluted EPS": -0.44,
        "Total Revenue": 986,
        "Gross Profit": 138,
        "Operating Income": -44,
        "EBIT": -34,
        "Net Income": -20
    },
    "2019-03-31": {
        "Diluted EPS": -0.56,
        "Total Revenue": 755,
        "Gross Profit": 89,
        "Operating Income": -67,
        "EBIT": -58,
        "Net Income": -23
    },
    "2018-12-31": {
        "Diluted EPS": -0.59,
        "Total Revenue": 585,
        "Gross Profit": 56,
        "Operating Income": -75,
        "EBIT": -66,
        "Net Income": -23
    },
    "2018-09-30": {
        "Diluted EPS": -0.5,
        "Total Revenue": 535,
        "Gross Profit": 57,
        "Operating Income": -58,
        "EBIT": -52,
        "Net Income": -17
    },
    "2018-06-30": {
        "Diluted EPS": -0.41,
        "Total Revenue": 475,
        "Gross Profit": 49,
        "Operating Income": -47,
        "EBIT": -41,
        "Net Income": -11
    },
    "2018-03-31": {
        "Diluted EPS": -0.53,
        "Total Revenue": 360,
        "Gross Profit": 34,
        "Operating Income": -49,
        "EBIT": -44,
        "Net Income": -10
    },
    "2017-12-31": {
        "Diluted EPS": -0.46,
        "Total Revenue": 265,
        "Gross Profit": 22,
        "Operating Income": -45,
        "EBIT": -41,
        "Net Income": -7
    },
    "2017-09-30": {
        "Diluted EPS": -0.29,
        "Total Revenue": 225,
        "Gross Profit": 20,
        "Operating Income": -38,
        "EBIT": -35,
        "Net Income": -4
    },
    "2017-06-30": {
        "Diluted EPS": -0.28,
        "Total Revenue": 209,
        "Gross Profit": 16,
        "Operating Income": -36,
        "EBIT": -32,
        "Net Income": -15
    },
    "2017-03-31": {
        "Diluted EPS": -0.28,
        "Total Revenue": 159,
        "Gross Profit": 10,
        "Operating Income": -36,
        "EBIT": -34,
        "Net Income": -38
    },
    "2016-12-31": {
        "Diluted EPS": -0.2,
        "Total Revenue": 107,
        "Gross Profit": 2,
        "Operating Income": -34,
        "EBIT": -33,
        "Net Income": -36
    },
    "2016-09-30": {
        "Diluted EPS": -0.16,
        "Total Revenue": 99,
        "Gross Profit": 7,
        "Operating Income": -21,
        "EBIT": -20,
        "Net Income": -22
    },
    "2016-06-30": {
        "Diluted EPS": -0.13,
        "Total Revenue": 87,
        "Gross Profit": 6,
        "Operating Income": -17,
        "EBIT": -16,
        "Net Income": -18
    },
    "2016-03-31": {
        "Diluted EPS": -0.19,
        "Total Revenue": 73,
        "Gross Profit": 4,
        "Operating Income": -17,
        "EBIT": -16,
        "Net Income": -19
    },
    "2015-12-31": {
        "Diluted EPS": 0.0,
        "Total Revenue": NaN,
        "Gross Profit": NaN,
        "Operating Income": NaN,
        "EBIT": NaN,
        "Net Income": NaN
    },
    "2014-12-31": {
        "Diluted EPS": 0.0,
        "Total Revenue": NaN,
        "Gross Profit": NaN,
        "Operating Income": NaN,
        "EBIT": NaN,
        "Net Income": NaN
    },
    "2023-09-30": {
        "Tax Effect Of Unusual Items": NaN,
        "Tax Rate For Calcs": NaN,
        "Normalized EBITDA": NaN,
        "Total Unusual Items": NaN,
        "Total Unusual Items Excluding Goodwill": NaN,
        "Net Income From Continuing Operation Net Minority Interest": NaN,
        "Reconciled Depreciation": NaN,
        "Reconciled Cost Of Revenue": NaN,
        "EBITDA": NaN,
        "EBIT": NaN,
        "Net Interest Income": NaN,
        "Interest Expense": NaN,
        "Normalized Income": NaN,
        "Net Income From Continuing And Discontinued Operation": NaN,
        "Total Expenses": NaN,
        "Rent Expense Supplemental": NaN,
        "Total Operating Income As Reported": NaN,
        "Diluted Average Shares": NaN,
        "Basic Average Shares": NaN,
        "Diluted EPS": NaN,
        "Basic EPS": NaN,
        "Diluted NI Availto Com Stockholders": NaN,
        "Net Income Common Stockholders": NaN,
        "Net Income": NaN,
        "Minority Interests": NaN,
        "Net Income Including Noncontrolling Interests": NaN,
        "Net Income Continuous Operations": NaN,
        "Tax Provision": NaN,
        "Pretax Income": NaN,
        "Other Income Expense": NaN,
        "Other Non Operating Income Expenses": NaN,
        "Special Income Charges": NaN,
        "Other Special Charges": NaN,
        "Net Non Operating Interest Income Expense": NaN,
        "Interest Expense Non Operating": NaN,
        "Operating Income": NaN,
        "Operating Expense": NaN,
        "Other Operating Expenses": 1000000.0,
        "Selling General And Administration": NaN,
        "Selling And Marketing Expense": NaN,
        "General And Administrative Expense": NaN,
        "Other Gand A": NaN,
        "Rent And Landing Fees": NaN,
        "Salaries And Wages": NaN,
        "Gross Profit": NaN,
        "Cost Of Revenue": NaN,
        "Total Revenue": NaN,
        "Operating Revenue": NaN
    },
    "2023-12-31": {
        "Tax Effect Of Unusual Items": NaN,
        "Tax Rate For Calcs": NaN,
        "Normalized EBITDA": NaN,
        "Total Unusual Items": NaN,
        "Total Unusual Items Excluding Goodwill": NaN,
        "Net Income From Continuing Operation Net Minority Interest": NaN,
        "Reconciled Depreciation": NaN,
        "Reconciled Cost Of Revenue": NaN,
        "EBITDA": NaN,
        "EBIT": NaN,
        "Net Interest Income": NaN,
        "Interest Expense": NaN,
        "Normalized Income": NaN,
        "Net Income From Continuing And Discontinued Operation": NaN,
        "Total Expenses": NaN,
        "Rent Expense Supplemental": NaN,
        "Total Operating Income As Reported": NaN,
        "Diluted Average Shares": NaN,
        "Basic Average Shares": NaN,
        "Diluted EPS": NaN,
        "Basic EPS": NaN,
        "Diluted NI Availto Com Stockholders": NaN,
        "Net Income Common Stockholders": NaN,
        "Net Income": NaN,
        "Minority Interests": NaN,
        "Net Income Including Noncontrolling Interests": NaN,
        "Net Income Continuous Operations": NaN,
        "Tax Provision": NaN,
        "Pretax Income": NaN,
        "Other Income Expense": NaN,
        "Other Non Operating Income Expenses": NaN,
        "Special Income Charges": NaN,
        "Other Special Charges": 0.0,
        "Net Non Operating Interest Income Expense": NaN,
        "Interest Expense Non Operating": NaN,
        "Operating Income": NaN,
        "Operating Expense": NaN,
        "Other Operating Expenses": NaN,
        "Selling General And Administration": NaN,
        "Selling And Marketing Expense": NaN,
        "General And Administrative Expense": NaN,
        "Other Gand A": NaN,
        "Rent And Landing Fees": NaN,
        "Salaries And Wages": NaN,
        "Gross Profit": NaN,
        "Cost Of Revenue": NaN,
        "Total Revenue": NaN,
        "Operating Revenue": NaN
    },
    "2024-03-31": {
        "Tax Effect Of Unusual Items": NaN,
        "Tax Rate For Calcs": NaN,
        "Normalized EBITDA": NaN,
        "Total Unusual Items": NaN,
        "Total Unusual Items Excluding Goodwill": NaN,
        "Net Income From Continuing Operation Net Minority Interest": NaN,
        "Reconciled Depreciation": NaN,
        "Reconciled Cost Of Revenue": NaN,
        "EBITDA": NaN,
        "EBIT": NaN,
        "Net Interest Income": NaN,
        "Interest Expense": NaN,
        "Normalized Income": NaN,
        "Net Income From Continuing And Discontinued Operation": NaN,
        "Total Expenses": NaN,
        "Rent Expense Supplemental": NaN,
        "Total Operating Income As Reported": NaN,
        "Diluted Average Shares": NaN,
        "Basic Average Shares": NaN,
        "Diluted EPS": NaN,
        "Basic EPS": NaN,
        "Diluted NI Availto Com Stockholders": NaN,
        "Net Income Common Stockholders": NaN,
        "Net Income": NaN,
        "Minority Interests": NaN,
        "Net Income Including Noncontrolling Interests": NaN,
        "Net Income Continuous Operations": NaN,
        "Tax Provision": NaN,
        "Pretax Income": NaN,
        "Other Income Expense": NaN,
        "Other Non Operating Income Expenses": NaN,
        "Special Income Charges": NaN,
        "Other Special Charges": NaN,
        "Net Non Operating Interest Income Expense": NaN,
        "Interest Expense Non Operating": NaN,
        "Operating Income": NaN,
        "Operating Expense": NaN,
        "Other Operating Expenses": 1000000.0,
        "Selling General And Administration": NaN,
        "Selling And Marketing Expense": NaN,
        "General And Administrative Expense": NaN,
        "Other Gand A": NaN,
        "Rent And Landing Fees": NaN,
        "Salaries And Wages": NaN,
        "Gross Profit": NaN,
        "Cost Of Revenue": NaN,
        "Total Revenue": NaN,
        "Operating Revenue": NaN
    },
    "2024-06-30": {
        "Tax Effect Of Unusual Items": -40816.326531,
        "Tax Rate For Calcs": 0.020408,
        "Normalized EBITDA": 300000000.0,
        "Total Unusual Items": -2000000.0,
        "Total Unusual Items Excluding Goodwill": -2000000.0,
        "Net Income From Continuing Operation Net Minority Interest": 18000000.0,
        "Reconciled Depreciation": 76000000.0,
        "Reconciled Cost Of Revenue": 2695000000.0,
        "EBITDA": 298000000.0,
        "EBIT": 222000000.0,
        "Net Interest Income": -173000000.0,
        "Interest Expense": 173000000.0,
        "Normalized Income": 19959183.673469,
        "Net Income From Continuing And Discontinued Operation": 18000000.0,
        "Total Expenses": 3151000000.0,
        "Rent Expense Supplemental": 17000000.0,
        "Total Operating Income As Reported": 259000000.0,
        "Diluted Average Shares": 128465000.0,
        "Basic Average Shares": 118930000.0,
        "Diluted EPS": 0.14,
        "Basic EPS": 0.15,
        "Diluted NI Availto Com Stockholders": 18000000.0,
        "Net Income Common Stockholders": 18000000.0,
        "Net Income": 18000000.0,
        "Minority Interests": -30000000.0,
        "Net Income Including Noncontrolling Interests": 48000000.0,
        "Net Income Continuous Operations": 48000000.0,
        "Tax Provision": 1000000.0,
        "Pretax Income": 49000000.0,
        "Other Income Expense": -37000000.0,
        "Other Non Operating Income Expenses": -35000000.0,
        "Special Income Charges": -2000000.0,
        "Other Special Charges": 2000000.0,
        "Net Non Operating Interest Income Expense": -173000000.0,
        "Interest Expense Non Operating": 173000000.0,
        "Operating Income": 259000000.0,
        "Operating Expense": 456000000.0,
        "Other Operating Expenses": 1000000.0,
        "Selling General And Administration": 455000000.0,
        "Selling And Marketing Expense": 55000000.0,
        "General And Administrative Expense": 400000000.0,
        "Other Gand A": 215000000.0,
        "Rent And Landing Fees": 17000000.0,
        "Salaries And Wages": 168000000.0,
        "Gross Profit": 715000000.0,
        "Cost Of Revenue": 2695000000.0,
        "Total Revenue": 3410000000.0,
        "Operating Revenue": 3131000000.0
    },
    "2024-09-30": {
        "Tax Effect Of Unusual Items": -840000.0,
        "Tax Rate For Calcs": 0.21,
        "Normalized EBITDA": 381000000.0,
        "Total Unusual Items": -4000000.0,
        "Total Unusual Items Excluding Goodwill": -4000000.0,
        "Net Income From Continuing Operation Net Minority Interest": 85000000.0,
        "Reconciled Depreciation": 73000000.0,
        "Reconciled Cost Of Revenue": 2848000000.0,
        "EBITDA": 377000000.0,
        "EBIT": 304000000.0,
        "Net Interest Income": -157000000.0,
        "Interest Expense": 157000000.0,
        "Normalized Income": 88160000.0,
        "Net Income From Continuing And Discontinued Operation": 85000000.0,
        "Total Expenses": 3318000000.0,
        "Rent Expense Supplemental": 17000000.0,
        "Total Operating Income As Reported": 337000000.0,
        "Diluted Average Shares": 133555000.0,
        "Basic Average Shares": 123883000.0,
        "Diluted EPS": 0.64,
        "Basic EPS": 0.69,
        "Diluted NI Availto Com Stockholders": 85000000.0,
        "Net Income Common Stockholders": 85000000.0,
        "Net Income": 85000000.0,
        "Minority Interests": -63000000.0,
        "Net Income Including Noncontrolling Interests": 148000000.0,
        "Net Income Continuous Operations": 148000000.0,
        "Tax Provision": -1000000.0,
        "Pretax Income": 147000000.0,
        "Other Income Expense": -33000000.0,
        "Other Non Operating Income Expenses": -29000000.0,
        "Special Income Charges": -4000000.0,
        "Other Special Charges": 4000000.0,
        "Net Non Operating Interest Income Expense": -157000000.0,
        "Interest Expense Non Operating": 157000000.0,
        "Operating Income": 337000000.0,
        "Operating Expense": 470000000.0,
        "Other Operating Expenses": 1000000.0,
        "Selling General And Administration": 469000000.0,
        "Selling And Marketing Expense": 56000000.0,
        "General And Administrative Expense": 413000000.0,
        "Other Gand A": 221000000.0,
        "Rent And Landing Fees": 17000000.0,
        "Salaries And Wages": 175000000.0,
        "Gross Profit": 807000000.0,
        "Cost Of Revenue": 2848000000.0,
        "Total Revenue": 3655000000.0,
        "Operating Revenue": 3329000000.0
    },
    "2024-12-31": {
        "Tax Effect Of Unusual Items": -1260000.0,
        "Tax Rate For Calcs": 0.21,
        "Normalized EBITDA": 384000000.0,
        "Total Unusual Items": -6000000.0,
        "Total Unusual Items Excluding Goodwill": -6000000.0,
        "Net Income From Continuing Operation Net Minority Interest": 79000000.0,
        "Reconciled Depreciation": 74000000.0,
        "Reconciled Cost Of Revenue": 2784000000.0,
        "EBITDA": 378000000.0,
        "EBIT": 304000000.0,
        "Net Interest Income": -148000000.0,
        "Interest Expense": 148000000.0,
        "Normalized Income": 83740000.0,
        "Net Income From Continuing And Discontinued Operation": 79000000.0,
        "Total Expenses": 3287000000.0,
        "Rent Expense Supplemental": 16000000.0,
        "Total Operating Income As Reported": 260000000.0,
        "Diluted Average Shares": 139859000.0,
        "Basic Average Shares": 130164000.0,
        "Diluted EPS": 0.56,
        "Basic EPS": 0.61,
        "Diluted NI Availto Com Stockholders": 79000000.0,
        "Net Income Common Stockholders": 79000000.0,
        "Net Income": 79000000.0,
        "Minority Interests": -80000000.0,
        "Net Income Including Noncontrolling Interests": 159000000.0,
        "Net Income Continuous Operations": 159000000.0,
        "Tax Provision": -3000000.0,
        "Pretax Income": 156000000.0,
        "Other Income Expense": 44000000.0,
        "Other Non Operating Income Expenses": 50000000.0,
        "Special Income Charges": -6000000.0,
        "Other Special Charges": 6000000.0,
        "Net Non Operating Interest Income Expense": -148000000.0,
        "Interest Expense Non Operating": 148000000.0,
        "Operating Income": 260000000.0,
        "Operating Expense": 503000000.0,
        "Other Operating Expenses": 9000000.0,
        "Selling General And Administration": 494000000.0,
        "Selling And Marketing Expense": 64000000.0,
        "General And Administrative Expense": 430000000.0,
        "Other Gand A": 230000000.0,
        "Rent And Landing Fees": 16000000.0,
        "Salaries And Wages": 184000000.0,
        "Gross Profit": 763000000.0,
        "Cost Of Revenue": 2784000000.0,
        "Total Revenue": 3547000000.0,
        "Operating Revenue": 3230000000.0
    },
    "2025-03-31": {
        "Tax Effect Of Unusual Items": -10000.0,
        "Tax Rate For Calcs": 0.005,
        "Normalized EBITDA": 589000000.0,
        "Total Unusual Items": -2000000.0,
        "Total Unusual Items Excluding Goodwill": -2000000.0,
        "Net Income From Continuing Operation Net Minority Interest": 216000000.0,
        "Reconciled Depreciation": 73000000.0,
        "Reconciled Cost Of Revenue": 3303000000.0,
        "EBITDA": 587000000.0,
        "EBIT": 514000000.0,
        "Net Interest Income": -139000000.0,
        "Interest Expense": 139000000.0,
        "Normalized Income": 217990000.0,
        "Net Income From Continuing And Discontinued Operation": 216000000.0,
        "Total Expenses": 3838000000.0,
        "Rent Expense Supplemental": 16000000.0,
        "Total Operating Income As Reported": 394000000.0,
        "Diluted Average Shares": 142587000.0,
        "Basic Average Shares": 134058000.0,
        "Diluted EPS": 1.51,
        "Basic EPS": 1.61,
        "Diluted NI Availto Com Stockholders": 216000000.0,
        "Net Income Common Stockholders": 216000000.0,
        "Net Income": 216000000.0,
        "Minority Interests": -157000000.0,
        "Net Income Including Noncontrolling Interests": 373000000.0,
        "Net Income Continuous Operations": 373000000.0,
        "Tax Provision": 2000000.0,
        "Pretax Income": 375000000.0,
        "Other Income Expense": 120000000.0,
        "Other Non Operating Income Expenses": 122000000.0,
        "Special Income Charges": -2000000.0,
        "Other Special Charges": 2000000.0,
        "Net Non Operating Interest Income Expense": -139000000.0,
        "Interest Expense Non Operating": 139000000.0,
        "Operating Income": 394000000.0,
        "Operating Expense": 535000000.0,
        "Other Operating Expenses": NaN,
        "Selling General And Administration": 535000000.0,
        "Selling And Marketing Expense": 72000000.0,
        "General And Administrative Expense": 463000000.0,
        "Other Gand A": 248000000.0,
        "Rent And Landing Fees": 16000000.0,
        "Salaries And Wages": 199000000.0,
        "Gross Profit": 929000000.0,
        "Cost Of Revenue": 3303000000.0,
        "Total Revenue": 4232000000.0,
        "Operating Revenue": 3843000000.0
    },
    "2025-06-30": {
        "Tax Effect Of Unusual Items": 0.0,
        "Tax Rate For Calcs": 0.0,
        "Normalized EBITDA": 519000000.0,
        "Total Unusual Items": 0.0,
        "Total Unusual Items Excluding Goodwill": 0.0,
        "Net Income From Continuing Operation Net Minority Interest": 183000000.0,
        "Reconciled Depreciation": 68000000.0,
        "Reconciled Cost Of Revenue": 3776000000.0,
        "EBITDA": 519000000.0,
        "EBIT": 451000000.0,
        "Net Interest Income": -143000000.0,
        "Interest Expense": 143000000.0,
        "Normalized Income": 183000000.0,
        "Net Income From Continuing And Discontinued Operation": 183000000.0,
        "Total Expenses": 4329000000.0,
        "Rent Expense Supplemental": 16000000.0,
        "Total Operating Income As Reported": 511000000.0,
        "Diluted Average Shares": 143230000.0,
        "Basic Average Shares": 135414000.0,
        "Diluted EPS": 1.28,
        "Basic EPS": 1.35,
        "Diluted NI Availto Com Stockholders": 183000000.0,
        "Net Income Common Stockholders": 183000000.0,
        "Net Income": 183000000.0,
        "Minority Interests": -125000000.0,
        "Net Income Including Noncontrolling Interests": 308000000.0,
        "Net Income Continuous Operations": 308000000.0,
        "Tax Provision": 0.0,
        "Pretax Income": 308000000.0,
        "Other Income Expense": -60000000.0,
        "Other Non Operating Income Expenses": -60000000.0,
        "Special Income Charges": 0.0,
        "Other Special Charges": NaN,
        "Net Non Operating Interest Income Expense": -143000000.0,
        "Interest Expense Non Operating": 143000000.0,
        "Operating Income": 511000000.0,
        "Operating Expense": 553000000.0,
        "Other Operating Expenses": 2000000.0,
        "Selling General And Administration": 551000000.0,
        "Selling And Marketing Expense": 84000000.0,
        "General And Administrative Expense": 467000000.0,
        "Other Gand A": 250000000.0,
        "Rent And Landing Fees": 16000000.0,
        "Salaries And Wages": 201000000.0,
        "Gross Profit": 1064000000.0,
        "Cost Of Revenue": 3776000000.0,
        "Total Revenue": 4840000000.0,
        "Operating Revenue": 4429000000.0
    }
}