{
    "2023-12-31": {
        "Tax Effect Of Unusual Items": 0.0,
        "Tax Rate For Calcs": 0.21,
        "Normalized EBITDA": 1664977.0,
        "Net Income From Continuing Operation Net Minority Interest": 14759459.0,
        "Reconciled Depreciation": 119976.0,
        "Reconciled Cost Of Revenue": 19409707.0,
        "EBITDA": 1664977.0,
        "EBIT": 1545001.0,
        "Net Interest Income": -638806.0,
        "Interest Expense": 638806.0,
        "Normalized Income": 14759459.0,
        "Net Income From Continuing And Discontinued Operation": 14759459.0,
        "Total Expenses": 21957728.0,
        "Total Operating Income As Reported": 1545001.0,
        "Diluted Average Shares": NaN,
        "Basic Average Shares": NaN,
        "Diluted EPS": NaN,
        "Basic EPS": NaN,
        "Diluted NI Availto Com Stockholders": 14759459.0,
        "Net Income Common Stockholders": 14759459.0,
        "Net Income": 14759459.0,
        "Net Income Including Noncontrolling Interests": 14759459.0,
        "Net Income Continuous Operations": 14759459.0,
        "Tax Provision": -13853264.0,
        "Pretax Income": 906195.0,
        "Net Non Operating Interest Income Expense": -638806.0,
        "Interest Expense Non Operating": 638806.0,
        "Operating Income": 1545001.0,
        "Operating Expense": 2548021.0,
        "Selling General And Administration": 2548021.0,
        "Gross Profit": 4093022.0,
        "Cost Of Revenue": 19409707.0,
        "Total Revenue": 23502729.0,
        "Operating Revenue": 23502729.0
    },
    "2023-09-30": {
        "Tax Effect Of Unusual Items": NaN,
        "Tax Rate For Calcs": NaN,
        "Normalized EBITDA": NaN,
        "Net Income From Continuing Operation Net Minority Interest": NaN,
        "Reconciled Depreciation": NaN,
        "Reconciled Cost Of Revenue": NaN,
        "EBITDA": NaN,
        "EBIT": NaN,
        "Net Interest Income": NaN,
        "Interest Expense": NaN,
        "Normalized Income": NaN,
        "Net Income From Continuing And Discontinued Operation": NaN,
        "Total Expenses": NaN,
        "Total Operating Income As Reported": NaN,
        "Diluted Average Shares": 12793133.0,
        "Basic Average Shares": 12759971.0,
        "Diluted EPS": 0.02,
        "Basic EPS": 0.02,
        "Diluted NI Availto Com Stockholders": NaN,
        "Net Income Common Stockholders": NaN,
        "Net Income": NaN,
        "Net Income Including Noncontrolling Interests": NaN,
        "Net Income Continuous Operations": NaN,
        "Tax Provision": NaN,
        "Pretax Income": NaN,
        "Other Income Expense": NaN,
        "Other Non Operating Income Expenses": NaN,
        "Net Non Operating Interest Income Expense": NaN,
        "Interest Expense Non Operating": NaN,
        "Operating Income": NaN,
        "Operating Expense": NaN,
        "Selling General And Administration": NaN,
        "Gross Profit": NaN,
        "Cost Of Revenue": NaN,
        "Total Revenue": NaN,
        "Operating Revenue": NaN
    },
    "2023-06-30": {
        "Tax Effect Of Unusual Items": NaN,
        "Tax Rate For Calcs": NaN,
        "Normalized EBITDA": NaN,
        "Net Income From Continuing Operation Net Minority Interest": NaN,
        "Reconciled Depreciation": NaN,
        "Reconciled Cost Of Revenue": NaN,
        "EBITDA": NaN,
        "EBIT": NaN,
        "Net Interest Income": NaN,
        "Interest Expense": NaN,
        "Normalized Income": NaN,
        "Net Income From Continuing And Discontinued Operation": NaN,
        "Total Expenses": NaN,
        "Total Operating Income As Reported": NaN,
        "Diluted Average Shares": 12625241.0,
        "Basic Average Shares": 12558793.0,
        "Diluted EPS": 0.09,
        "Basic EPS": 0.09,
        "Diluted NI Availto Com Stockholders": NaN,
        "Net Income Common Stockholders": NaN,
        "Net Income": NaN,
        "Net Income Including Noncontrolling Interests": NaN,
        "Net Income Continuous Operations": NaN,
        "Tax Provision": NaN,
        "Pretax Income": NaN,
        "Net Non Operating Interest Income Expense": NaN,
        "Interest Expense Non Operating": NaN,
        "Operating Income": NaN,
        "Operating Expense": NaN,
        "Selling General And Administration": NaN,
        "Gross Profit": NaN,
        "Cost Of Revenue": NaN,
        "Total Revenue": NaN,
        "Operating Revenue": NaN
    },
    "2023-03-31": {
        "Tax Effect Of Unusual Items": NaN,
        "Tax Rate For Calcs": NaN,
        "Normalized EBITDA": NaN,
        "Net Income From Continuing Operation Net Minority Interest": NaN,
        "Reconciled Depreciation": NaN,
        "Reconciled Cost Of Revenue": NaN,
        "EBITDA": NaN,
        "EBIT": NaN,
        "Net Interest Income": NaN,
        "Interest Expense": NaN,
        "Normalized Income": NaN,
        "Net Income From Continuing And Discontinued Operation": NaN,
        "Total Expenses": NaN,
        "Total Operating Income As Reported": NaN,
        "Diluted Average Shares": 12608189.0,
        "Basic Average Shares": 12520299.0,
        "Diluted EPS": 0.08,
        "Basic EPS": 0.08,
        "Diluted NI Availto Com Stockholders": NaN,
        "Net Income Common Stockholders": NaN,
        "Net Income": NaN,
        "Net Income Including Noncontrolling Interests": NaN,
        "Net Income Continuous Operations": NaN,
        "Tax Provision": NaN,
        "Pretax Income": NaN,
        "Net Non Operating Interest Income Expense": NaN,
        "Interest Expense Non Operating": NaN,
        "Operating Income": NaN,
        "Operating Expense": NaN,
        "Selling General And Administration": NaN,
        "Gross Profit": NaN,
        "Cost Of Revenue": NaN,
        "Total Revenue": NaN,
        "Operating Revenue": NaN
    },
    "2024-03-31": {
        "Tax Effect Of Unusual Items": NaN,
        "Tax Rate For Calcs": NaN,
        "Normalized EBITDA": NaN,
        "Net Income From Continuing Operation Net Minority Interest": NaN,
        "Reconciled Depreciation": NaN,
        "Reconciled Cost Of Revenue": NaN,
        "EBITDA": NaN,
        "EBIT": NaN,
        "Net Interest Income": NaN,
        "Interest Expense": NaN,
        "Normalized Income": NaN,
        "Net Income From Continuing And Discontinued Operation": NaN,
        "Total Expenses": NaN,
        "Total Operating Income As Reported": NaN,
        "Diluted Average Shares": 12680584.0,
        "Basic Average Shares": 12486889.0,
        "Diluted EPS": 0.01,
        "Basic EPS": 0.01,
        "Diluted NI Availto Com Stockholders": NaN,
        "Net Income Common Stockholders": NaN,
        "Net Income": NaN,
        "Net Income Including Noncontrolling Interests": NaN,
        "Net Income Continuous Operations": NaN,
        "Tax Provision": NaN,
        "Pretax Income": NaN,
        "Other Income Expense": NaN,
        "Other Non Operating Income Expenses": NaN,
        "Net Non Operating Interest Income Expense": NaN,
        "Interest Expense Non Operating": NaN,
        "Operating Income": NaN,
        "Operating Expense": NaN,
        "Selling General And Administration": NaN,
        "Gross Profit": NaN,
        "Cost Of Revenue": NaN,
        "Total Revenue": NaN,
        "Operating Revenue": NaN
    },
    "2022-09-30": {
        "Tax Effect Of Unusual Items": NaN,
        "Tax Rate For Calcs": NaN,
        "Normalized EBITDA": NaN,
        "Net Income From Continuing Operation Net Minority Interest": NaN,
        "Reconciled Depreciation": NaN,
        "Reconciled Cost Of Revenue": NaN,
        "EBITDA": NaN,
        "EBIT": NaN,
        "Net Interest Income": NaN,
        "Interest Expense": NaN,
        "Normalized Income": NaN,
        "Net Income From Continuing And Discontinued Operation": NaN,
        "Total Expenses": NaN,
        "Total Operating Income As Reported": NaN,
        "Diluted Average Shares": 12349283.0,
        "Basic Average Shares": 12301752.0,
        "Diluted EPS": 0.15,
        "Basic EPS": 0.15,
        "Diluted NI Availto Com Stockholders": NaN,
        "Net Income Common Stockholders": NaN,
        "Net Income": NaN,
        "Net Income Including Noncontrolling Interests": NaN,
        "Net Income Continuous Operations": NaN,
        "Tax Provision": NaN,
        "Pretax Income": NaN,
        "Net Non Operating Interest Income Expense": NaN,
        "Interest Expense Non Operating": NaN,
        "Operating Income": NaN,
        "Operating Expense": NaN,
        "Selling General And Administration": NaN,
        "Gross Profit": NaN,
        "Cost Of Revenue": NaN,
        "Total Revenue": NaN,
        "Operating Revenue": NaN
    },
    "2024-06-30": {
        "Tax Effect Of Unusual Items": 0.0,
        "Tax Rate For Calcs": 0.195015,
        "Normalized EBITDA": 2911156.0,
        "Net Income From Continuing Operation Net Minority Interest": 1409946.0,
        "Reconciled Depreciation": 571667.0,
        "Reconciled Cost Of Revenue": 15694910.0,
        "EBITDA": 2911156.0,
        "EBIT": 2339489.0,
        "Net Interest Income": -587971.0,
        "Interest Expense": 587971.0,
        "Normalized Income": 1409946.0,
        "Net Income From Continuing And Discontinued Operation": 1409946.0,
        "Total Expenses": 18470845.0,
        "Total Operating Income As Reported": 2339489.0,
        "Diluted Average Shares": 12554153.0,
        "Basic Average Shares": 12440426.0,
        "Diluted EPS": 0.11,
        "Basic EPS": 0.11,
        "Diluted NI Availto Com Stockholders": 1409946.0,
        "Net Income Common Stockholders": 1409946.0,
        "Net Income": 1409946.0,
        "Net Income Including Noncontrolling Interests": 1409946.0,
        "Net Income Continuous Operations": 1409946.0,
        "Tax Provision": 341572.0,
        "Pretax Income": 1751518.0,
        "Other Income Expense": NaN,
        "Other Non Operating Income Expenses": NaN,
        "Net Non Operating Interest Income Expense": -587971.0,
        "Interest Expense Non Operating": 587971.0,
        "Operating Income": 2339489.0,
        "Operating Expense": 2775935.0,
        "Selling General And Administration": 2775935.0,
        "Gross Profit": 5115424.0,
        "Cost Of Revenue": 15694910.0,
        "Total Revenue": 20810334.0,
        "Operating Revenue": 20810334.0
    },
    "2024-09-30": {
        "Tax Effect Of Unusual Items": 0.0,
        "Tax Rate For Calcs": 0.171,
        "Normalized EBITDA": 2054391.0,
        "Net Income From Continuing Operation Net Minority Interest": 749677.0,
        "Reconciled Depreciation": 576758.0,
        "Reconciled Cost Of Revenue": 15200210.0,
        "EBITDA": 2054391.0,
        "EBIT": 1477633.0,
        "Net Interest Income": -573366.0,
        "Interest Expense": 573366.0,
        "Normalized Income": 749677.0,
        "Net Income From Continuing And Discontinued Operation": 749677.0,
        "Total Expenses": 17942246.0,
        "Total Operating Income As Reported": 1477633.0,
        "Diluted Average Shares": 12717128.0,
        "Basic Average Shares": 12647023.0,
        "Diluted EPS": 0.06,
        "Basic EPS": 0.06,
        "Diluted NI Availto Com Stockholders": 749677.0,
        "Net Income Common Stockholders": 749677.0,
        "Net Income": 749677.0,
        "Net Income Including Noncontrolling Interests": 749677.0,
        "Net Income Continuous Operations": 749677.0,
        "Tax Provision": 154590.0,
        "Pretax Income": 904267.0,
        "Other Income Expense": NaN,
        "Other Non Operating Income Expenses": NaN,
        "Net Non Operating Interest Income Expense": -573366.0,
        "Interest Expense Non Operating": 573366.0,
        "Operating Income": 1477633.0,
        "Operating Expense": 2742036.0,
        "Selling General And Administration": 2742036.0,
        "Gross Profit": 4219669.0,
        "Cost Of Revenue": 15200210.0,
        "Total Revenue": 19419879.0,
        "Operating Revenue": 19419879.0
    },
    "2024-12-31": {
        "Tax Effect Of Unusual Items": 0.0,
        "Tax Rate For Calcs": 0.384868,
        "Normalized EBITDA": 2074655.0,
        "Net Income From Continuing Operation Net Minority Interest": 971473.0,
        "Reconciled Depreciation": -1280455.0,
        "Reconciled Cost Of Revenue": 17418289.0,
        "EBITDA": 2074655.0,
        "EBIT": 2074655.0,
        "Net Interest Income": -495362.0,
        "Interest Expense": 495362.0,
        "Normalized Income": 971473.0,
        "Net Income From Continuing And Discontinued Operation": 971473.0,
        "Total Expenses": 19692853.0,
        "Total Operating Income As Reported": 2074655.0,
        "Diluted Average Shares": NaN,
        "Basic Average Shares": NaN,
        "Diluted EPS": NaN,
        "Basic EPS": NaN,
        "Diluted NI Availto Com Stockholders": 971473.0,
        "Net Income Common Stockholders": 971473.0,
        "Net Income": 971473.0,
        "Net Income Including Noncontrolling Interests": 971473.0,
        "Net Income Continuous Operations": 971473.0,
        "Tax Provision": 607820.0,
        "Pretax Income": 1579293.0,
        "Other Income Expense": NaN,
        "Other Non Operating Income Expenses": NaN,
        "Net Non Operating Interest Income Expense": -495362.0,
        "Interest Expense Non Operating": 495362.0,
        "Operating Income": 2074655.0,
        "Operating Expense": 2274564.0,
        "Selling General And Administration": 2274564.0,
        "Gross Profit": 4349219.0,
        "Cost Of Revenue": 17418289.0,
        "Total Revenue": 21767508.0,
        "Operating Revenue": 21767508.0
    },
    "2025-03-31": {
        "Tax Effect Of Unusual Items": 0.0,
        "Tax Rate For Calcs": 0.209,
        "Normalized EBITDA": -600499.0,
        "Net Income From Continuing Operation Net Minority Interest": -1323924.0,
        "Reconciled Depreciation": 584303.0,
        "Reconciled Cost Of Revenue": 13751133.0,
        "EBITDA": -600499.0,
        "EBIT": -1184802.0,
        "Net Interest Income": -488091.0,
        "Interest Expense": 488091.0,
        "Normalized Income": -1323924.0,
        "Net Income From Continuing And Discontinued Operation": -1323924.0,
        "Total Expenses": 16586910.0,
        "Total Operating Income As Reported": -1186302.0,
        "Diluted Average Shares": 12720148.0,
        "Basic Average Shares": 12720148.0,
        "Diluted EPS": -0.1,
        "Basic EPS": -0.1,
        "Diluted NI Availto Com Stockholders": -1323924.0,
        "Net Income Common Stockholders": -1323924.0,
        "Net Income": -1323924.0,
        "Net Income Including Noncontrolling Interests": -1323924.0,
        "Net Income Continuous Operations": -1323924.0,
        "Tax Provision": -348969.0,
        "Pretax Income": -1672893.0,
        "Other Income Expense": 1500.0,
        "Other Non Operating Income Expenses": 1500.0,
        "Net Non Operating Interest Income Expense": -488091.0,
        "Interest Expense Non Operating": 488091.0,
        "Operating Income": -1186302.0,
        "Operating Expense": 2835777.0,
        "Selling General And Administration": 2835777.0,
        "Gross Profit": 1649475.0,
        "Cost Of Revenue": 13751133.0,
        "Total Revenue": 15400608.0,
        "Operating Revenue": 15400608.0
    },
    "2025-06-30": {
        "Tax Effect Of Unusual Items": 0.0,
        "Tax Rate For Calcs": 0.21,
        "Normalized EBITDA": -1555669.0,
        "Net Income From Continuing Operation Net Minority Interest": -1324959.0,
        "Reconciled Depreciation": 429493.0,
        "Reconciled Cost Of Revenue": 14515726.0,
        "EBITDA": -1555669.0,
        "EBIT": -1985162.0,
        "Net Interest Income": -287546.0,
        "Interest Expense": 287546.0,
        "Normalized Income": -1324959.0,
        "Net Income From Continuing And Discontinued Operation": -1324959.0,
        "Total Expenses": 17169750.0,
        "Total Operating Income As Reported": -1990642.0,
        "Diluted Average Shares": 12748869.0,
        "Basic Average Shares": 12748869.0,
        "Diluted EPS": -0.1,
        "Basic EPS": -0.1,
        "Diluted NI Availto Com Stockholders": -1324959.0,
        "Net Income Common Stockholders": -1324959.0,
        "Net Income": -1324959.0,
        "Net Income Including Noncontrolling Interests": -1324959.0,
        "Net Income Continuous Operations": -1324959.0,
        "Tax Provision": -947749.0,
        "Pretax Income": -2272708.0,
        "Other Income Expense": 5480.0,
        "Other Non Operating Income Expenses": 5480.0,
        "Net Non Operating Interest Income Expense": -287546.0,
        "Interest Expense Non Operating": 287546.0,
        "Operating Income": -1990642.0,
        "Operating Expense": 2654024.0,
        "Selling General And Administration": 2654024.0,
        "Gross Profit": 663382.0,
        "Cost Of Revenue": 14515726.0,
        "Total Revenue": 15179108.0,
        "Operating Revenue": 15179108.0
    }
}