{
    "2023-03-31": {
        "Tax Effect Of Unusual Items": NaN,
        "Tax Rate For Calcs": NaN,
        "Normalized EBITDA": NaN,
        "Net Income From Continuing Operation Net Minority Interest": NaN,
        "Reconciled Depreciation": NaN,
        "Reconciled Cost Of Revenue": NaN,
        "EBITDA": NaN,
        "EBIT": NaN,
        "Net Interest Income": NaN,
        "Interest Income": NaN,
        "Normalized Income": NaN,
        "Net Income From Continuing And Discontinued Operation": NaN,
        "Total Expenses": NaN,
        "Total Operating Income As Reported": NaN,
        "Diluted Average Shares": NaN,
        "Basic Average Shares": NaN,
        "Diluted EPS": NaN,
        "Basic EPS": NaN,
        "Diluted NI Availto Com Stockholders": NaN,
        "Average Dilution Earnings": 0.0,
        "Net Income Common Stockholders": NaN,
        "Net Income": NaN,
        "Minority Interests": NaN,
        "Net Income Including Noncontrolling Interests": NaN,
        "Net Income Continuous Operations": NaN,
        "Tax Provision": NaN,
        "Pretax Income": NaN,
        "Other Income Expense": NaN,
        "Other Non Operating Income Expenses": NaN,
        "Net Non Operating Interest Income Expense": NaN,
        "Total Other Finance Cost": -1356000.0,
        "Interest Income Non Operating": NaN,
        "Operating Income": NaN,
        "Operating Expense": NaN,
        "Research And Development": NaN,
        "Selling General And Administration": NaN,
        "Selling And Marketing Expense": NaN,
        "General And Administrative Expense": NaN,
        "Other Gand A": NaN,
        "Salaries And Wages": 16302000.0,
        "Gross Profit": NaN,
        "Cost Of Revenue": NaN,
        "Total Revenue": NaN,
        "Operating Revenue": NaN
    },
    "2022-12-31": {
        "Tax Effect Of Unusual Items": NaN,
        "Tax Rate For Calcs": NaN,
        "Normalized EBITDA": NaN,
        "Total Unusual Items": 0.0,
        "Total Unusual Items Excluding Goodwill": 0.0,
        "Net Income From Continuing Operation Net Minority Interest": NaN,
        "Reconciled Depreciation": NaN,
        "Reconciled Cost Of Revenue": NaN,
        "EBITDA": NaN,
        "EBIT": NaN,
        "Net Interest Income": NaN,
        "Interest Income": NaN,
        "Normalized Income": NaN,
        "Net Income From Continuing And Discontinued Operation": NaN,
        "Total Expenses": NaN,
        "Total Operating Income As Reported": NaN,
        "Diluted Average Shares": NaN,
        "Basic Average Shares": NaN,
        "Diluted EPS": NaN,
        "Basic EPS": NaN,
        "Diluted NI Availto Com Stockholders": NaN,
        "Average Dilution Earnings": NaN,
        "Net Income Common Stockholders": NaN,
        "Net Income": NaN,
        "Minority Interests": NaN,
        "Net Income Including Noncontrolling Interests": NaN,
        "Net Income Continuous Operations": NaN,
        "Tax Provision": NaN,
        "Pretax Income": NaN,
        "Other Income Expense": NaN,
        "Other Non Operating Income Expenses": NaN,
        "Special Income Charges": 0.0,
        "Net Non Operating Interest Income Expense": NaN,
        "Total Other Finance Cost": -1276000.0,
        "Interest Income Non Operating": NaN,
        "Operating Income": NaN,
        "Operating Expense": NaN,
        "Research And Development": NaN,
        "Selling General And Administration": NaN,
        "Selling And Marketing Expense": NaN,
        "General And Administrative Expense": NaN,
        "Other Gand A": NaN,
        "Salaries And Wages": 11214000.0,
        "Gross Profit": NaN,
        "Cost Of Revenue": NaN,
        "Total Revenue": NaN,
        "Operating Revenue": NaN
    },
    "2022-09-30": {
        "Tax Effect Of Unusual Items": NaN,
        "Tax Rate For Calcs": NaN,
        "Normalized EBITDA": NaN,
        "Total Unusual Items": 0.0,
        "Total Unusual Items Excluding Goodwill": 0.0,
        "Net Income From Continuing Operation Net Minority Interest": NaN,
        "Reconciled Depreciation": NaN,
        "Reconciled Cost Of Revenue": NaN,
        "EBITDA": NaN,
        "EBIT": NaN,
        "Net Interest Income": NaN,
        "Interest Income": NaN,
        "Normalized Income": NaN,
        "Net Income From Continuing And Discontinued Operation": NaN,
        "Total Expenses": NaN,
        "Total Operating Income As Reported": NaN,
        "Diluted Average Shares": NaN,
        "Basic Average Shares": NaN,
        "Diluted EPS": NaN,
        "Basic EPS": NaN,
        "Diluted NI Availto Com Stockholders": NaN,
        "Average Dilution Earnings": -52000.0,
        "Net Income Common Stockholders": NaN,
        "Net Income": NaN,
        "Minority Interests": NaN,
        "Net Income Including Noncontrolling Interests": NaN,
        "Net Income Continuous Operations": NaN,
        "Tax Provision": NaN,
        "Pretax Income": NaN,
        "Other Income Expense": NaN,
        "Other Non Operating Income Expenses": NaN,
        "Special Income Charges": 0.0,
        "Net Non Operating Interest Income Expense": NaN,
        "Total Other Finance Cost": NaN,
        "Interest Income Non Operating": NaN,
        "Operating Income": NaN,
        "Operating Expense": NaN,
        "Research And Development": NaN,
        "Selling General And Administration": NaN,
        "Selling And Marketing Expense": NaN,
        "General And Administrative Expense": NaN,
        "Other Gand A": NaN,
        "Salaries And Wages": 8974000.0,
        "Gross Profit": NaN,
        "Cost Of Revenue": NaN,
        "Total Revenue": NaN,
        "Operating Revenue": NaN
    },
    "2022-06-30": {
        "Tax Effect Of Unusual Items": 0.0,
        "Tax Rate For Calcs": 0.4,
        "Normalized EBITDA": 2286000.0,
        "Total Unusual Items": NaN,
        "Total Unusual Items Excluding Goodwill": NaN,
        "Net Income From Continuing Operation Net Minority Interest": -2428000.0,
        "Reconciled Depreciation": 1159000.0,
        "Reconciled Cost Of Revenue": 20919000.0,
        "EBITDA": 2286000.0,
        "EBIT": 1127000.0,
        "Net Interest Income": -403000.0,
        "Interest Expense": 403000.0,
        "Normalized Income": -2428000.0,
        "Net Income From Continuing And Discontinued Operation": -2428000.0,
        "Total Expenses": 72282000.0,
        "Total Operating Income As Reported": 1127000.0,
        "Diluted Average Shares": 185781262.0,
        "Basic Average Shares": 185781262.0,
        "Diluted EPS": -0.01,
        "Basic EPS": -0.01,
        "Diluted NI Availto Com Stockholders": -2428000.0,
        "Average Dilution Earnings": NaN,
        "Net Income Common Stockholders": -2428000.0,
        "Net Income": -2428000.0,
        "Minority Interests": -198000.0,
        "Net Income Including Noncontrolling Interests": -2230000.0,
        "Net Income Continuous Operations": -2230000.0,
        "Tax Provision": 298000.0,
        "Pretax Income": -1932000.0,
        "Other Income Expense": -2656000.0,
        "Other Non Operating Income Expenses": -2656000.0,
        "Special Income Charges": NaN,
        "Net Non Operating Interest Income Expense": -403000.0,
        "Total Other Finance Cost": 403000.0,
        "Interest Expense Non Operating": 403000.0,
        "Operating Income": 1127000.0,
        "Operating Expense": 51363000.0,
        "Research And Development": 22836000.0,
        "Selling General And Administration": 28527000.0,
        "Selling And Marketing Expense": 9859000.0,
        "General And Administrative Expense": 18668000.0,
        "Other Gand A": 9418000.0,
        "Salaries And Wages": 9250000.0,
        "Gross Profit": 52490000.0,
        "Cost Of Revenue": 20919000.0,
        "Total Revenue": 73409000.0,
        "Operating Revenue": 73409000.0
    },
    "2023-06-30": {
        "Tax Effect Of Unusual Items": NaN,
        "Tax Rate For Calcs": NaN,
        "Normalized EBITDA": NaN,
        "Net Income From Continuing Operation Net Minority Interest": NaN,
        "Reconciled Depreciation": NaN,
        "Reconciled Cost Of Revenue": NaN,
        "EBITDA": NaN,
        "EBIT": NaN,
        "Net Interest Income": NaN,
        "Interest Income": NaN,
        "Normalized Income": NaN,
        "Net Income From Continuing And Discontinued Operation": NaN,
        "Total Expenses": NaN,
        "Total Operating Income As Reported": NaN,
        "Diluted Average Shares": NaN,
        "Basic Average Shares": NaN,
        "Diluted EPS": NaN,
        "Basic EPS": NaN,
        "Diluted NI Availto Com Stockholders": NaN,
        "Average Dilution Earnings": NaN,
        "Net Income Common Stockholders": NaN,
        "Net Income": NaN,
        "Minority Interests": NaN,
        "Net Income Including Noncontrolling Interests": NaN,
        "Net Income Continuous Operations": NaN,
        "Tax Provision": NaN,
        "Pretax Income": NaN,
        "Other Income Expense": NaN,
        "Other Non Operating Income Expenses": NaN,
        "Net Non Operating Interest Income Expense": NaN,
        "Total Other Finance Cost": -1333000.0,
        "Interest Income Non Operating": NaN,
        "Operating Income": NaN,
        "Operating Expense": NaN,
        "Research And Development": NaN,
        "Selling General And Administration": NaN,
        "Selling And Marketing Expense": NaN,
        "General And Administrative Expense": NaN,
        "Other Gand A": NaN,
        "Salaries And Wages": 19351000.0,
        "Gross Profit": NaN,
        "Cost Of Revenue": NaN,
        "Total Revenue": NaN,
        "Operating Revenue": NaN
    },
    "2022-03-31": {
        "Diluted EPS": 0.0,
        "Total Revenue": 71,
        "Gross Profit": 50,
        "Operating Income": 1,
        "EBIT": 3,
        "Net Income": 0
    },
    "2021-12-31": {
        "Diluted EPS": 0.0,
        "Total Revenue": 70,
        "Gross Profit": 50,
        "Operating Income": 1,
        "EBIT": 3,
        "Net Income": -3
    },
    "2021-09-30": {
        "Diluted EPS": -0.05,
        "Total Revenue": 64,
        "Gross Profit": 47,
        "Operating Income": 7,
        "EBIT": 9,
        "Net Income": -8
    },
    "2021-06-30": {
        "Diluted EPS": 0.0,
        "Total Revenue": 61,
        "Gross Profit": 45,
        "Operating Income": 9,
        "EBIT": 11,
        "Net Income": 0
    },
    "2021-03-31": {
        "Diluted EPS": 0.0,
        "Total Revenue": 57,
        "Gross Profit": 43,
        "Operating Income": 12,
        "EBIT": 14,
        "Net Income": 3
    },
    "2020-12-31": {
        "Diluted EPS": 0.0,
        "Total Revenue": NaN,
        "Gross Profit": NaN,
        "Operating Income": NaN,
        "EBIT": NaN,
        "Net Income": NaN
    },
    "2020-09-30": {
        "Diluted EPS": 0.0,
        "Total Revenue": 53,
        "Gross Profit": 41,
        "Operating Income": 17,
        "EBIT": 17,
        "Net Income": 11
    },
    "2019-12-31": {
        "Diluted EPS": 0.0,
        "Total Revenue": NaN,
        "Gross Profit": NaN,
        "Operating Income": NaN,
        "EBIT": NaN,
        "Net Income": NaN
    },
    "2023-09-30": {
        "Tax Effect Of Unusual Items": NaN,
        "Tax Rate For Calcs": NaN,
        "Normalized EBITDA": NaN,
        "Net Income From Continuing Operation Net Minority Interest": NaN,
        "Reconciled Depreciation": NaN,
        "Reconciled Cost Of Revenue": NaN,
        "EBITDA": NaN,
        "EBIT": NaN,
        "Net Interest Income": NaN,
        "Interest Income": NaN,
        "Normalized Income": NaN,
        "Net Income From Continuing And Discontinued Operation": NaN,
        "Total Expenses": NaN,
        "Total Operating Income As Reported": NaN,
        "Diluted Average Shares": NaN,
        "Basic Average Shares": NaN,
        "Diluted EPS": NaN,
        "Basic EPS": NaN,
        "Diluted NI Availto Com Stockholders": NaN,
        "Average Dilution Earnings": -454000.0,
        "Net Income Common Stockholders": NaN,
        "Net Income": NaN,
        "Minority Interests": NaN,
        "Net Income Including Noncontrolling Interests": NaN,
        "Net Income Continuous Operations": NaN,
        "Tax Provision": NaN,
        "Pretax Income": NaN,
        "Other Income Expense": NaN,
        "Other Non Operating Income Expenses": NaN,
        "Net Non Operating Interest Income Expense": NaN,
        "Total Other Finance Cost": -1733000.0,
        "Interest Income Non Operating": NaN,
        "Operating Income": NaN,
        "Operating Expense": NaN,
        "Research And Development": NaN,
        "Selling General And Administration": NaN,
        "Selling And Marketing Expense": NaN,
        "General And Administrative Expense": NaN,
        "Other Gand A": NaN,
        "Salaries And Wages": NaN,
        "Gross Profit": NaN,
        "Cost Of Revenue": NaN,
        "Total Revenue": NaN,
        "Operating Revenue": NaN
    },
    "2023-12-31": {
        "Tax Effect Of Unusual Items": NaN,
        "Tax Rate For Calcs": NaN,
        "Normalized EBITDA": NaN,
        "Net Income From Continuing Operation Net Minority Interest": NaN,
        "Reconciled Depreciation": NaN,
        "Reconciled Cost Of Revenue": NaN,
        "EBITDA": NaN,
        "EBIT": NaN,
        "Net Interest Income": NaN,
        "Interest Expense": NaN,
        "Interest Income": NaN,
        "Normalized Income": NaN,
        "Net Income From Continuing And Discontinued Operation": NaN,
        "Total Expenses": NaN,
        "Total Operating Income As Reported": NaN,
        "Diluted Average Shares": NaN,
        "Basic Average Shares": NaN,
        "Diluted EPS": NaN,
        "Basic EPS": NaN,
        "Diluted NI Availto Com Stockholders": NaN,
        "Average Dilution Earnings": NaN,
        "Net Income Common Stockholders": NaN,
        "Net Income": NaN,
        "Minority Interests": NaN,
        "Net Income Including Noncontrolling Interests": NaN,
        "Net Income Continuous Operations": NaN,
        "Tax Provision": NaN,
        "Pretax Income": NaN,
        "Other Income Expense": NaN,
        "Other Non Operating Income Expenses": NaN,
        "Net Non Operating Interest Income Expense": NaN,
        "Total Other Finance Cost": -1979000.0,
        "Interest Expense Non Operating": NaN,
        "Interest Income Non Operating": NaN,
        "Operating Income": NaN,
        "Operating Expense": NaN,
        "Research And Development": NaN,
        "Selling General And Administration": NaN,
        "Selling And Marketing Expense": NaN,
        "General And Administrative Expense": NaN,
        "Other Gand A": NaN,
        "Salaries And Wages": NaN,
        "Gross Profit": NaN,
        "Cost Of Revenue": NaN,
        "Total Revenue": NaN,
        "Operating Revenue": NaN
    },
    "2024-03-31": {
        "Tax Effect Of Unusual Items": NaN,
        "Tax Rate For Calcs": NaN,
        "Normalized EBITDA": NaN,
        "Net Income From Continuing Operation Net Minority Interest": NaN,
        "Reconciled Depreciation": NaN,
        "Reconciled Cost Of Revenue": NaN,
        "EBITDA": NaN,
        "EBIT": NaN,
        "Net Interest Income": NaN,
        "Interest Expense": NaN,
        "Interest Income": 2060000.0,
        "Normalized Income": NaN,
        "Net Income From Continuing And Discontinued Operation": NaN,
        "Total Expenses": NaN,
        "Total Operating Income As Reported": NaN,
        "Diluted Average Shares": NaN,
        "Basic Average Shares": NaN,
        "Diluted EPS": NaN,
        "Basic EPS": NaN,
        "Diluted NI Availto Com Stockholders": NaN,
        "Average Dilution Earnings": 1181000.0,
        "Net Income Common Stockholders": NaN,
        "Net Income": NaN,
        "Minority Interests": NaN,
        "Net Income Including Noncontrolling Interests": NaN,
        "Net Income Continuous Operations": NaN,
        "Tax Provision": NaN,
        "Pretax Income": NaN,
        "Other Income Expense": NaN,
        "Other Non Operating Income Expenses": NaN,
        "Net Non Operating Interest Income Expense": NaN,
        "Interest Expense Non Operating": NaN,
        "Interest Income Non Operating": 2060000.0,
        "Operating Income": NaN,
        "Operating Expense": NaN,
        "Research And Development": NaN,
        "Selling General And Administration": NaN,
        "Selling And Marketing Expense": NaN,
        "General And Administrative Expense": NaN,
        "Other Gand A": NaN,
        "Salaries And Wages": 12168000.0,
        "Gross Profit": NaN,
        "Cost Of Revenue": NaN,
        "Total Revenue": NaN,
        "Operating Revenue": NaN
    },
    "2024-06-30": {
        "Tax Effect Of Unusual Items": NaN,
        "Tax Rate For Calcs": NaN,
        "Normalized EBITDA": NaN,
        "Net Income From Continuing Operation Net Minority Interest": NaN,
        "Reconciled Depreciation": NaN,
        "Reconciled Cost Of Revenue": NaN,
        "EBITDA": NaN,
        "EBIT": NaN,
        "Net Interest Income": NaN,
        "Interest Expense": 1082000.0,
        "Interest Income": 1841000.0,
        "Normalized Income": NaN,
        "Net Income From Continuing And Discontinued Operation": NaN,
        "Total Expenses": NaN,
        "Total Operating Income As Reported": NaN,
        "Diluted Average Shares": NaN,
        "Basic Average Shares": NaN,
        "Diluted EPS": NaN,
        "Basic EPS": NaN,
        "Diluted NI Availto Com Stockholders": NaN,
        "Average Dilution Earnings": NaN,
        "Net Income Common Stockholders": NaN,
        "Net Income": NaN,
        "Minority Interests": NaN,
        "Net Income Including Noncontrolling Interests": NaN,
        "Net Income Continuous Operations": NaN,
        "Tax Provision": NaN,
        "Pretax Income": NaN,
        "Other Income Expense": NaN,
        "Other Non Operating Income Expenses": NaN,
        "Net Non Operating Interest Income Expense": NaN,
        "Interest Expense Non Operating": 1082000.0,
        "Interest Income Non Operating": 1841000.0,
        "Operating Income": NaN,
        "Operating Expense": NaN,
        "Research And Development": NaN,
        "Selling General And Administration": NaN,
        "Selling And Marketing Expense": NaN,
        "General And Administrative Expense": NaN,
        "Other Gand A": NaN,
        "Salaries And Wages": NaN,
        "Gross Profit": NaN,
        "Cost Of Revenue": NaN,
        "Total Revenue": NaN,
        "Operating Revenue": NaN
    },
    "2024-09-30": {
        "Tax Effect Of Unusual Items": 0.0,
        "Tax Rate For Calcs": 0.21,
        "Normalized EBITDA": 10577000.0,
        "Net Income From Continuing Operation Net Minority Interest": 3629000.0,
        "Reconciled Depreciation": 3239000.0,
        "Reconciled Cost Of Revenue": 31357000.0,
        "EBITDA": 10577000.0,
        "EBIT": 7338000.0,
        "Net Interest Income": 2290000.0,
        "Interest Expense": NaN,
        "Interest Income": 2290000.0,
        "Normalized Income": 3629000.0,
        "Net Income From Continuing And Discontinued Operation": 3629000.0,
        "Total Expenses": 108490000.0,
        "Total Operating Income As Reported": 7338000.0,
        "Diluted Average Shares": 231467214.0,
        "Basic Average Shares": 219009124.0,
        "Diluted EPS": 0.02,
        "Basic EPS": 0.02,
        "Diluted NI Availto Com Stockholders": 3629000.0,
        "Average Dilution Earnings": NaN,
        "Net Income Common Stockholders": 3629000.0,
        "Net Income": 3629000.0,
        "Minority Interests": -1140000.0,
        "Net Income Including Noncontrolling Interests": 4769000.0,
        "Net Income Continuous Operations": 4769000.0,
        "Tax Provision": -486000.0,
        "Pretax Income": 4283000.0,
        "Other Income Expense": -5345000.0,
        "Other Non Operating Income Expenses": -5345000.0,
        "Net Non Operating Interest Income Expense": 2290000.0,
        "Interest Expense Non Operating": NaN,
        "Interest Income Non Operating": 2290000.0,
        "Operating Income": 7338000.0,
        "Operating Expense": 77133000.0,
        "Research And Development": 36618000.0,
        "Selling General And Administration": 40515000.0,
        "Selling And Marketing Expense": 17889000.0,
        "General And Administrative Expense": 22626000.0,
        "Other Gand A": 22626000.0,
        "Salaries And Wages": NaN,
        "Gross Profit": 84471000.0,
        "Cost Of Revenue": 31357000.0,
        "Total Revenue": 115828000.0,
        "Operating Revenue": 115828000.0
    },
    "2024-12-31": {
        "Tax Effect Of Unusual Items": 0.0,
        "Tax Rate For Calcs": 0.21,
        "Normalized EBITDA": 4669000.0,
        "Net Income From Continuing Operation Net Minority Interest": 419282000.0,
        "Reconciled Depreciation": 3451000.0,
        "Reconciled Cost Of Revenue": 33561000.0,
        "EBITDA": 4669000.0,
        "EBIT": 1218000.0,
        "Net Interest Income": 2430000.0,
        "Interest Expense": NaN,
        "Interest Income": 2430000.0,
        "Normalized Income": 419282000.0,
        "Net Income From Continuing And Discontinued Operation": 419282000.0,
        "Total Expenses": 125247000.0,
        "Total Operating Income As Reported": 1218000.0,
        "Diluted Average Shares": 258131701.0,
        "Basic Average Shares": 226571994.0,
        "Diluted EPS": 1.63,
        "Basic EPS": 1.85,
        "Diluted NI Availto Com Stockholders": 419282000.0,
        "Average Dilution Earnings": NaN,
        "Net Income Common Stockholders": 419282000.0,
        "Net Income": 419282000.0,
        "Minority Interests": -1023000.0,
        "Net Income Including Noncontrolling Interests": 420305000.0,
        "Net Income Continuous Operations": 420305000.0,
        "Tax Provision": -457143000.0,
        "Pretax Income": -36838000.0,
        "Other Income Expense": -40486000.0,
        "Other Non Operating Income Expenses": -40486000.0,
        "Net Non Operating Interest Income Expense": 2430000.0,
        "Interest Expense Non Operating": NaN,
        "Interest Income Non Operating": 2430000.0,
        "Operating Income": 1218000.0,
        "Operating Expense": 91686000.0,
        "Research And Development": 40904000.0,
        "Selling General And Administration": 50782000.0,
        "Selling And Marketing Expense": 17885000.0,
        "General And Administrative Expense": 32897000.0,
        "Other Gand A": 32897000.0,
        "Salaries And Wages": NaN,
        "Gross Profit": 92904000.0,
        "Cost Of Revenue": 33561000.0,
        "Total Revenue": 126465000.0,
        "Operating Revenue": 126465000.0
    },
    "2025-03-31": {
        "Tax Effect Of Unusual Items": 0.0,
        "Tax Rate For Calcs": 0.183,
        "Normalized EBITDA": 10228000.0,
        "Net Income From Continuing Operation Net Minority Interest": 6510000.0,
        "Reconciled Depreciation": 3146000.0,
        "Reconciled Cost Of Revenue": 33924000.0,
        "EBITDA": 10228000.0,
        "EBIT": 7082000.0,
        "Net Interest Income": 1694000.0,
        "Interest Expense": NaN,
        "Interest Income": 1694000.0,
        "Normalized Income": 6510000.0,
        "Net Income From Continuing And Discontinued Operation": 6510000.0,
        "Total Expenses": 119782000.0,
        "Total Operating Income As Reported": 7082000.0,
        "Diluted Average Shares": 246212517.0,
        "Basic Average Shares": 237324564.0,
        "Diluted EPS": 0.03,
        "Basic EPS": 0.03,
        "Diluted NI Availto Com Stockholders": 6510000.0,
        "Average Dilution Earnings": NaN,
        "Net Income Common Stockholders": 6510000.0,
        "Net Income": 6510000.0,
        "Minority Interests": -426000.0,
        "Net Income Including Noncontrolling Interests": 6936000.0,
        "Net Income Continuous Operations": 6936000.0,
        "Tax Provision": 1550000.0,
        "Pretax Income": 8486000.0,
        "Other Income Expense": -290000.0,
        "Other Non Operating Income Expenses": -290000.0,
        "Net Non Operating Interest Income Expense": 1694000.0,
        "Interest Expense Non Operating": NaN,
        "Interest Income Non Operating": 1694000.0,
        "Operating Income": 7082000.0,
        "Operating Expense": 85858000.0,
        "Research And Development": 37400000.0,
        "Selling General And Administration": 48458000.0,
        "Selling And Marketing Expense": 15622000.0,
        "General And Administrative Expense": 32836000.0,
        "Other Gand A": 21286000.0,
        "Salaries And Wages": 11550000.0,
        "Gross Profit": 92940000.0,
        "Cost Of Revenue": 33924000.0,
        "Total Revenue": 126864000.0,
        "Operating Revenue": 126864000.0
    },
    "2025-06-30": {
        "Tax Effect Of Unusual Items": 0.0,
        "Tax Rate For Calcs": 0.089,
        "Normalized EBITDA": 10572000.0,
        "Net Income From Continuing Operation Net Minority Interest": -23225000.0,
        "Reconciled Depreciation": 23606000.0,
        "Reconciled Cost Of Revenue": 63423000.0,
        "EBITDA": 10572000.0,
        "EBIT": -13034000.0,
        "Net Interest Income": -13464000.0,
        "Interest Expense": 13464000.0,
        "Interest Income": NaN,
        "Normalized Income": -23225000.0,
        "Net Income From Continuing And Discontinued Operation": -23225000.0,
        "Total Expenses": 196517000.0,
        "Total Operating Income As Reported": -14580000.0,
        "Diluted Average Shares": 270632308.0,
        "Basic Average Shares": 270632308.0,
        "Diluted EPS": -0.09,
        "Basic EPS": -0.09,
        "Diluted NI Availto Com Stockholders": -23225000.0,
        "Average Dilution Earnings": NaN,
        "Net Income Common Stockholders": -23225000.0,
        "Net Income": -23225000.0,
        "Minority Interests": 926000.0,
        "Net Income Including Noncontrolling Interests": -24151000.0,
        "Net Income Continuous Operations": -24151000.0,
        "Tax Provision": -2347000.0,
        "Pretax Income": -26498000.0,
        "Other Income Expense": 1546000.0,
        "Other Non Operating Income Expenses": 1546000.0,
        "Net Non Operating Interest Income Expense": -13464000.0,
        "Interest Expense Non Operating": 13464000.0,
        "Interest Income Non Operating": NaN,
        "Operating Income": -14580000.0,
        "Operating Expense": 133094000.0,
        "Research And Development": 49755000.0,
        "Selling General And Administration": 83339000.0,
        "Selling And Marketing Expense": 39221000.0,
        "General And Administrative Expense": 44118000.0,
        "Other Gand A": 44118000.0,
        "Salaries And Wages": NaN,
        "Gross Profit": 118514000.0,
        "Cost Of Revenue": 63423000.0,
        "Total Revenue": 181937000.0,
        "Operating Revenue": 181937000.0
    },
    "2025-09-30": {
        "Tax Effect Of Unusual Items": 0.0,
        "Tax Rate For Calcs": 0.21,
        "Normalized EBITDA": 35415000.0,
        "Net Income From Continuing Operation Net Minority Interest": -10335000.0,
        "Reconciled Depreciation": 29300000.0,
        "Reconciled Cost Of Revenue": 70638000.0,
        "EBITDA": 35415000.0,
        "EBIT": 6115000.0,
        "Net Interest Income": -16119000.0,
        "Interest Expense": 16119000.0,
        "Interest Income": NaN,
        "Normalized Income": -10335000.0,
        "Net Income From Continuing And Discontinued Operation": -10335000.0,
        "Total Expenses": 198556000.0,
        "Total Operating Income As Reported": 6554000.0,
        "Diluted Average Shares": 287979411.0,
        "Basic Average Shares": 287979411.0,
        "Diluted EPS": -0.04,
        "Basic EPS": -0.04,
        "Diluted NI Availto Com Stockholders": -10335000.0,
        "Average Dilution Earnings": NaN,
        "Net Income Common Stockholders": -10335000.0,
        "Net Income": -10335000.0,
        "Minority Interests": 179000.0,
        "Net Income Including Noncontrolling Interests": -10514000.0,
        "Net Income Continuous Operations": -10514000.0,
        "Tax Provision": 510000.0,
        "Pretax Income": -10004000.0,
        "Other Income Expense": -439000.0,
        "Other Non Operating Income Expenses": -439000.0,
        "Net Non Operating Interest Income Expense": -16119000.0,
        "Interest Expense Non Operating": 16119000.0,
        "Interest Income Non Operating": NaN,
        "Operating Income": 6554000.0,
        "Operating Expense": 127918000.0,
        "Research And Development": 52065000.0,
        "Selling General And Administration": 75853000.0,
        "Selling And Marketing Expense": 44471000.0,
        "General And Administrative Expense": 31382000.0,
        "Other Gand A": 31382000.0,
        "Salaries And Wages": NaN,
        "Gross Profit": 134472000.0,
        "Cost Of Revenue": 70638000.0,
        "Total Revenue": 205110000.0,
        "Operating Revenue": 205110000.0
    }
}