{
    "2023-06-30": {
        "Tax Effect Of Unusual Items": NaN,
        "Tax Rate For Calcs": NaN,
        "Total Unusual Items": -177000.0,
        "Total Unusual Items Excluding Goodwill": -177000.0,
        "Net Income From Continuing Operation Net Minority Interest": NaN,
        "Reconciled Depreciation": NaN,
        "Net Interest Income": NaN,
        "Interest Expense": NaN,
        "Interest Income": NaN,
        "Normalized Income": NaN,
        "Net Income From Continuing And Discontinued Operation": NaN,
        "Diluted Average Shares": NaN,
        "Basic Average Shares": NaN,
        "Diluted EPS": NaN,
        "Basic EPS": NaN,
        "Diluted NI Availto Com Stockholders": NaN,
        "Net Income Common Stockholders": NaN,
        "Net Income": NaN,
        "Net Income Including Noncontrolling Interests": NaN,
        "Net Income Continuous Operations": NaN,
        "Tax Provision": NaN,
        "Pretax Income": NaN,
        "Special Income Charges": -177000.0,
        "Restructuring And Mergern Acquisition": 177000.0,
        "Gain On Sale Of Security": NaN,
        "Depreciation Amortization Depletion Income Statement": 34000.0,
        "Depreciation And Amortization In Income Statement": 34000.0,
        "Amortization": 34000.0,
        "Amortization Of Intangibles Income Statement": 34000.0,
        "Selling General And Administration": NaN,
        "Selling And Marketing Expense": NaN,
        "General And Administrative Expense": NaN,
        "Salaries And Wages": NaN,
        "Total Revenue": NaN,
        "Operating Revenue": NaN,
        "Occupancy And Equipment": NaN,
        "Professional Expense And Contract Services Expense": NaN,
        "Other Non Interest Expense": NaN
    },
    "2023-03-31": {
        "Tax Effect Of Unusual Items": NaN,
        "Tax Rate For Calcs": NaN,
        "Total Unusual Items": NaN,
        "Total Unusual Items Excluding Goodwill": NaN,
        "Net Income From Continuing Operation Net Minority Interest": NaN,
        "Reconciled Depreciation": NaN,
        "Net Interest Income": NaN,
        "Interest Expense": NaN,
        "Interest Income": NaN,
        "Normalized Income": NaN,
        "Net Income From Continuing And Discontinued Operation": NaN,
        "Diluted Average Shares": NaN,
        "Basic Average Shares": NaN,
        "Diluted EPS": NaN,
        "Basic EPS": NaN,
        "Diluted NI Availto Com Stockholders": NaN,
        "Net Income Common Stockholders": NaN,
        "Net Income": NaN,
        "Net Income Including Noncontrolling Interests": NaN,
        "Net Income Continuous Operations": NaN,
        "Tax Provision": NaN,
        "Pretax Income": NaN,
        "Special Income Charges": NaN,
        "Other Special Charges": 80000.0,
        "Restructuring And Mergern Acquisition": NaN,
        "Gain On Sale Of Security": NaN,
        "Depreciation Amortization Depletion Income Statement": NaN,
        "Depreciation And Amortization In Income Statement": NaN,
        "Amortization": NaN,
        "Amortization Of Intangibles Income Statement": NaN,
        "Selling General And Administration": NaN,
        "Selling And Marketing Expense": NaN,
        "General And Administrative Expense": NaN,
        "Insurance And Claims": 66000.0,
        "Salaries And Wages": NaN,
        "Total Revenue": NaN,
        "Operating Revenue": NaN,
        "Occupancy And Equipment": NaN,
        "Professional Expense And Contract Services Expense": NaN,
        "Other Non Interest Expense": NaN
    },
    "2022-12-31": {
        "Tax Effect Of Unusual Items": NaN,
        "Tax Rate For Calcs": NaN,
        "Total Unusual Items": -54000.0,
        "Total Unusual Items Excluding Goodwill": -54000.0,
        "Net Income From Continuing Operation Net Minority Interest": NaN,
        "Reconciled Depreciation": NaN,
        "Net Interest Income": NaN,
        "Interest Expense": NaN,
        "Interest Income": NaN,
        "Normalized Income": NaN,
        "Net Income From Continuing And Discontinued Operation": NaN,
        "Diluted Average Shares": NaN,
        "Basic Average Shares": NaN,
        "Diluted EPS": NaN,
        "Basic EPS": NaN,
        "Diluted NI Availto Com Stockholders": NaN,
        "Net Income Common Stockholders": NaN,
        "Net Income": NaN,
        "Net Income Including Noncontrolling Interests": NaN,
        "Net Income Continuous Operations": NaN,
        "Tax Provision": NaN,
        "Pretax Income": NaN,
        "Special Income Charges": -54000.0,
        "Other Special Charges": 54000.0,
        "Restructuring And Mergern Acquisition": NaN,
        "Gain On Sale Of Security": NaN,
        "Depreciation Amortization Depletion Income Statement": NaN,
        "Depreciation And Amortization In Income Statement": NaN,
        "Amortization": NaN,
        "Amortization Of Intangibles Income Statement": NaN,
        "Selling General And Administration": NaN,
        "Selling And Marketing Expense": NaN,
        "General And Administrative Expense": NaN,
        "Insurance And Claims": 66000.0,
        "Salaries And Wages": NaN,
        "Total Revenue": NaN,
        "Operating Revenue": NaN,
        "Occupancy And Equipment": NaN,
        "Professional Expense And Contract Services Expense": NaN,
        "Other Non Interest Expense": NaN
    },
    "2022-09-30": {
        "Tax Effect Of Unusual Items": NaN,
        "Tax Rate For Calcs": NaN,
        "Total Unusual Items": NaN,
        "Total Unusual Items Excluding Goodwill": NaN,
        "Net Income From Continuing Operation Net Minority Interest": NaN,
        "Reconciled Depreciation": NaN,
        "Net Interest Income": NaN,
        "Interest Expense": NaN,
        "Interest Income": NaN,
        "Normalized Income": NaN,
        "Net Income From Continuing And Discontinued Operation": NaN,
        "Diluted Average Shares": NaN,
        "Basic Average Shares": NaN,
        "Diluted EPS": NaN,
        "Basic EPS": NaN,
        "Diluted NI Availto Com Stockholders": NaN,
        "Net Income Common Stockholders": NaN,
        "Net Income": NaN,
        "Net Income Including Noncontrolling Interests": NaN,
        "Net Income Continuous Operations": NaN,
        "Tax Provision": NaN,
        "Pretax Income": NaN,
        "Special Income Charges": NaN,
        "Other Special Charges": NaN,
        "Restructuring And Mergern Acquisition": NaN,
        "Gain On Sale Of Security": NaN,
        "Depreciation Amortization Depletion Income Statement": NaN,
        "Depreciation And Amortization In Income Statement": NaN,
        "Amortization": NaN,
        "Amortization Of Intangibles Income Statement": NaN,
        "Selling General And Administration": NaN,
        "Selling And Marketing Expense": NaN,
        "General And Administrative Expense": NaN,
        "Other Gand A": 1663000.0,
        "Insurance And Claims": NaN,
        "Salaries And Wages": NaN,
        "Total Revenue": NaN,
        "Operating Revenue": NaN
    },
    "2022-06-30": {
        "Tax Effect Of Unusual Items": 0.0,
        "Tax Rate For Calcs": 0.28726,
        "Net Income From Continuing Operation Net Minority Interest": 2635000.0,
        "Reconciled Depreciation": 179000.0,
        "Net Interest Income": 11010000.0,
        "Interest Expense": 696000.0,
        "Interest Income": 11706000.0,
        "Normalized Income": 2635000.0,
        "Net Income From Continuing And Discontinued Operation": 2635000.0,
        "Diluted Average Shares": 8885000.0,
        "Basic Average Shares": 8715000.0,
        "Diluted EPS": 0.3,
        "Basic EPS": 0.3,
        "Diluted NI Availto Com Stockholders": 2635000.0,
        "Net Income Common Stockholders": 2635000.0,
        "Net Income": 2635000.0,
        "Net Income Including Noncontrolling Interests": 2635000.0,
        "Net Income Continuous Operations": 2635000.0,
        "Tax Provision": 1062000.0,
        "Pretax Income": 3697000.0,
        "Depreciation Amortization Depletion Income Statement": 179000.0,
        "Depreciation And Amortization In Income Statement": 179000.0,
        "Depreciation Income Statement": 179000.0,
        "Selling General And Administration": 5708000.0,
        "Selling And Marketing Expense": 233000.0,
        "General And Administrative Expense": 5475000.0,
        "Other Gand A": 307000.0,
        "Insurance And Claims": 164000.0,
        "Salaries And Wages": 5004000.0,
        "Total Revenue": 12061000.0,
        "Operating Revenue": 12061000.0
    },
    "2022-03-31": {
        "Diluted EPS": 0.45,
        "Total Revenue": 13,
        "Gross Profit": 12,
        "Operating Income": 5,
        "EBIT": NaN,
        "Net Income": 4
    },
    "2021-12-31": {
        "Diluted EPS": 0.33,
        "Total Revenue": 12,
        "Gross Profit": 12,
        "Operating Income": 4,
        "EBIT": NaN,
        "Net Income": 3
    },
    "2021-09-30": {
        "Diluted EPS": 0.41,
        "Total Revenue": 13,
        "Gross Profit": 12,
        "Operating Income": 5,
        "EBIT": NaN,
        "Net Income": 4
    },
    "2021-06-30": {
        "Diluted EPS": 0.41,
        "Total Revenue": 13,
        "Gross Profit": 12,
        "Operating Income": 5,
        "EBIT": NaN,
        "Net Income": 4
    },
    "2021-03-31": {
        "Diluted EPS": 0.35,
        "Total Revenue": 12,
        "Gross Profit": 11,
        "Operating Income": 4,
        "EBIT": NaN,
        "Net Income": 3
    },
    "2020-12-31": {
        "Diluted EPS": 0.31,
        "Total Revenue": 12,
        "Gross Profit": 11,
        "Operating Income": 4,
        "EBIT": NaN,
        "Net Income": 3
    },
    "2020-09-30": {
        "Diluted EPS": 0.33,
        "Total Revenue": 12,
        "Gross Profit": 11,
        "Operating Income": 4,
        "EBIT": NaN,
        "Net Income": 3
    },
    "2020-06-30": {
        "Diluted EPS": 0.14,
        "Total Revenue": 11,
        "Gross Profit": 9,
        "Operating Income": 2,
        "EBIT": NaN,
        "Net Income": 1
    },
    "2020-03-31": {
        "Diluted EPS": 0.19,
        "Total Revenue": 12,
        "Gross Profit": 9,
        "Operating Income": 2,
        "EBIT": NaN,
        "Net Income": 2
    },
    "2019-12-31": {
        "Diluted EPS": 0.32,
        "Total Revenue": 13,
        "Gross Profit": 11,
        "Operating Income": 4,
        "EBIT": NaN,
        "Net Income": 3
    },
    "2019-09-30": {
        "Diluted EPS": 0.25,
        "Total Revenue": 12,
        "Gross Profit": 9,
        "Operating Income": 3,
        "EBIT": NaN,
        "Net Income": 2
    },
    "2019-06-30": {
        "Diluted EPS": 0.18,
        "Total Revenue": 12,
        "Gross Profit": 9,
        "Operating Income": 2,
        "EBIT": NaN,
        "Net Income": 2
    },
    "2019-03-31": {
        "Diluted EPS": 0.18,
        "Total Revenue": 12,
        "Gross Profit": 9,
        "Operating Income": 2,
        "EBIT": NaN,
        "Net Income": 2
    },
    "2018-12-31": {
        "Diluted EPS": 0.19,
        "Total Revenue": 12,
        "Gross Profit": 9,
        "Operating Income": 2,
        "EBIT": NaN,
        "Net Income": 1
    },
    "2018-09-30": {
        "Diluted EPS": 0.27,
        "Total Revenue": 12,
        "Gross Profit": 9,
        "Operating Income": 3,
        "EBIT": NaN,
        "Net Income": 2
    },
    "2018-06-30": {
        "Diluted EPS": 0.21,
        "Total Revenue": 11,
        "Gross Profit": 9,
        "Operating Income": 3,
        "EBIT": NaN,
        "Net Income": 2
    },
    "2018-03-31": {
        "Diluted EPS": 0.21,
        "Total Revenue": 11,
        "Gross Profit": 9,
        "Operating Income": 3,
        "EBIT": NaN,
        "Net Income": 2
    },
    "2017-12-31": {
        "Diluted EPS": 0.05,
        "Total Revenue": 11,
        "Gross Profit": 9,
        "Operating Income": 3,
        "EBIT": NaN,
        "Net Income": 0
    },
    "2017-09-30": {
        "Diluted EPS": 0.18,
        "Total Revenue": 10,
        "Gross Profit": 9,
        "Operating Income": 3,
        "EBIT": NaN,
        "Net Income": 2
    },
    "2017-06-30": {
        "Diluted EPS": 0.18,
        "Total Revenue": 10,
        "Gross Profit": 9,
        "Operating Income": 3,
        "EBIT": NaN,
        "Net Income": 2
    },
    "2017-03-31": {
        "Diluted EPS": 0.16,
        "Total Revenue": 9,
        "Gross Profit": 8,
        "Operating Income": 2,
        "EBIT": NaN,
        "Net Income": 1
    },
    "2016-12-31": {
        "Diluted EPS": 0.16,
        "Total Revenue": 9,
        "Gross Profit": 8,
        "Operating Income": 2,
        "EBIT": NaN,
        "Net Income": 1
    },
    "2016-09-30": {
        "Diluted EPS": 0.18,
        "Total Revenue": 9,
        "Gross Profit": 8,
        "Operating Income": 2,
        "EBIT": NaN,
        "Net Income": 1
    },
    "2016-06-30": {
        "Diluted EPS": 0.13,
        "Total Revenue": 8,
        "Gross Profit": 7,
        "Operating Income": 2,
        "EBIT": NaN,
        "Net Income": 1
    },
    "2016-03-31": {
        "Diluted EPS": 0.15,
        "Total Revenue": 8,
        "Gross Profit": 7,
        "Operating Income": 2,
        "EBIT": NaN,
        "Net Income": 1
    },
    "2015-12-31": {
        "Diluted EPS": 0.23,
        "Total Revenue": 9,
        "Gross Profit": 8,
        "Operating Income": 3,
        "EBIT": NaN,
        "Net Income": 2
    },
    "2015-09-30": {
        "Diluted EPS": 0.17,
        "Total Revenue": 8,
        "Gross Profit": 7,
        "Operating Income": 3,
        "EBIT": NaN,
        "Net Income": 1
    },
    "2015-06-30": {
        "Diluted EPS": -0.29,
        "Total Revenue": 8,
        "Gross Profit": 8,
        "Operating Income": -4,
        "EBIT": NaN,
        "Net Income": -2
    },
    "2015-03-31": {
        "Diluted EPS": 0.19,
        "Total Revenue": 7,
        "Gross Profit": 7,
        "Operating Income": 3,
        "EBIT": NaN,
        "Net Income": 2
    },
    "2014-12-31": {
        "Diluted EPS": 0.24,
        "Total Revenue": 7,
        "Gross Profit": 7,
        "Operating Income": 4,
        "EBIT": NaN,
        "Net Income": 2
    },
    "2014-09-30": {
        "Diluted EPS": 0.18,
        "Total Revenue": 7,
        "Gross Profit": 7,
        "Operating Income": 3,
        "EBIT": NaN,
        "Net Income": 2
    },
    "2014-06-30": {
        "Diluted EPS": 0.18,
        "Total Revenue": 8,
        "Gross Profit": 7,
        "Operating Income": 3,
        "EBIT": NaN,
        "Net Income": 2
    },
    "2014-03-31": {
        "Diluted EPS": 0.15,
        "Total Revenue": 7,
        "Gross Profit": 7,
        "Operating Income": 2,
        "EBIT": NaN,
        "Net Income": 1
    },
    "2013-12-31": {
        "Diluted EPS": 0.35,
        "Total Revenue": 7,
        "Gross Profit": 6,
        "Operating Income": 0,
        "EBIT": NaN,
        "Net Income": 3
    },
    "2013-09-30": {
        "Diluted EPS": 0.29,
        "Total Revenue": 8,
        "Gross Profit": 7,
        "Operating Income": 3,
        "EBIT": NaN,
        "Net Income": 2
    },
    "2013-06-30": {
        "Diluted EPS": 0.23,
        "Total Revenue": 8,
        "Gross Profit": 7,
        "Operating Income": 2,
        "EBIT": NaN,
        "Net Income": 2
    },
    "2013-03-31": {
        "Diluted EPS": 0.11,
        "Total Revenue": 8,
        "Gross Profit": 7,
        "Operating Income": 1,
        "EBIT": NaN,
        "Net Income": 1
    },
    "2012-12-31": {
        "Diluted EPS": 0.31,
        "Total Revenue": 8,
        "Gross Profit": 7,
        "Operating Income": 2,
        "EBIT": NaN,
        "Net Income": 2
    },
    "2012-09-30": {
        "Diluted EPS": 0.06,
        "Total Revenue": 9,
        "Gross Profit": 7,
        "Operating Income": 1,
        "EBIT": NaN,
        "Net Income": 0
    },
    "2012-06-30": {
        "Diluted EPS": -0.14,
        "Total Revenue": 9,
        "Gross Profit": 7,
        "Operating Income": -1,
        "EBIT": NaN,
        "Net Income": -1
    },
    "2012-03-31": {
        "Diluted EPS": 0.08,
        "Total Revenue": 10,
        "Gross Profit": 8,
        "Operating Income": 1,
        "EBIT": NaN,
        "Net Income": 1
    },
    "2011-12-31": {
        "Diluted EPS": -1.47,
        "Total Revenue": 10,
        "Gross Profit": 8,
        "Operating Income": -3,
        "EBIT": NaN,
        "Net Income": -9
    },
    "2011-09-30": {
        "Diluted EPS": -0.43,
        "Total Revenue": 10,
        "Gross Profit": 8,
        "Operating Income": -4,
        "EBIT": NaN,
        "Net Income": -3
    },
    "2011-06-30": {
        "Diluted EPS": -0.08,
        "Total Revenue": 10,
        "Gross Profit": 8,
        "Operating Income": 0,
        "EBIT": NaN,
        "Net Income": 0
    },
    "2011-03-31": {
        "Diluted EPS": 0.05,
        "Total Revenue": 10,
        "Gross Profit": 8,
        "Operating Income": 1,
        "EBIT": NaN,
        "Net Income": 0
    },
    "2010-12-31": {
        "Diluted EPS": 0.15,
        "Total Revenue": 11,
        "Gross Profit": 9,
        "Operating Income": 2,
        "EBIT": NaN,
        "Net Income": 1
    },
    "2010-09-30": {
        "Diluted EPS": 0.12,
        "Total Revenue": 11,
        "Gross Profit": 8,
        "Operating Income": 2,
        "EBIT": NaN,
        "Net Income": 1
    },
    "2010-06-30": {
        "Diluted EPS": -0.05,
        "Total Revenue": 11,
        "Gross Profit": 8,
        "Operating Income": 0,
        "EBIT": NaN,
        "Net Income": 0
    },
    "2010-03-31": {
        "Diluted EPS": -0.04,
        "Total Revenue": 11,
        "Gross Profit": 8,
        "Operating Income": 0,
        "EBIT": NaN,
        "Net Income": 0
    },
    "2009-12-31": {
        "Diluted EPS": -0.03,
        "Total Revenue": 11,
        "Gross Profit": 8,
        "Operating Income": 0,
        "EBIT": NaN,
        "Net Income": 0
    },
    "2009-09-30": {
        "Diluted EPS": -0.03,
        "Total Revenue": 11,
        "Gross Profit": 8,
        "Operating Income": 0,
        "EBIT": NaN,
        "Net Income": 0
    },
    "2009-06-30": {
        "Diluted EPS": 0.09,
        "Total Revenue": 11,
        "Gross Profit": 7,
        "Operating Income": 1,
        "EBIT": NaN,
        "Net Income": 1
    },
    "2009-03-31": {
        "Diluted EPS": -1.18,
        "Total Revenue": 11,
        "Gross Profit": 7,
        "Operating Income": -11,
        "EBIT": NaN,
        "Net Income": -7
    },
    "2023-09-30": {
        "Tax Effect Of Unusual Items": NaN,
        "Tax Rate For Calcs": NaN,
        "Total Unusual Items": -365000.0,
        "Total Unusual Items Excluding Goodwill": -365000.0,
        "Net Income From Continuing Operation Net Minority Interest": NaN,
        "Reconciled Depreciation": NaN,
        "Net Interest Income": NaN,
        "Interest Expense": NaN,
        "Interest Income": NaN,
        "Normalized Income": NaN,
        "Net Income From Continuing And Discontinued Operation": NaN,
        "Diluted Average Shares": 11755758.0,
        "Basic Average Shares": 11742334.0,
        "Diluted EPS": 0.54,
        "Basic EPS": 0.54,
        "Diluted NI Availto Com Stockholders": NaN,
        "Net Income Common Stockholders": NaN,
        "Net Income": NaN,
        "Net Income Including Noncontrolling Interests": NaN,
        "Net Income Continuous Operations": NaN,
        "Tax Provision": NaN,
        "Pretax Income": NaN,
        "Special Income Charges": -365000.0,
        "Restructuring And Mergern Acquisition": 365000.0,
        "Gain On Sale Of Security": NaN,
        "Depreciation Amortization Depletion Income Statement": 0.0,
        "Depreciation And Amortization In Income Statement": 0.0,
        "Amortization": 0.0,
        "Amortization Of Intangibles Income Statement": 0.0,
        "Selling General And Administration": NaN,
        "Selling And Marketing Expense": NaN,
        "General And Administrative Expense": NaN,
        "Salaries And Wages": NaN,
        "Total Revenue": NaN,
        "Operating Revenue": NaN,
        "Occupancy And Equipment": NaN,
        "Professional Expense And Contract Services Expense": NaN,
        "Other Non Interest Expense": NaN
    },
    "2023-12-31": {
        "Tax Effect Of Unusual Items": 0.0,
        "Tax Rate For Calcs": 0.234247,
        "Total Unusual Items": NaN,
        "Total Unusual Items Excluding Goodwill": NaN,
        "Net Income From Continuing Operation Net Minority Interest": 5894000.0,
        "Reconciled Depreciation": 2626000.0,
        "Net Interest Income": 20116000.0,
        "Interest Expense": 5706000.0,
        "Interest Income": 25822000.0,
        "Normalized Income": 5894000.0,
        "Net Income From Continuing And Discontinued Operation": 5894000.0,
        "Diluted Average Shares": 11774085.0,
        "Basic Average Shares": 11745548.0,
        "Diluted EPS": 0.5,
        "Basic EPS": 0.5,
        "Diluted NI Availto Com Stockholders": 5894000.0,
        "Net Income Common Stockholders": 5894000.0,
        "Net Income": 5894000.0,
        "Net Income Including Noncontrolling Interests": 5894000.0,
        "Net Income Continuous Operations": 5894000.0,
        "Tax Provision": 1803000.0,
        "Pretax Income": 7697000.0,
        "Special Income Charges": NaN,
        "Restructuring And Mergern Acquisition": NaN,
        "Gain On Sale Of Security": -611000.0,
        "Depreciation Amortization Depletion Income Statement": 0.0,
        "Depreciation And Amortization In Income Statement": 0.0,
        "Amortization": 0.0,
        "Amortization Of Intangibles Income Statement": 0.0,
        "Selling General And Administration": 8480000.0,
        "Selling And Marketing Expense": 160000.0,
        "General And Administrative Expense": 8320000.0,
        "Salaries And Wages": 8065000.0,
        "Total Revenue": 22010000.0,
        "Operating Revenue": 22010000.0,
        "Occupancy And Equipment": 1714000.0,
        "Professional Expense And Contract Services Expense": 1349000.0,
        "Other Non Interest Expense": 2611000.0
    },
    "2024-03-31": {
        "Tax Effect Of Unusual Items": -89746.927723,
        "Tax Rate For Calcs": 0.234326,
        "Total Unusual Items": -383000.0,
        "Total Unusual Items Excluding Goodwill": -383000.0,
        "Net Income From Continuing Operation Net Minority Interest": 3676000.0,
        "Reconciled Depreciation": 381000.0,
        "Net Interest Income": 19073000.0,
        "Interest Expense": 6554000.0,
        "Interest Income": 25627000.0,
        "Normalized Income": 3969253.072277,
        "Net Income From Continuing And Discontinued Operation": 3676000.0,
        "Diluted Average Shares": 11790231.0,
        "Basic Average Shares": 11750528.0,
        "Diluted EPS": 0.31,
        "Basic EPS": 0.31,
        "Diluted NI Availto Com Stockholders": 3676000.0,
        "Net Income Common Stockholders": 3676000.0,
        "Net Income": 3676000.0,
        "Net Income Including Noncontrolling Interests": 3676000.0,
        "Net Income Continuous Operations": 3676000.0,
        "Tax Provision": 1125000.0,
        "Pretax Income": 4801000.0,
        "Special Income Charges": -383000.0,
        "Restructuring And Mergern Acquisition": 383000.0,
        "Gain On Sale Of Security": -373000.0,
        "Depreciation Amortization Depletion Income Statement": 0.0,
        "Depreciation And Amortization In Income Statement": 0.0,
        "Amortization": 0.0,
        "Amortization Of Intangibles Income Statement": 0.0,
        "Selling General And Administration": 9089000.0,
        "Selling And Marketing Expense": 151000.0,
        "General And Administrative Expense": 8938000.0,
        "Salaries And Wages": 8938000.0,
        "Total Revenue": 20403000.0,
        "Operating Revenue": 20403000.0,
        "Occupancy And Equipment": 1543000.0,
        "Professional Expense And Contract Services Expense": 625000.0,
        "Other Non Interest Expense": 3387000.0
    },
    "2024-06-30": {
        "Tax Effect Of Unusual Items": -1119381.998223,
        "Tax Rate For Calcs": 0.201473,
        "Total Unusual Items": -5556000.0,
        "Total Unusual Items Excluding Goodwill": -5556000.0,
        "Net Income From Continuing Operation Net Minority Interest": -6290000.0,
        "Reconciled Depreciation": 806000.0,
        "Net Interest Income": 29057000.0,
        "Interest Expense": 14940000.0,
        "Interest Income": 43997000.0,
        "Normalized Income": -1853381.998223,
        "Net Income From Continuing And Discontinued Operation": -6290000.0,
        "Diluted Average Shares": 18937036.0,
        "Basic Average Shares": 18814020.0,
        "Diluted EPS": -0.33,
        "Basic EPS": -0.33,
        "Diluted NI Availto Com Stockholders": -6290000.0,
        "Net Income Common Stockholders": -6290000.0,
        "Net Income": -6290000.0,
        "Net Income Including Noncontrolling Interests": -6290000.0,
        "Net Income Continuous Operations": -6290000.0,
        "Tax Provision": -1587000.0,
        "Pretax Income": -7877000.0,
        "Special Income Charges": -5556000.0,
        "Restructuring And Mergern Acquisition": 5556000.0,
        "Gain On Sale Of Security": -1974000.0,
        "Depreciation Amortization Depletion Income Statement": 250000.0,
        "Depreciation And Amortization In Income Statement": 250000.0,
        "Amortization": 250000.0,
        "Amortization Of Intangibles Income Statement": 250000.0,
        "Selling General And Administration": 13979000.0,
        "Selling And Marketing Expense": 289000.0,
        "General And Administrative Expense": 13690000.0,
        "Salaries And Wages": 13690000.0,
        "Total Revenue": 29905000.0,
        "Operating Revenue": 29905000.0,
        "Occupancy And Equipment": 2423000.0,
        "Professional Expense And Contract Services Expense": 701000.0,
        "Other Non Interest Expense": 5042000.0
    },
    "2024-09-30": {
        "Tax Effect Of Unusual Items": -597650.4,
        "Tax Rate For Calcs": 0.1863,
        "Total Unusual Items": -3208000.0,
        "Total Unusual Items Excluding Goodwill": -3208000.0,
        "Net Income From Continuing Operation Net Minority Interest": 3385000.0,
        "Reconciled Depreciation": 1517000.0,
        "Net Interest Income": 30214000.0,
        "Interest Expense": 15071000.0,
        "Interest Income": 45285000.0,
        "Normalized Income": 5995349.6,
        "Net Income From Continuing And Discontinued Operation": 3385000.0,
        "Diluted Average Shares": 18965434.0,
        "Basic Average Shares": 18843606.0,
        "Diluted EPS": 0.18,
        "Basic EPS": 0.18,
        "Diluted NI Availto Com Stockholders": 3385000.0,
        "Net Income Common Stockholders": 3385000.0,
        "Net Income": 3385000.0,
        "Net Income Including Noncontrolling Interests": 3385000.0,
        "Net Income Continuous Operations": 3385000.0,
        "Tax Provision": 775000.0,
        "Pretax Income": 4160000.0,
        "Special Income Charges": -3208000.0,
        "Restructuring And Mergern Acquisition": 3208000.0,
        "Gain On Sale Of Security": -1853000.0,
        "Depreciation Amortization Depletion Income Statement": 251000.0,
        "Depreciation And Amortization In Income Statement": 251000.0,
        "Amortization": 251000.0,
        "Amortization Of Intangibles Income Statement": 251000.0,
        "Selling General And Administration": 14217000.0,
        "Selling And Marketing Expense": 261000.0,
        "General And Administrative Expense": 13956000.0,
        "Salaries And Wages": 13956000.0,
        "Total Revenue": 30513000.0,
        "Operating Revenue": 30513000.0,
        "Occupancy And Equipment": 2687000.0,
        "Professional Expense And Contract Services Expense": 861000.0,
        "Other Non Interest Expense": 5647000.0
    },
    "2024-12-31": {
        "Tax Effect Of Unusual Items": -140110.943016,
        "Tax Rate For Calcs": 0.304589,
        "Total Unusual Items": -460000.0,
        "Total Unusual Items Excluding Goodwill": -460000.0,
        "Net Income From Continuing Operation Net Minority Interest": 6895000.0,
        "Reconciled Depreciation": -498000.0,
        "Net Interest Income": 32024000.0,
        "Interest Expense": 13455000.0,
        "Interest Income": 45479000.0,
        "Normalized Income": 7214889.056984,
        "Net Income From Continuing And Discontinued Operation": 6895000.0,
        "Diluted Average Shares": 18981835.0,
        "Basic Average Shares": 18860895.0,
        "Diluted EPS": 0.36,
        "Basic EPS": 0.37,
        "Diluted NI Availto Com Stockholders": 6895000.0,
        "Net Income Common Stockholders": 6895000.0,
        "Net Income": 6895000.0,
        "Net Income Including Noncontrolling Interests": 6895000.0,
        "Net Income Continuous Operations": 6895000.0,
        "Tax Provision": 3020000.0,
        "Pretax Income": 9915000.0,
        "Special Income Charges": -467000.0,
        "Restructuring And Mergern Acquisition": 467000.0,
        "Gain On Sale Of Security": 0.0,
        "Depreciation Amortization Depletion Income Statement": 250000.0,
        "Depreciation And Amortization In Income Statement": 250000.0,
        "Amortization": 250000.0,
        "Amortization Of Intangibles Income Statement": 250000.0,
        "Selling General And Administration": 13414000.0,
        "Selling And Marketing Expense": 153000.0,
        "General And Administrative Expense": 13261000.0,
        "Salaries And Wages": 12983000.0,
        "Total Revenue": 33354000.0,
        "Operating Revenue": 33354000.0,
        "Occupancy And Equipment": 2826000.0,
        "Professional Expense And Contract Services Expense": 638000.0,
        "Other Non Interest Expense": 4620000.0
    },
    "2025-03-31": {
        "Tax Effect Of Unusual Items": -74575.2,
        "Tax Rate For Calcs": 0.2702,
        "Total Unusual Items": -276000.0,
        "Total Unusual Items Excluding Goodwill": -276000.0,
        "Net Income From Continuing Operation Net Minority Interest": 8293000.0,
        "Reconciled Depreciation": 805000.0,
        "Net Interest Income": 32182000.0,
        "Interest Expense": 12956000.0,
        "Interest Income": 45138000.0,
        "Normalized Income": 8494424.8,
        "Net Income From Continuing And Discontinued Operation": 8293000.0,
        "Diluted Average Shares": 19014773.0,
        "Basic Average Shares": 18933830.0,
        "Diluted EPS": 0.44,
        "Basic EPS": 0.44,
        "Diluted NI Availto Com Stockholders": 8293000.0,
        "Net Income Common Stockholders": 8293000.0,
        "Net Income": 8293000.0,
        "Net Income Including Noncontrolling Interests": 8293000.0,
        "Net Income Continuous Operations": 8293000.0,
        "Tax Provision": 3071000.0,
        "Pretax Income": 11364000.0,
        "Special Income Charges": -276000.0,
        "Restructuring And Mergern Acquisition": 276000.0,
        "Gain On Sale Of Security": 0.0,
        "Depreciation Amortization Depletion Income Statement": 251000.0,
        "Depreciation And Amortization In Income Statement": 251000.0,
        "Amortization": 251000.0,
        "Amortization Of Intangibles Income Statement": 251000.0,
        "Selling General And Administration": 13537000.0,
        "Selling And Marketing Expense": 261000.0,
        "General And Administrative Expense": 13276000.0,
        "Salaries And Wages": 13276000.0,
        "Total Revenue": 34188000.0,
        "Operating Revenue": 34188000.0,
        "Occupancy And Equipment": 2827000.0,
        "Professional Expense And Contract Services Expense": 864000.0,
        "Other Non Interest Expense": 5110000.0
    },
    "2025-06-30": {
        "Tax Effect Of Unusual Items": 0.0,
        "Tax Rate For Calcs": 0.272051,
        "Total Unusual Items": 0.0,
        "Total Unusual Items Excluding Goodwill": 0.0,
        "Net Income From Continuing Operation Net Minority Interest": 7832000.0,
        "Reconciled Depreciation": 1306000.0,
        "Net Interest Income": 33304000.0,
        "Interest Expense": 12721000.0,
        "Interest Income": 46025000.0,
        "Normalized Income": 7832000.0,
        "Net Income From Continuing And Discontinued Operation": 7832000.0,
        "Diluted Average Shares": 19042750.0,
        "Basic Average Shares": 18987217.0,
        "Diluted EPS": 0.41,
        "Basic EPS": 0.41,
        "Diluted NI Availto Com Stockholders": 7832000.0,
        "Net Income Common Stockholders": 7832000.0,
        "Net Income": 7832000.0,
        "Net Income Including Noncontrolling Interests": 7832000.0,
        "Net Income Continuous Operations": 7832000.0,
        "Tax Provision": 2927000.0,
        "Pretax Income": 10759000.0,
        "Special Income Charges": 0.0,
        "Restructuring And Mergern Acquisition": 0.0,
        "Gain On Sale Of Security": -15000.0,
        "Depreciation Amortization Depletion Income Statement": 250000.0,
        "Depreciation And Amortization In Income Statement": 250000.0,
        "Amortization": 250000.0,
        "Amortization Of Intangibles Income Statement": 250000.0,
        "Selling General And Administration": 12834000.0,
        "Selling And Marketing Expense": 241000.0,
        "General And Administrative Expense": 12593000.0,
        "Salaries And Wages": 12593000.0,
        "Total Revenue": 35107000.0,
        "Operating Revenue": 35107000.0,
        "Occupancy And Equipment": 2794000.0,
        "Professional Expense And Contract Services Expense": 639000.0,
        "Other Non Interest Expense": 5218000.0
    }
}