{
    "2023-03-31": {
        "Tax Effect Of Unusual Items": NaN,
        "Tax Rate For Calcs": NaN,
        "Normalized EBITDA": NaN,
        "Total Unusual Items": NaN,
        "Total Unusual Items Excluding Goodwill": NaN,
        "Net Income From Continuing Operation Net Minority Interest": NaN,
        "Reconciled Depreciation": NaN,
        "Reconciled Cost Of Revenue": NaN,
        "EBITDA": NaN,
        "EBIT": NaN,
        "Net Interest Income": NaN,
        "Interest Expense": NaN,
        "Normalized Income": NaN,
        "Net Income From Continuing And Discontinued Operation": NaN,
        "Total Expenses": NaN,
        "Total Operating Income As Reported": NaN,
        "Diluted Average Shares": NaN,
        "Basic Average Shares": NaN,
        "Diluted EPS": NaN,
        "Basic EPS": NaN,
        "Diluted NI Availto Com Stockholders": NaN,
        "Net Income Common Stockholders": NaN,
        "Net Income": NaN,
        "Minority Interests": NaN,
        "Net Income Including Noncontrolling Interests": NaN,
        "Net Income Continuous Operations": NaN,
        "Tax Provision": NaN,
        "Pretax Income": NaN,
        "Other Income Expense": NaN,
        "Other Non Operating Income Expenses": NaN,
        "Special Income Charges": NaN,
        "Gain On Sale Of Business": NaN,
        "Other Special Charges": NaN,
        "Restructuring And Mergern Acquisition": NaN,
        "Earnings From Equity Interest": NaN,
        "Net Non Operating Interest Income Expense": NaN,
        "Interest Expense Non Operating": NaN,
        "Operating Income": NaN,
        "Operating Expense": NaN,
        "Depreciation Amortization Depletion Income Statement": NaN,
        "Depreciation And Amortization In Income Statement": NaN,
        "Research And Development": 0.0,
        "Selling General And Administration": NaN,
        "General And Administrative Expense": NaN,
        "Other Gand A": NaN,
        "Gross Profit": NaN,
        "Cost Of Revenue": NaN,
        "Total Revenue": NaN,
        "Operating Revenue": NaN
    },
    "2022-12-31": {
        "Tax Effect Of Unusual Items": NaN,
        "Tax Rate For Calcs": NaN,
        "Normalized EBITDA": NaN,
        "Total Unusual Items": NaN,
        "Total Unusual Items Excluding Goodwill": NaN,
        "Net Income From Continuing Operation Net Minority Interest": NaN,
        "Reconciled Depreciation": NaN,
        "Reconciled Cost Of Revenue": NaN,
        "EBITDA": NaN,
        "EBIT": NaN,
        "Net Interest Income": NaN,
        "Interest Expense": NaN,
        "Normalized Income": NaN,
        "Net Income From Continuing And Discontinued Operation": NaN,
        "Total Expenses": NaN,
        "Total Operating Income As Reported": NaN,
        "Diluted Average Shares": NaN,
        "Basic Average Shares": NaN,
        "Diluted EPS": NaN,
        "Basic EPS": NaN,
        "Diluted NI Availto Com Stockholders": NaN,
        "Net Income Common Stockholders": NaN,
        "Net Income": NaN,
        "Minority Interests": NaN,
        "Net Income Including Noncontrolling Interests": NaN,
        "Net Income Continuous Operations": NaN,
        "Tax Provision": NaN,
        "Pretax Income": NaN,
        "Other Income Expense": NaN,
        "Other Non Operating Income Expenses": NaN,
        "Special Income Charges": NaN,
        "Gain On Sale Of Business": 1000000.0,
        "Other Special Charges": 0.0,
        "Restructuring And Mergern Acquisition": NaN,
        "Earnings From Equity Interest": NaN,
        "Net Non Operating Interest Income Expense": NaN,
        "Interest Expense Non Operating": NaN,
        "Operating Income": NaN,
        "Operating Expense": NaN,
        "Depreciation Amortization Depletion Income Statement": NaN,
        "Depreciation And Amortization In Income Statement": NaN,
        "Research And Development": 0.0,
        "Selling General And Administration": NaN,
        "General And Administrative Expense": NaN,
        "Other Gand A": NaN,
        "Gross Profit": NaN,
        "Cost Of Revenue": NaN,
        "Total Revenue": NaN,
        "Operating Revenue": NaN
    },
    "2022-09-30": {
        "Tax Effect Of Unusual Items": NaN,
        "Tax Rate For Calcs": NaN,
        "Normalized EBITDA": NaN,
        "Total Unusual Items": NaN,
        "Total Unusual Items Excluding Goodwill": NaN,
        "Net Income From Continuing Operation Net Minority Interest": NaN,
        "Reconciled Depreciation": NaN,
        "Reconciled Cost Of Revenue": NaN,
        "EBITDA": NaN,
        "EBIT": NaN,
        "Net Interest Income": NaN,
        "Interest Expense": NaN,
        "Normalized Income": NaN,
        "Net Income From Continuing And Discontinued Operation": NaN,
        "Total Expenses": NaN,
        "Total Operating Income As Reported": NaN,
        "Diluted Average Shares": 117000000.0,
        "Basic Average Shares": 117000000.0,
        "Diluted EPS": 0.28,
        "Basic EPS": 0.28,
        "Diluted NI Availto Com Stockholders": NaN,
        "Net Income Common Stockholders": NaN,
        "Net Income": NaN,
        "Minority Interests": NaN,
        "Net Income Including Noncontrolling Interests": NaN,
        "Net Income Continuous Operations": NaN,
        "Tax Provision": NaN,
        "Pretax Income": NaN,
        "Other Income Expense": NaN,
        "Other Non Operating Income Expenses": NaN,
        "Special Income Charges": NaN,
        "Gain On Sale Of Business": 0.0,
        "Other Special Charges": NaN,
        "Restructuring And Mergern Acquisition": NaN,
        "Earnings From Equity Interest": NaN,
        "Net Non Operating Interest Income Expense": NaN,
        "Interest Expense Non Operating": NaN,
        "Operating Income": NaN,
        "Operating Expense": NaN,
        "Depreciation Amortization Depletion Income Statement": NaN,
        "Depreciation And Amortization In Income Statement": NaN,
        "Research And Development": NaN,
        "Selling General And Administration": NaN,
        "General And Administrative Expense": NaN,
        "Other Gand A": NaN,
        "Gross Profit": NaN,
        "Cost Of Revenue": NaN,
        "Total Revenue": NaN,
        "Operating Revenue": NaN
    },
    "2022-06-30": {
        "Tax Effect Of Unusual Items": 210917030.567686,
        "Tax Rate For Calcs": 0.163755,
        "Normalized EBITDA": 259000000.0,
        "Total Unusual Items": 1288000000.0,
        "Total Unusual Items Excluding Goodwill": 1288000000.0,
        "Net Income From Continuing Operation Net Minority Interest": 570000000.0,
        "Reconciled Depreciation": 126000000.0,
        "Reconciled Cost Of Revenue": 112000000.0,
        "EBITDA": 1547000000.0,
        "EBIT": 1421000000.0,
        "Net Interest Income": -47000000.0,
        "Interest Expense": 47000000.0,
        "Normalized Income": -507082969.432314,
        "Net Income From Continuing And Discontinued Operation": 570000000.0,
        "Total Expenses": 250000000.0,
        "Total Operating Income As Reported": 1406000000.0,
        "Diluted Average Shares": 117000000.0,
        "Basic Average Shares": 117000000.0,
        "Diluted EPS": 4.89,
        "Basic EPS": 4.89,
        "Diluted NI Availto Com Stockholders": 570000000.0,
        "Net Income Common Stockholders": 570000000.0,
        "Net Income": 570000000.0,
        "Minority Interests": -579000000.0,
        "Net Income Including Noncontrolling Interests": 1149000000.0,
        "Net Income Continuous Operations": 1149000000.0,
        "Tax Provision": 225000000.0,
        "Pretax Income": 1374000000.0,
        "Other Income Expense": 1303000000.0,
        "Other Non Operating Income Expenses": 5000000.0,
        "Special Income Charges": 1288000000.0,
        "Gain On Sale Of Business": 1291000000.0,
        "Other Special Charges": NaN,
        "Restructuring And Mergern Acquisition": 3000000.0,
        "Earnings From Equity Interest": 10000000.0,
        "Net Non Operating Interest Income Expense": -47000000.0,
        "Interest Expense Non Operating": 47000000.0,
        "Operating Income": 118000000.0,
        "Operating Expense": 138000000.0,
        "Depreciation Amortization Depletion Income Statement": 126000000.0,
        "Depreciation And Amortization In Income Statement": 126000000.0,
        "Research And Development": 1000000.0,
        "Selling General And Administration": 11000000.0,
        "General And Administrative Expense": 11000000.0,
        "Other Gand A": 11000000.0,
        "Gross Profit": 256000000.0,
        "Cost Of Revenue": 112000000.0,
        "Total Revenue": 368000000.0,
        "Operating Revenue": 368000000.0
    },
    "2022-03-31": {
        "Diluted EPS": -0.28,
        "Total Revenue": 214,
        "Gross Profit": 86,
        "Operating Income": -53,
        "EBIT": 117,
        "Net Income": -32
    },
    "2021-12-31": {
        "Diluted EPS": -0.07,
        "Total Revenue": 318,
        "Gross Profit": 201,
        "Operating Income": 59,
        "EBIT": 224,
        "Net Income": -8
    },
    "2021-09-30": {
        "Diluted EPS": 0.18,
        "Total Revenue": 351,
        "Gross Profit": 234,
        "Operating Income": 89,
        "EBIT": 260,
        "Net Income": 21
    },
    "2021-06-30": {
        "Diluted EPS": 0.3,
        "Total Revenue": 380,
        "Gross Profit": 273,
        "Operating Income": 133,
        "EBIT": 302,
        "Net Income": 35
    },
    "2021-03-31": {
        "Diluted EPS": 0.03,
        "Total Revenue": 237,
        "Gross Profit": 127,
        "Operating Income": -14,
        "EBIT": 150,
        "Net Income": 3
    },
    "2020-12-31": {
        "Diluted EPS": -0.2,
        "Total Revenue": 280,
        "Gross Profit": 189,
        "Operating Income": 28,
        "EBIT": 179,
        "Net Income": -25
    },
    "2020-09-30": {
        "Diluted EPS": 0.27,
        "Total Revenue": 332,
        "Gross Profit": 237,
        "Operating Income": 123,
        "EBIT": 251,
        "Net Income": 32
    },
    "2020-06-30": {
        "Diluted EPS": 0.41,
        "Total Revenue": 329,
        "Gross Profit": 242,
        "Operating Income": 130,
        "EBIT": 256,
        "Net Income": 47
    },
    "2020-03-31": {
        "Diluted EPS": -0.26,
        "Total Revenue": 258,
        "Gross Profit": 165,
        "Operating Income": 52,
        "EBIT": 180,
        "Net Income": -29
    },
    "2019-12-31": {
        "Diluted EPS": -0.06,
        "Total Revenue": 235,
        "Gross Profit": 143,
        "Operating Income": 6,
        "EBIT": 135,
        "Net Income": -6
    },
    "2019-09-30": {
        "Diluted EPS": 0.36,
        "Total Revenue": 296,
        "Gross Profit": 212,
        "Operating Income": 90,
        "EBIT": 229,
        "Net Income": 39
    },
    "2019-06-30": {
        "Diluted EPS": -0.22,
        "Total Revenue": 284,
        "Gross Profit": 206,
        "Operating Income": 87,
        "EBIT": 202,
        "Net Income": -24
    },
    "2019-03-31": {
        "Diluted EPS": -0.18,
        "Total Revenue": 217,
        "Gross Profit": 134,
        "Operating Income": 41,
        "EBIT": 147,
        "Net Income": -20
    },
    "2018-12-31": {
        "Diluted EPS": -0.51,
        "Total Revenue": 229,
        "Gross Profit": 149,
        "Operating Income": 54,
        "EBIT": 165,
        "Net Income": -68
    },
    "2018-09-30": {
        "Diluted EPS": 0.2,
        "Total Revenue": 292,
        "Gross Profit": 208,
        "Operating Income": 100,
        "EBIT": 207,
        "Net Income": 21
    },
    "2018-06-30": {
        "Diluted EPS": 0.61,
        "Total Revenue": 307,
        "Gross Profit": 233,
        "Operating Income": 144,
        "EBIT": 250,
        "Net Income": 79
    },
    "2018-03-31": {
        "Diluted EPS": 0.16,
        "Total Revenue": 225,
        "Gross Profit": 136,
        "Operating Income": 49,
        "EBIT": 154,
        "Net Income": 16
    },
    "2017-12-31": {
        "Diluted EPS": -0.63,
        "Total Revenue": 231,
        "Gross Profit": 146,
        "Operating Income": 20,
        "EBIT": 133,
        "Net Income": -70
    },
    "2017-09-30": {
        "Diluted EPS": 0.27,
        "Total Revenue": 269,
        "Gross Profit": 190,
        "Operating Income": 84,
        "EBIT": 199,
        "Net Income": 29
    },
    "2017-06-30": {
        "Diluted EPS": 0.23,
        "Total Revenue": 288,
        "Gross Profit": 211,
        "Operating Income": 125,
        "EBIT": 227,
        "Net Income": 28
    },
    "2017-03-31": {
        "Diluted EPS": -0.03,
        "Total Revenue": 221,
        "Gross Profit": 136,
        "Operating Income": 54,
        "EBIT": 153,
        "Net Income": -3
    },
    "2016-12-31": {
        "Diluted EPS": -0.03,
        "Total Revenue": 246,
        "Gross Profit": 176,
        "Operating Income": -95,
        "EBIT": 8,
        "Net Income": -13
    },
    "2016-09-30": {
        "Diluted EPS": 0.3,
        "Total Revenue": 272,
        "Gross Profit": 196,
        "Operating Income": 117,
        "EBIT": 214,
        "Net Income": 33
    },
    "2016-06-30": {
        "Diluted EPS": 0.26,
        "Total Revenue": 283,
        "Gross Profit": 206,
        "Operating Income": 128,
        "EBIT": 225,
        "Net Income": 32
    },
    "2016-03-31": {
        "Diluted EPS": 0.05,
        "Total Revenue": 234,
        "Gross Profit": 149,
        "Operating Income": 72,
        "EBIT": 174,
        "Net Income": 5
    },
    "2015-12-31": {
        "Diluted EPS": 0.16,
        "Total Revenue": 277,
        "Gross Profit": 195,
        "Operating Income": 93,
        "EBIT": 189,
        "Net Income": 11
    },
    "2015-09-30": {
        "Diluted EPS": 0.17,
        "Total Revenue": 256,
        "Gross Profit": 174,
        "Operating Income": 101,
        "EBIT": 210,
        "Net Income": 17
    },
    "2015-06-30": {
        "Diluted EPS": 0.14,
        "Total Revenue": 235,
        "Gross Profit": 160,
        "Operating Income": 86,
        "EBIT": 173,
        "Net Income": 10
    },
    "2015-03-31": {
        "Diluted EPS": -0.07,
        "Total Revenue": 200,
        "Gross Profit": 116,
        "Operating Income": 46,
        "EBIT": 128,
        "Net Income": -5
    },
    "2014-12-31": {
        "Diluted EPS": -0.11,
        "Total Revenue": 331,
        "Gross Profit": 227,
        "Operating Income": 103,
        "EBIT": 236,
        "Net Income": NaN
    },
    "2014-09-30": {
        "Diluted EPS": 0.1,
        "Total Revenue": 184,
        "Gross Profit": 124,
        "Operating Income": 85,
        "EBIT": 142,
        "Net Income": 6
    },
    "2014-06-30": {
        "Diluted EPS": 0.13,
        "Total Revenue": 173,
        "Gross Profit": 120,
        "Operating Income": 64,
        "EBIT": 122,
        "Net Income": 6
    },
    "2014-03-31": {
        "Diluted EPS": 0.18,
        "Total Revenue": 140,
        "Gross Profit": 80,
        "Operating Income": 54,
        "EBIT": 80,
        "Net Income": 4
    },
    "2013-12-31": {
        "Diluted EPS": -0.1,
        "Total Revenue": 126,
        "Gross Profit": 83,
        "Operating Income": 45,
        "EBIT": 83,
        "Net Income": -41
    },
    "2013-09-30": {
        "Diluted EPS": 0.39,
        "Total Revenue": 126,
        "Gross Profit": 82,
        "Operating Income": 63,
        "EBIT": 82,
        "Net Income": 9
    },
    "2013-06-30": {
        "Diluted EPS": 0.0,
        "Total Revenue": 82,
        "Gross Profit": 50,
        "Operating Income": 38,
        "EBIT": 49,
        "Net Income": 34
    },
    "2013-03-31": {
        "Diluted EPS": 0.0,
        "Total Revenue": 53,
        "Gross Profit": 24,
        "Operating Income": 12,
        "EBIT": 23,
        "Net Income": 11
    },
    "2012-12-31": {
        "Diluted EPS": 0.0,
        "Total Revenue": 42,
        "Gross Profit": 9,
        "Operating Income": 1,
        "EBIT": 7,
        "Net Income": 4
    },
    "2012-09-30": {
        "Diluted EPS": 0.0,
        "Total Revenue": 47,
        "Gross Profit": 19,
        "Operating Income": 11,
        "EBIT": 18,
        "Net Income": 4
    },
    "2012-06-30": {
        "Diluted EPS": 0.0,
        "Total Revenue": 42,
        "Gross Profit": 16,
        "Operating Income": 8,
        "EBIT": 15,
        "Net Income": -1
    },
    "2012-03-31": {
        "Diluted EPS": 0.0,
        "Total Revenue": 44,
        "Gross Profit": 17,
        "Operating Income": 9,
        "EBIT": 14,
        "Net Income": 5
    },
    "2011-12-31": {
        "Diluted EPS": 0.0,
        "Total Revenue": NaN,
        "Gross Profit": NaN,
        "Operating Income": NaN,
        "EBIT": NaN,
        "Net Income": NaN
    },
    "2010-12-31": {
        "Diluted EPS": 0.0,
        "Total Revenue": NaN,
        "Gross Profit": NaN,
        "Operating Income": NaN,
        "EBIT": NaN,
        "Net Income": NaN
    },
    "2023-06-30": {
        "Tax Effect Of Unusual Items": NaN,
        "Tax Rate For Calcs": NaN,
        "Normalized EBITDA": NaN,
        "Total Unusual Items": NaN,
        "Total Unusual Items Excluding Goodwill": NaN,
        "Net Income From Continuing Operation Net Minority Interest": NaN,
        "Reconciled Depreciation": NaN,
        "Reconciled Cost Of Revenue": NaN,
        "EBITDA": NaN,
        "EBIT": NaN,
        "Net Interest Income": NaN,
        "Interest Expense": NaN,
        "Normalized Income": NaN,
        "Net Income From Continuing And Discontinued Operation": NaN,
        "Total Expenses": NaN,
        "Total Operating Income As Reported": NaN,
        "Diluted Average Shares": 117000000.0,
        "Basic Average Shares": 117000000.0,
        "Diluted EPS": 0.33,
        "Basic EPS": 0.33,
        "Diluted NI Availto Com Stockholders": NaN,
        "Net Income Common Stockholders": NaN,
        "Net Income": NaN,
        "Minority Interests": NaN,
        "Net Income Including Noncontrolling Interests": NaN,
        "Net Income Continuous Operations": NaN,
        "Tax Provision": NaN,
        "Pretax Income": NaN,
        "Other Income Expense": NaN,
        "Other Non Operating Income Expenses": NaN,
        "Special Income Charges": NaN,
        "Gain On Sale Of Business": 0.0,
        "Other Special Charges": NaN,
        "Restructuring And Mergern Acquisition": NaN,
        "Earnings From Equity Interest": NaN,
        "Net Non Operating Interest Income Expense": NaN,
        "Interest Expense Non Operating": NaN,
        "Operating Income": NaN,
        "Operating Expense": NaN,
        "Depreciation Amortization Depletion Income Statement": NaN,
        "Depreciation And Amortization In Income Statement": NaN,
        "Research And Development": 0.0,
        "Selling General And Administration": NaN,
        "General And Administrative Expense": NaN,
        "Other Gand A": NaN,
        "Gross Profit": NaN,
        "Cost Of Revenue": NaN,
        "Total Revenue": NaN,
        "Operating Revenue": NaN
    },
    "2023-09-30": {
        "Tax Effect Of Unusual Items": NaN,
        "Tax Rate For Calcs": NaN,
        "Normalized EBITDA": NaN,
        "Total Unusual Items": NaN,
        "Total Unusual Items Excluding Goodwill": NaN,
        "Net Income From Continuing Operation Net Minority Interest": NaN,
        "Reconciled Depreciation": NaN,
        "Reconciled Cost Of Revenue": NaN,
        "EBITDA": NaN,
        "EBIT": NaN,
        "Net Interest Income": NaN,
        "Interest Expense": NaN,
        "Normalized Income": NaN,
        "Net Income From Continuing And Discontinued Operation": NaN,
        "Total Expenses": NaN,
        "Total Operating Income As Reported": NaN,
        "Diluted Average Shares": 117000000.0,
        "Basic Average Shares": 117000000.0,
        "Diluted EPS": 0.03,
        "Basic EPS": 0.03,
        "Diluted NI Availto Com Stockholders": NaN,
        "Net Income Common Stockholders": NaN,
        "Net Income": NaN,
        "Minority Interests": NaN,
        "Net Income Including Noncontrolling Interests": NaN,
        "Net Income Continuous Operations": NaN,
        "Tax Provision": NaN,
        "Pretax Income": NaN,
        "Other Income Expense": NaN,
        "Other Non Operating Income Expenses": NaN,
        "Special Income Charges": NaN,
        "Gain On Sale Of Business": 0.0,
        "Other Special Charges": NaN,
        "Restructuring And Mergern Acquisition": NaN,
        "Earnings From Equity Interest": NaN,
        "Net Non Operating Interest Income Expense": NaN,
        "Interest Expense Non Operating": NaN,
        "Operating Income": NaN,
        "Operating Expense": NaN,
        "Depreciation Amortization Depletion Income Statement": NaN,
        "Depreciation And Amortization In Income Statement": NaN,
        "Research And Development": 0.0,
        "Selling General And Administration": NaN,
        "General And Administrative Expense": NaN,
        "Other Gand A": NaN,
        "Gross Profit": NaN,
        "Cost Of Revenue": NaN,
        "Total Revenue": NaN,
        "Operating Revenue": NaN
    },
    "2023-12-31": {
        "Tax Effect Of Unusual Items": NaN,
        "Tax Rate For Calcs": NaN,
        "Normalized EBITDA": NaN,
        "Total Unusual Items": NaN,
        "Total Unusual Items Excluding Goodwill": NaN,
        "Net Income From Continuing Operation Net Minority Interest": NaN,
        "Reconciled Depreciation": NaN,
        "Reconciled Cost Of Revenue": NaN,
        "EBITDA": NaN,
        "EBIT": NaN,
        "Net Interest Income": NaN,
        "Interest Expense": NaN,
        "Normalized Income": NaN,
        "Net Income From Continuing And Discontinued Operation": NaN,
        "Total Expenses": NaN,
        "Total Operating Income As Reported": NaN,
        "Diluted Average Shares": NaN,
        "Basic Average Shares": NaN,
        "Diluted EPS": NaN,
        "Basic EPS": NaN,
        "Diluted NI Availto Com Stockholders": NaN,
        "Net Income Common Stockholders": NaN,
        "Net Income": NaN,
        "Minority Interests": NaN,
        "Net Income Including Noncontrolling Interests": NaN,
        "Net Income Continuous Operations": NaN,
        "Tax Provision": NaN,
        "Pretax Income": NaN,
        "Other Income Expense": NaN,
        "Other Non Operating Income Expenses": NaN,
        "Special Income Charges": NaN,
        "Gain On Sale Of Business": 0.0,
        "Other Special Charges": NaN,
        "Restructuring And Mergern Acquisition": NaN,
        "Earnings From Equity Interest": NaN,
        "Net Non Operating Interest Income Expense": NaN,
        "Interest Expense Non Operating": NaN,
        "Operating Income": NaN,
        "Operating Expense": NaN,
        "Depreciation Amortization Depletion Income Statement": NaN,
        "Depreciation And Amortization In Income Statement": NaN,
        "Research And Development": 0.0,
        "Selling General And Administration": NaN,
        "General And Administrative Expense": NaN,
        "Other Gand A": NaN,
        "Gross Profit": NaN,
        "Cost Of Revenue": NaN,
        "Total Revenue": NaN,
        "Operating Revenue": NaN
    },
    "2024-03-31": {
        "Tax Effect Of Unusual Items": NaN,
        "Tax Rate For Calcs": NaN,
        "Normalized EBITDA": NaN,
        "Total Unusual Items": NaN,
        "Total Unusual Items Excluding Goodwill": NaN,
        "Net Income From Continuing Operation Net Minority Interest": NaN,
        "Reconciled Depreciation": NaN,
        "Reconciled Cost Of Revenue": NaN,
        "EBITDA": NaN,
        "EBIT": NaN,
        "Net Interest Income": NaN,
        "Interest Expense": NaN,
        "Normalized Income": NaN,
        "Net Income From Continuing And Discontinued Operation": NaN,
        "Total Expenses": NaN,
        "Total Operating Income As Reported": NaN,
        "Diluted Average Shares": NaN,
        "Basic Average Shares": NaN,
        "Diluted EPS": NaN,
        "Basic EPS": NaN,
        "Diluted NI Availto Com Stockholders": NaN,
        "Net Income Common Stockholders": NaN,
        "Net Income": NaN,
        "Minority Interests": NaN,
        "Net Income Including Noncontrolling Interests": NaN,
        "Net Income Continuous Operations": NaN,
        "Tax Provision": NaN,
        "Pretax Income": NaN,
        "Other Income Expense": NaN,
        "Other Non Operating Income Expenses": NaN,
        "Special Income Charges": NaN,
        "Other Special Charges": 1000000.0,
        "Restructuring And Mergern Acquisition": NaN,
        "Earnings From Equity Interest": NaN,
        "Net Non Operating Interest Income Expense": NaN,
        "Interest Expense Non Operating": NaN,
        "Operating Income": NaN,
        "Operating Expense": NaN,
        "Depreciation Amortization Depletion Income Statement": NaN,
        "Depreciation And Amortization In Income Statement": NaN,
        "Selling General And Administration": NaN,
        "General And Administrative Expense": NaN,
        "Other Gand A": NaN,
        "Gross Profit": NaN,
        "Cost Of Revenue": NaN,
        "Total Revenue": NaN,
        "Operating Revenue": NaN
    },
    "2024-06-30": {
        "Tax Effect Of Unusual Items": NaN,
        "Tax Rate For Calcs": NaN,
        "Normalized EBITDA": NaN,
        "Total Unusual Items": NaN,
        "Total Unusual Items Excluding Goodwill": NaN,
        "Net Income From Continuing Operation Net Minority Interest": NaN,
        "Reconciled Depreciation": NaN,
        "Reconciled Cost Of Revenue": NaN,
        "EBITDA": NaN,
        "EBIT": NaN,
        "Net Interest Income": NaN,
        "Interest Expense": NaN,
        "Normalized Income": NaN,
        "Net Income From Continuing And Discontinued Operation": NaN,
        "Total Expenses": NaN,
        "Total Operating Income As Reported": NaN,
        "Diluted Average Shares": 117000000.0,
        "Basic Average Shares": 117000000.0,
        "Diluted EPS": 0.43,
        "Basic EPS": 0.43,
        "Diluted NI Availto Com Stockholders": NaN,
        "Net Income Common Stockholders": NaN,
        "Net Income": NaN,
        "Minority Interests": NaN,
        "Net Income Including Noncontrolling Interests": NaN,
        "Net Income Continuous Operations": NaN,
        "Tax Provision": NaN,
        "Pretax Income": NaN,
        "Other Income Expense": NaN,
        "Other Non Operating Income Expenses": NaN,
        "Special Income Charges": NaN,
        "Other Special Charges": 2000000.0,
        "Restructuring And Mergern Acquisition": NaN,
        "Earnings From Equity Interest": NaN,
        "Net Non Operating Interest Income Expense": NaN,
        "Interest Expense Non Operating": NaN,
        "Operating Income": NaN,
        "Operating Expense": NaN,
        "Depreciation Amortization Depletion Income Statement": NaN,
        "Depreciation And Amortization In Income Statement": NaN,
        "Selling General And Administration": NaN,
        "General And Administrative Expense": NaN,
        "Other Gand A": NaN,
        "Gross Profit": NaN,
        "Cost Of Revenue": NaN,
        "Total Revenue": NaN,
        "Operating Revenue": NaN
    },
    "2024-09-30": {
        "Tax Effect Of Unusual Items": 0.0,
        "Tax Rate For Calcs": 0.21,
        "Normalized EBITDA": 409000000.0,
        "Total Unusual Items": 0.0,
        "Total Unusual Items Excluding Goodwill": 0.0,
        "Net Income From Continuing Operation Net Minority Interest": 36000000.0,
        "Reconciled Depreciation": 210000000.0,
        "Reconciled Cost Of Revenue": 89000000.0,
        "EBITDA": 409000000.0,
        "EBIT": 199000000.0,
        "Net Interest Income": -139000000.0,
        "Interest Expense": 139000000.0,
        "Normalized Income": 36000000.0,
        "Net Income From Continuing And Discontinued Operation": 36000000.0,
        "Total Expenses": 308000000.0,
        "Total Operating Income As Reported": 178000000.0,
        "Diluted Average Shares": 118000000.0,
        "Basic Average Shares": 118000000.0,
        "Diluted EPS": 0.31,
        "Basic EPS": 0.31,
        "Diluted NI Availto Com Stockholders": 36000000.0,
        "Net Income Common Stockholders": 36000000.0,
        "Net Income": 36000000.0,
        "Minority Interests": 9000000.0,
        "Net Income Including Noncontrolling Interests": 27000000.0,
        "Net Income Continuous Operations": 27000000.0,
        "Tax Provision": 33000000.0,
        "Pretax Income": 60000000.0,
        "Other Income Expense": 21000000.0,
        "Other Non Operating Income Expenses": 8000000.0,
        "Special Income Charges": 0.0,
        "Other Special Charges": NaN,
        "Restructuring And Mergern Acquisition": 0.0,
        "Earnings From Equity Interest": 13000000.0,
        "Net Non Operating Interest Income Expense": -139000000.0,
        "Interest Expense Non Operating": 139000000.0,
        "Operating Income": 178000000.0,
        "Operating Expense": 173000000.0,
        "Depreciation Amortization Depletion Income Statement": 164000000.0,
        "Depreciation And Amortization In Income Statement": 164000000.0,
        "Selling General And Administration": 9000000.0,
        "General And Administrative Expense": 9000000.0,
        "Other Gand A": 9000000.0,
        "Gross Profit": 351000000.0,
        "Cost Of Revenue": 135000000.0,
        "Total Revenue": 486000000.0,
        "Operating Revenue": 463000000.0
    },
    "2024-12-31": {
        "Tax Effect Of Unusual Items": 0.0,
        "Tax Rate For Calcs": 0.0,
        "Normalized EBITDA": 182000000.0,
        "Total Unusual Items": -6000000.0,
        "Total Unusual Items Excluding Goodwill": -6000000.0,
        "Net Income From Continuing Operation Net Minority Interest": 3000000.0,
        "Reconciled Depreciation": 201000000.0,
        "Reconciled Cost Of Revenue": 78000000.0,
        "EBITDA": 176000000.0,
        "EBIT": -25000000.0,
        "Net Interest Income": -23000000.0,
        "Interest Expense": 23000000.0,
        "Normalized Income": 9000000.0,
        "Net Income From Continuing And Discontinued Operation": 3000000.0,
        "Total Expenses": 289000000.0,
        "Total Operating Income As Reported": -37000000.0,
        "Diluted Average Shares": NaN,
        "Basic Average Shares": NaN,
        "Diluted EPS": NaN,
        "Basic EPS": NaN,
        "Diluted NI Availto Com Stockholders": 3000000.0,
        "Net Income Common Stockholders": 3000000.0,
        "Net Income": 3000000.0,
        "Minority Interests": 51000000.0,
        "Net Income Including Noncontrolling Interests": -48000000.0,
        "Net Income Continuous Operations": -48000000.0,
        "Tax Provision": 0.0,
        "Pretax Income": -48000000.0,
        "Other Income Expense": 8000000.0,
        "Other Non Operating Income Expenses": 12000000.0,
        "Special Income Charges": -6000000.0,
        "Other Special Charges": 2000000.0,
        "Restructuring And Mergern Acquisition": 4000000.0,
        "Earnings From Equity Interest": 2000000.0,
        "Net Non Operating Interest Income Expense": -23000000.0,
        "Interest Expense Non Operating": 23000000.0,
        "Operating Income": -33000000.0,
        "Operating Expense": 166000000.0,
        "Depreciation Amortization Depletion Income Statement": 156000000.0,
        "Depreciation And Amortization In Income Statement": 156000000.0,
        "Selling General And Administration": 10000000.0,
        "General And Administrative Expense": 10000000.0,
        "Other Gand A": 10000000.0,
        "Gross Profit": 133000000.0,
        "Cost Of Revenue": 123000000.0,
        "Total Revenue": 256000000.0,
        "Operating Revenue": 235000000.0
    },
    "2025-03-31": {
        "Tax Effect Of Unusual Items": 0.0,
        "Tax Rate For Calcs": 0.0,
        "Normalized EBITDA": 221000000.0,
        "Total Unusual Items": -3000000.0,
        "Total Unusual Items Excluding Goodwill": -3000000.0,
        "Net Income From Continuing Operation Net Minority Interest": 4000000.0,
        "Reconciled Depreciation": 206000000.0,
        "Reconciled Cost Of Revenue": 79000000.0,
        "EBITDA": 218000000.0,
        "EBIT": 12000000.0,
        "Net Interest Income": -116000000.0,
        "Interest Expense": 116000000.0,
        "Normalized Income": 7000000.0,
        "Net Income From Continuing And Discontinued Operation": 4000000.0,
        "Total Expenses": 295000000.0,
        "Total Operating Income As Reported": 0.0,
        "Diluted Average Shares": 118000000.0,
        "Basic Average Shares": 118000000.0,
        "Diluted EPS": 0.03,
        "Basic EPS": 0.03,
        "Diluted NI Availto Com Stockholders": 4000000.0,
        "Net Income Common Stockholders": 4000000.0,
        "Net Income": 4000000.0,
        "Minority Interests": 108000000.0,
        "Net Income Including Noncontrolling Interests": -104000000.0,
        "Net Income Continuous Operations": -104000000.0,
        "Tax Provision": 0.0,
        "Pretax Income": -104000000.0,
        "Other Income Expense": 9000000.0,
        "Other Non Operating Income Expenses": 7000000.0,
        "Special Income Charges": -3000000.0,
        "Other Special Charges": NaN,
        "Restructuring And Mergern Acquisition": 3000000.0,
        "Earnings From Equity Interest": 5000000.0,
        "Net Non Operating Interest Income Expense": -116000000.0,
        "Interest Expense Non Operating": 116000000.0,
        "Operating Income": 3000000.0,
        "Operating Expense": 173000000.0,
        "Depreciation Amortization Depletion Income Statement": 163000000.0,
        "Depreciation And Amortization In Income Statement": 163000000.0,
        "Selling General And Administration": 10000000.0,
        "General And Administrative Expense": 10000000.0,
        "Other Gand A": 10000000.0,
        "Gross Profit": 176000000.0,
        "Cost Of Revenue": 122000000.0,
        "Total Revenue": 298000000.0,
        "Operating Revenue": 278000000.0
    },
    "2025-06-30": {
        "Tax Effect Of Unusual Items": -588000.0,
        "Tax Rate For Calcs": 0.294,
        "Normalized EBITDA": 310000000.0,
        "Total Unusual Items": -2000000.0,
        "Total Unusual Items Excluding Goodwill": -2000000.0,
        "Net Income From Continuing Operation Net Minority Interest": 33000000.0,
        "Reconciled Depreciation": 208000000.0,
        "Reconciled Cost Of Revenue": 86000000.0,
        "EBITDA": 308000000.0,
        "EBIT": 100000000.0,
        "Net Interest Income": -83000000.0,
        "Interest Expense": 83000000.0,
        "Normalized Income": 34412000.0,
        "Net Income From Continuing And Discontinued Operation": 33000000.0,
        "Total Expenses": 305000000.0,
        "Total Operating Income As Reported": 85000000.0,
        "Diluted Average Shares": 118000000.0,
        "Basic Average Shares": 118000000.0,
        "Diluted EPS": 0.28,
        "Basic EPS": 0.28,
        "Diluted NI Availto Com Stockholders": 33000000.0,
        "Net Income Common Stockholders": 33000000.0,
        "Net Income": 33000000.0,
        "Minority Interests": 21000000.0,
        "Net Income Including Noncontrolling Interests": 12000000.0,
        "Net Income Continuous Operations": 12000000.0,
        "Tax Provision": 5000000.0,
        "Pretax Income": 17000000.0,
        "Other Income Expense": 13000000.0,
        "Other Non Operating Income Expenses": 8000000.0,
        "Special Income Charges": -2000000.0,
        "Other Special Charges": NaN,
        "Restructuring And Mergern Acquisition": 2000000.0,
        "Earnings From Equity Interest": 7000000.0,
        "Net Non Operating Interest Income Expense": -83000000.0,
        "Interest Expense Non Operating": 83000000.0,
        "Operating Income": 87000000.0,
        "Operating Expense": 174000000.0,
        "Depreciation Amortization Depletion Income Statement": 163000000.0,
        "Depreciation And Amortization In Income Statement": 163000000.0,
        "Selling General And Administration": 11000000.0,
        "General And Administrative Expense": 11000000.0,
        "Other Gand A": 11000000.0,
        "Gross Profit": 261000000.0,
        "Cost Of Revenue": 131000000.0,
        "Total Revenue": 392000000.0,
        "Operating Revenue": 370000000.0
    },
    "2025-09-30": {
        "Tax Effect Of Unusual Items": -2100000.0,
        "Tax Rate For Calcs": 0.21,
        "Normalized EBITDA": 362000000.0,
        "Total Unusual Items": -10000000.0,
        "Total Unusual Items Excluding Goodwill": -10000000.0,
        "Net Income From Continuing Operation Net Minority Interest": 236000000.0,
        "Reconciled Depreciation": 225000000.0,
        "Reconciled Cost Of Revenue": 79000000.0,
        "EBITDA": 352000000.0,
        "EBIT": 127000000.0,
        "Net Interest Income": -98000000.0,
        "Interest Expense": 98000000.0,
        "Normalized Income": 243900000.0,
        "Net Income From Continuing And Discontinued Operation": 236000000.0,
        "Total Expenses": 314000000.0,
        "Total Operating Income As Reported": 112000000.0,
        "Diluted Average Shares": 118000000.0,
        "Basic Average Shares": 118000000.0,
        "Diluted EPS": 2.0,
        "Basic EPS": 2.0,
        "Diluted NI Availto Com Stockholders": 236000000.0,
        "Net Income Common Stockholders": 236000000.0,
        "Net Income": 236000000.0,
        "Minority Interests": 176000000.0,
        "Net Income Including Noncontrolling Interests": 60000000.0,
        "Net Income Continuous Operations": 60000000.0,
        "Tax Provision": -31000000.0,
        "Pretax Income": 29000000.0,
        "Other Income Expense": 12000000.0,
        "Other Non Operating Income Expenses": 7000000.0,
        "Special Income Charges": -10000000.0,
        "Other Special Charges": 7000000.0,
        "Restructuring And Mergern Acquisition": 3000000.0,
        "Earnings From Equity Interest": 15000000.0,
        "Net Non Operating Interest Income Expense": -98000000.0,
        "Interest Expense Non Operating": 98000000.0,
        "Operating Income": 115000000.0,
        "Operating Expense": 186000000.0,
        "Depreciation Amortization Depletion Income Statement": 176000000.0,
        "Depreciation And Amortization In Income Statement": 176000000.0,
        "Selling General And Administration": 10000000.0,
        "General And Administrative Expense": 10000000.0,
        "Other Gand A": 10000000.0,
        "Gross Profit": 301000000.0,
        "Cost Of Revenue": 128000000.0,
        "Total Revenue": 429000000.0,
        "Operating Revenue": 403000000.0
    }
}