{
    "2023-06-30": {
        "Tax Effect Of Unusual Items": NaN,
        "Tax Rate For Calcs": NaN,
        "Normalized EBITDA": NaN,
        "Total Unusual Items": NaN,
        "Total Unusual Items Excluding Goodwill": NaN,
        "Net Income From Continuing Operation Net Minority Interest": NaN,
        "Reconciled Depreciation": NaN,
        "Reconciled Cost Of Revenue": NaN,
        "EBITDA": NaN,
        "EBIT": NaN,
        "Net Interest Income": NaN,
        "Interest Expense": NaN,
        "Interest Income": NaN,
        "Normalized Income": NaN,
        "Net Income From Continuing And Discontinued Operation": NaN,
        "Total Expenses": NaN,
        "Total Operating Income As Reported": NaN,
        "Diluted Average Shares": NaN,
        "Basic Average Shares": NaN,
        "Diluted EPS": NaN,
        "Basic EPS": NaN,
        "Diluted NI Availto Com Stockholders": NaN,
        "Net Income Common Stockholders": NaN,
        "Net Income": NaN,
        "Net Income Including Noncontrolling Interests": NaN,
        "Net Income Continuous Operations": NaN,
        "Tax Provision": NaN,
        "Pretax Income": NaN,
        "Other Income Expense": NaN,
        "Other Non Operating Income Expenses": NaN,
        "Special Income Charges": NaN,
        "Other Special Charges": 14348000.0,
        "Restructuring And Mergern Acquisition": NaN,
        "Net Non Operating Interest Income Expense": NaN,
        "Total Other Finance Cost": NaN,
        "Interest Expense Non Operating": NaN,
        "Interest Income Non Operating": NaN,
        "Operating Income": NaN,
        "Operating Expense": NaN,
        "Provision For Doubtful Accounts": 100000.0,
        "Depreciation Amortization Depletion Income Statement": NaN,
        "Depreciation And Amortization In Income Statement": NaN,
        "Amortization": NaN,
        "Amortization Of Intangibles Income Statement": NaN,
        "Depreciation Income Statement": NaN,
        "Selling General And Administration": NaN,
        "General And Administrative Expense": NaN,
        "Other Gand A": NaN,
        "Salaries And Wages": 23900000.0,
        "Gross Profit": NaN,
        "Cost Of Revenue": NaN,
        "Total Revenue": NaN,
        "Operating Revenue": NaN
    },
    "2023-03-31": {
        "Tax Effect Of Unusual Items": NaN,
        "Tax Rate For Calcs": NaN,
        "Normalized EBITDA": NaN,
        "Total Unusual Items": NaN,
        "Total Unusual Items Excluding Goodwill": NaN,
        "Net Income From Continuing Operation Net Minority Interest": NaN,
        "Reconciled Depreciation": NaN,
        "Reconciled Cost Of Revenue": NaN,
        "EBITDA": NaN,
        "EBIT": NaN,
        "Net Interest Income": NaN,
        "Interest Expense": NaN,
        "Interest Income": NaN,
        "Normalized Income": NaN,
        "Net Income From Continuing And Discontinued Operation": NaN,
        "Total Expenses": NaN,
        "Total Operating Income As Reported": NaN,
        "Diluted Average Shares": NaN,
        "Basic Average Shares": NaN,
        "Diluted EPS": NaN,
        "Basic EPS": NaN,
        "Diluted NI Availto Com Stockholders": NaN,
        "Net Income Common Stockholders": NaN,
        "Net Income": NaN,
        "Net Income Including Noncontrolling Interests": NaN,
        "Net Income Continuous Operations": NaN,
        "Tax Provision": NaN,
        "Pretax Income": NaN,
        "Other Income Expense": NaN,
        "Other Non Operating Income Expenses": NaN,
        "Special Income Charges": NaN,
        "Other Special Charges": NaN,
        "Restructuring And Mergern Acquisition": NaN,
        "Net Non Operating Interest Income Expense": NaN,
        "Total Other Finance Cost": NaN,
        "Interest Expense Non Operating": NaN,
        "Interest Income Non Operating": NaN,
        "Operating Income": NaN,
        "Operating Expense": NaN,
        "Provision For Doubtful Accounts": 1000000.0,
        "Depreciation Amortization Depletion Income Statement": NaN,
        "Depreciation And Amortization In Income Statement": NaN,
        "Amortization": NaN,
        "Amortization Of Intangibles Income Statement": NaN,
        "Depreciation Income Statement": NaN,
        "Selling General And Administration": NaN,
        "General And Administrative Expense": NaN,
        "Other Gand A": NaN,
        "Salaries And Wages": 23300000.0,
        "Gross Profit": NaN,
        "Cost Of Revenue": NaN,
        "Total Revenue": NaN,
        "Operating Revenue": NaN
    },
    "2022-12-31": {
        "Tax Effect Of Unusual Items": NaN,
        "Tax Rate For Calcs": NaN,
        "Normalized EBITDA": NaN,
        "Total Unusual Items": NaN,
        "Total Unusual Items Excluding Goodwill": NaN,
        "Net Income From Continuing Operation Net Minority Interest": NaN,
        "Reconciled Depreciation": NaN,
        "Reconciled Cost Of Revenue": NaN,
        "EBITDA": NaN,
        "EBIT": NaN,
        "Net Interest Income": NaN,
        "Interest Expense": NaN,
        "Interest Income": NaN,
        "Normalized Income": NaN,
        "Net Income From Continuing And Discontinued Operation": NaN,
        "Total Expenses": NaN,
        "Total Operating Income As Reported": NaN,
        "Diluted Average Shares": NaN,
        "Basic Average Shares": NaN,
        "Diluted EPS": NaN,
        "Basic EPS": NaN,
        "Diluted NI Availto Com Stockholders": NaN,
        "Net Income Common Stockholders": NaN,
        "Net Income": NaN,
        "Net Income Including Noncontrolling Interests": NaN,
        "Net Income Continuous Operations": NaN,
        "Tax Provision": NaN,
        "Pretax Income": NaN,
        "Other Income Expense": NaN,
        "Other Non Operating Income Expenses": NaN,
        "Special Income Charges": NaN,
        "Other Special Charges": NaN,
        "Restructuring And Mergern Acquisition": NaN,
        "Net Non Operating Interest Income Expense": NaN,
        "Total Other Finance Cost": NaN,
        "Interest Expense Non Operating": NaN,
        "Interest Income Non Operating": NaN,
        "Operating Income": NaN,
        "Operating Expense": NaN,
        "Other Operating Expenses": 0.0,
        "Provision For Doubtful Accounts": NaN,
        "Depreciation Amortization Depletion Income Statement": NaN,
        "Depreciation And Amortization In Income Statement": NaN,
        "Amortization": NaN,
        "Amortization Of Intangibles Income Statement": NaN,
        "Depreciation Income Statement": NaN,
        "Selling General And Administration": NaN,
        "General And Administrative Expense": NaN,
        "Other Gand A": NaN,
        "Salaries And Wages": NaN,
        "Gross Profit": NaN,
        "Cost Of Revenue": NaN,
        "Total Revenue": NaN,
        "Operating Revenue": NaN
    },
    "2022-09-30": {
        "Tax Effect Of Unusual Items": NaN,
        "Tax Rate For Calcs": NaN,
        "Normalized EBITDA": NaN,
        "Total Unusual Items": NaN,
        "Total Unusual Items Excluding Goodwill": NaN,
        "Net Income From Continuing Operation Net Minority Interest": NaN,
        "Reconciled Depreciation": NaN,
        "Reconciled Cost Of Revenue": NaN,
        "EBITDA": NaN,
        "EBIT": NaN,
        "Net Interest Income": NaN,
        "Interest Expense": NaN,
        "Interest Income": NaN,
        "Normalized Income": NaN,
        "Net Income From Continuing And Discontinued Operation": NaN,
        "Total Expenses": NaN,
        "Total Operating Income As Reported": NaN,
        "Diluted Average Shares": NaN,
        "Basic Average Shares": NaN,
        "Diluted EPS": NaN,
        "Basic EPS": NaN,
        "Diluted NI Availto Com Stockholders": NaN,
        "Net Income Common Stockholders": NaN,
        "Net Income": NaN,
        "Net Income Including Noncontrolling Interests": NaN,
        "Net Income Continuous Operations": NaN,
        "Tax Provision": NaN,
        "Pretax Income": NaN,
        "Other Income Expense": NaN,
        "Other Non Operating Income Expenses": NaN,
        "Special Income Charges": NaN,
        "Other Special Charges": NaN,
        "Restructuring And Mergern Acquisition": NaN,
        "Net Non Operating Interest Income Expense": NaN,
        "Total Other Finance Cost": 489000.0,
        "Interest Expense Non Operating": NaN,
        "Interest Income Non Operating": NaN,
        "Operating Income": NaN,
        "Operating Expense": NaN,
        "Other Operating Expenses": 759000.0,
        "Provision For Doubtful Accounts": 800000.0,
        "Depreciation Amortization Depletion Income Statement": NaN,
        "Depreciation And Amortization In Income Statement": NaN,
        "Amortization": NaN,
        "Amortization Of Intangibles Income Statement": NaN,
        "Depreciation Income Statement": NaN,
        "Selling General And Administration": NaN,
        "General And Administrative Expense": NaN,
        "Other Gand A": NaN,
        "Salaries And Wages": 23500000.0,
        "Gross Profit": NaN,
        "Cost Of Revenue": NaN,
        "Total Revenue": NaN,
        "Operating Revenue": NaN
    },
    "2022-06-30": {
        "Tax Effect Of Unusual Items": -389348.36019,
        "Tax Rate For Calcs": 0.32527,
        "Normalized EBITDA": 64421000.0,
        "Total Unusual Items": -1197000.0,
        "Total Unusual Items Excluding Goodwill": -1197000.0,
        "Net Income From Continuing Operation Net Minority Interest": 17796000.0,
        "Reconciled Depreciation": 31151000.0,
        "Reconciled Cost Of Revenue": 186037000.0,
        "EBITDA": 63224000.0,
        "EBIT": 32073000.0,
        "Net Interest Income": -5656000.0,
        "Interest Expense": 5698000.0,
        "Interest Income": 42000.0,
        "Normalized Income": 18603651.63981,
        "Net Income From Continuing And Discontinued Operation": 17796000.0,
        "Total Expenses": 250750000.0,
        "Total Operating Income As Reported": 31719000.0,
        "Diluted Average Shares": 51781000.0,
        "Basic Average Shares": 51642000.0,
        "Diluted EPS": 0.34,
        "Basic EPS": 0.34,
        "Diluted NI Availto Com Stockholders": 17796000.0,
        "Net Income Common Stockholders": 17796000.0,
        "Net Income": 17796000.0,
        "Net Income Including Noncontrolling Interests": 17796000.0,
        "Net Income Continuous Operations": 17796000.0,
        "Tax Provision": 8579000.0,
        "Pretax Income": 26375000.0,
        "Other Income Expense": -885000.0,
        "Other Non Operating Income Expenses": 312000.0,
        "Special Income Charges": -1197000.0,
        "Other Special Charges": NaN,
        "Restructuring And Mergern Acquisition": 1197000.0,
        "Net Non Operating Interest Income Expense": -5656000.0,
        "Interest Expense Non Operating": 5698000.0,
        "Interest Income Non Operating": 42000.0,
        "Operating Income": 32916000.0,
        "Operating Expense": 64712000.0,
        "Other Operating Expenses": NaN,
        "Provision For Doubtful Accounts": NaN,
        "Depreciation Amortization Depletion Income Statement": 31150000.0,
        "Depreciation And Amortization In Income Statement": 31150000.0,
        "Amortization": NaN,
        "Amortization Of Intangibles Income Statement": NaN,
        "Depreciation Income Statement": NaN,
        "Selling General And Administration": 33562000.0,
        "General And Administrative Expense": 33562000.0,
        "Other Gand A": 33562000.0,
        "Salaries And Wages": NaN,
        "Gross Profit": 97628000.0,
        "Cost Of Revenue": 186038000.0,
        "Total Revenue": 283666000.0,
        "Operating Revenue": 283666000.0
    },
    "2022-03-31": {
        "Diluted EPS": 0.08,
        "Total Revenue": 234,
        "Gross Profit": 72,
        "Operating Income": 10,
        "EBIT": 40,
        "Net Income": 4
    },
    "2021-12-31": {
        "Diluted EPS": 0.18,
        "Total Revenue": 242,
        "Gross Profit": 79,
        "Operating Income": 16,
        "EBIT": 46,
        "Net Income": 9
    },
    "2021-09-30": {
        "Diluted EPS": 0.31,
        "Total Revenue": 242,
        "Gross Profit": 88,
        "Operating Income": 27,
        "EBIT": 55,
        "Net Income": 16
    },
    "2021-06-30": {
        "Diluted EPS": 0.23,
        "Total Revenue": 216,
        "Gross Profit": 77,
        "Operating Income": 22,
        "EBIT": 47,
        "Net Income": 12
    },
    "2021-03-31": {
        "Diluted EPS": 0.08,
        "Total Revenue": 190,
        "Gross Profit": 62,
        "Operating Income": 12,
        "EBIT": 35,
        "Net Income": 4
    },
    "2020-12-31": {
        "Diluted EPS": 1.28,
        "Total Revenue": 200,
        "Gross Profit": 67,
        "Operating Income": 14,
        "EBIT": 38,
        "Net Income": 63
    },
    "2020-09-30": {
        "Diluted EPS": 0.31,
        "Total Revenue": 203,
        "Gross Profit": 72,
        "Operating Income": 21,
        "EBIT": 42,
        "Net Income": 15
    },
    "2020-06-30": {
        "Diluted EPS": 0.25,
        "Total Revenue": 189,
        "Gross Profit": 65,
        "Operating Income": 17,
        "EBIT": 42,
        "Net Income": 12
    },
    "2020-03-31": {
        "Diluted EPS": 0.02,
        "Total Revenue": 183,
        "Gross Profit": 54,
        "Operating Income": 7,
        "EBIT": 31,
        "Net Income": 1
    },
    "2019-12-31": {
        "Diluted EPS": 0.19,
        "Total Revenue": 194,
        "Gross Profit": 63,
        "Operating Income": 15,
        "EBIT": 31,
        "Net Income": 9
    },
    "2019-09-30": {
        "Diluted EPS": 0.26,
        "Total Revenue": 199,
        "Gross Profit": 67,
        "Operating Income": 18,
        "EBIT": 42,
        "Net Income": 12
    },
    "2019-06-30": {
        "Diluted EPS": 0.25,
        "Total Revenue": 187,
        "Gross Profit": 59,
        "Operating Income": 16,
        "EBIT": 38,
        "Net Income": 12
    },
    "2019-03-31": {
        "Diluted EPS": -0.04,
        "Total Revenue": 164,
        "Gross Profit": 46,
        "Operating Income": 4,
        "EBIT": 24,
        "Net Income": -2
    },
    "2018-12-31": {
        "Diluted EPS": -0.3,
        "Total Revenue": 175,
        "Gross Profit": 53,
        "Operating Income": -5,
        "EBIT": 16,
        "Net Income": -14
    },
    "2018-09-30": {
        "Diluted EPS": 0.5,
        "Total Revenue": 173,
        "Gross Profit": 59,
        "Operating Income": 29,
        "EBIT": 51,
        "Net Income": 22
    },
    "2018-06-30": {
        "Diluted EPS": 0.04,
        "Total Revenue": 166,
        "Gross Profit": 54,
        "Operating Income": 15,
        "EBIT": 36,
        "Net Income": 2
    },
    "2018-03-31": {
        "Diluted EPS": -0.09,
        "Total Revenue": 147,
        "Gross Profit": 42,
        "Operating Income": 1,
        "EBIT": 20,
        "Net Income": -4
    },
    "2017-12-31": {
        "Diluted EPS": 0.49,
        "Total Revenue": 151,
        "Gross Profit": 47,
        "Operating Income": 10,
        "EBIT": 29,
        "Net Income": 20
    },
    "2017-09-30": {
        "Diluted EPS": 0.28,
        "Total Revenue": 160,
        "Gross Profit": 56,
        "Operating Income": 18,
        "EBIT": 38,
        "Net Income": 12
    },
    "2017-06-30": {
        "Diluted EPS": -1.28,
        "Total Revenue": 154,
        "Gross Profit": 51,
        "Operating Income": -47,
        "EBIT": -28,
        "Net Income": -54
    },
    "2017-03-31": {
        "Diluted EPS": -0.01,
        "Total Revenue": 134,
        "Gross Profit": 39,
        "Operating Income": 7,
        "EBIT": 23,
        "Net Income": 0
    },
    "2016-12-31": {
        "Diluted EPS": -0.28,
        "Total Revenue": 144,
        "Gross Profit": 46,
        "Operating Income": 10,
        "EBIT": 28,
        "Net Income": -12
    },
    "2016-09-30": {
        "Diluted EPS": 0.18,
        "Total Revenue": 151,
        "Gross Profit": 52,
        "Operating Income": 17,
        "EBIT": 37,
        "Net Income": 8
    },
    "2016-06-30": {
        "Diluted EPS": 0.12,
        "Total Revenue": 145,
        "Gross Profit": 49,
        "Operating Income": 16,
        "EBIT": 35,
        "Net Income": 5
    },
    "2016-03-31": {
        "Diluted EPS": -0.19,
        "Total Revenue": 125,
        "Gross Profit": 35,
        "Operating Income": 2,
        "EBIT": 19,
        "Net Income": -8
    },
    "2015-12-31": {
        "Diluted EPS": -0.18,
        "Total Revenue": 140,
        "Gross Profit": 44,
        "Operating Income": 5,
        "EBIT": 24,
        "Net Income": -7
    },
    "2015-09-30": {
        "Diluted EPS": 0.06,
        "Total Revenue": 146,
        "Gross Profit": 47,
        "Operating Income": 13,
        "EBIT": 33,
        "Net Income": 2
    },
    "2015-06-30": {
        "Diluted EPS": 0.03,
        "Total Revenue": 144,
        "Gross Profit": 45,
        "Operating Income": 11,
        "EBIT": 31,
        "Net Income": 1
    },
    "2015-03-31": {
        "Diluted EPS": -0.23,
        "Total Revenue": 117,
        "Gross Profit": 29,
        "Operating Income": 3,
        "EBIT": 20,
        "Net Income": -9
    },
    "2014-12-31": {
        "Diluted EPS": 0.0,
        "Total Revenue": NaN,
        "Gross Profit": NaN,
        "Operating Income": NaN,
        "EBIT": NaN,
        "Net Income": NaN
    },
    "2014-10-31": {
        "Diluted EPS": 0.01,
        "Total Revenue": 141,
        "Gross Profit": 43,
        "Operating Income": 10,
        "EBIT": 49,
        "Net Income": 0
    },
    "2014-09-30": {
        "Diluted EPS": 0.03,
        "Total Revenue": 142,
        "Gross Profit": 44,
        "Operating Income": 11,
        "EBIT": 30,
        "Net Income": 1
    },
    "2014-07-31": {
        "Diluted EPS": -0.01,
        "Total Revenue": 141,
        "Gross Profit": 43,
        "Operating Income": 9,
        "EBIT": 28,
        "Net Income": 0
    },
    "2014-06-30": {
        "Diluted EPS": -0.17,
        "Total Revenue": 137,
        "Gross Profit": 40,
        "Operating Income": 0,
        "EBIT": -3,
        "Net Income": -7
    },
    "2014-04-30": {
        "Diluted EPS": 0.0,
        "Total Revenue": NaN,
        "Gross Profit": NaN,
        "Operating Income": NaN,
        "EBIT": NaN,
        "Net Income": NaN
    },
    "2014-03-31": {
        "Diluted EPS": -0.34,
        "Total Revenue": 113,
        "Gross Profit": 27,
        "Operating Income": -4,
        "EBIT": 35,
        "Net Income": -13
    },
    "2014-01-31": {
        "Diluted EPS": -0.27,
        "Total Revenue": 118,
        "Gross Profit": 30,
        "Operating Income": -1,
        "EBIT": 37,
        "Net Income": -11
    },
    "2013-10-31": {
        "Diluted EPS": -0.01,
        "Total Revenue": 132,
        "Gross Profit": 42,
        "Operating Income": 9,
        "EBIT": 61,
        "Net Income": 0
    },
    "2013-07-31": {
        "Diluted EPS": 0.0,
        "Total Revenue": 129,
        "Gross Profit": 40,
        "Operating Income": 10,
        "EBIT": 10,
        "Net Income": 0
    },
    "2013-04-30": {
        "Diluted EPS": 0.0,
        "Total Revenue": NaN,
        "Gross Profit": NaN,
        "Operating Income": NaN,
        "EBIT": NaN,
        "Net Income": NaN
    },
    "2013-01-31": {
        "Diluted EPS": -0.29,
        "Total Revenue": 112,
        "Gross Profit": 31,
        "Operating Income": 0,
        "EBIT": 51,
        "Net Income": -11
    },
    "2012-10-31": {
        "Diluted EPS": -0.68,
        "Total Revenue": 117,
        "Gross Profit": 35,
        "Operating Income": 4,
        "EBIT": 39,
        "Net Income": -21
    },
    "2012-07-31": {
        "Diluted EPS": -0.31,
        "Total Revenue": 118,
        "Gross Profit": 36,
        "Operating Income": 6,
        "EBIT": 6,
        "Net Income": -8
    },
    "2012-04-30": {
        "Diluted EPS": 0.0,
        "Total Revenue": NaN,
        "Gross Profit": NaN,
        "Operating Income": NaN,
        "EBIT": NaN,
        "Net Income": NaN
    },
    "2012-01-31": {
        "Diluted EPS": -0.92,
        "Total Revenue": 115,
        "Gross Profit": 33,
        "Operating Income": 4,
        "EBIT": 39,
        "Net Income": -25
    },
    "2011-10-31": {
        "Diluted EPS": -0.03,
        "Total Revenue": 130,
        "Gross Profit": 43,
        "Operating Income": 12,
        "EBIT": 63,
        "Net Income": -1
    },
    "2011-07-31": {
        "Diluted EPS": -0.12,
        "Total Revenue": 127,
        "Gross Profit": 42,
        "Operating Income": 10,
        "EBIT": 10,
        "Net Income": -3
    },
    "2011-04-30": {
        "Diluted EPS": 0.0,
        "Total Revenue": NaN,
        "Gross Profit": NaN,
        "Operating Income": NaN,
        "EBIT": NaN,
        "Net Income": NaN
    },
    "2011-01-31": {
        "Diluted EPS": -0.24,
        "Total Revenue": 112,
        "Gross Profit": 35,
        "Operating Income": 6,
        "EBIT": 57,
        "Net Income": -6
    },
    "2010-10-31": {
        "Diluted EPS": -0.04,
        "Total Revenue": 123,
        "Gross Profit": 44,
        "Operating Income": 12,
        "EBIT": 67,
        "Net Income": -1
    },
    "2010-07-31": {
        "Diluted EPS": -0.11,
        "Total Revenue": 122,
        "Gross Profit": 41,
        "Operating Income": 13,
        "EBIT": 13,
        "Net Income": -3
    },
    "2010-04-30": {
        "Diluted EPS": 0.0,
        "Total Revenue": NaN,
        "Gross Profit": NaN,
        "Operating Income": NaN,
        "EBIT": NaN,
        "Net Income": NaN
    },
    "2010-01-31": {
        "Diluted EPS": -0.17,
        "Total Revenue": 110,
        "Gross Profit": 36,
        "Operating Income": 7,
        "EBIT": 62,
        "Net Income": -4
    },
    "2009-10-31": {
        "Diluted EPS": -0.06,
        "Total Revenue": 133,
        "Gross Profit": 47,
        "Operating Income": 14,
        "EBIT": 55,
        "Net Income": -2
    },
    "2009-07-31": {
        "Diluted EPS": -0.11,
        "Total Revenue": 132,
        "Gross Profit": 45,
        "Operating Income": 9,
        "EBIT": 9,
        "Net Income": -3
    },
    "2009-04-30": {
        "Diluted EPS": 0.0,
        "Total Revenue": NaN,
        "Gross Profit": NaN,
        "Operating Income": NaN,
        "EBIT": NaN,
        "Net Income": NaN
    },
    "2009-01-31": {
        "Diluted EPS": -0.15,
        "Total Revenue": 121,
        "Gross Profit": 36,
        "Operating Income": 2,
        "EBIT": 43,
        "Net Income": -4
    },
    "2023-09-30": {
        "Tax Effect Of Unusual Items": NaN,
        "Tax Rate For Calcs": NaN,
        "Normalized EBITDA": NaN,
        "Total Unusual Items": NaN,
        "Total Unusual Items Excluding Goodwill": NaN,
        "Net Income From Continuing Operation Net Minority Interest": NaN,
        "Reconciled Depreciation": NaN,
        "Reconciled Cost Of Revenue": NaN,
        "EBITDA": NaN,
        "EBIT": NaN,
        "Net Interest Income": NaN,
        "Interest Expense": NaN,
        "Interest Income": NaN,
        "Normalized Income": NaN,
        "Net Income From Continuing And Discontinued Operation": NaN,
        "Total Expenses": NaN,
        "Total Operating Income As Reported": NaN,
        "Diluted Average Shares": NaN,
        "Basic Average Shares": NaN,
        "Diluted EPS": NaN,
        "Basic EPS": NaN,
        "Diluted NI Availto Com Stockholders": NaN,
        "Net Income Common Stockholders": NaN,
        "Net Income": NaN,
        "Net Income Including Noncontrolling Interests": NaN,
        "Net Income Continuous Operations": NaN,
        "Tax Provision": NaN,
        "Pretax Income": NaN,
        "Other Income Expense": NaN,
        "Other Non Operating Income Expenses": NaN,
        "Special Income Charges": NaN,
        "Other Special Charges": NaN,
        "Restructuring And Mergern Acquisition": NaN,
        "Net Non Operating Interest Income Expense": NaN,
        "Total Other Finance Cost": 715000.0,
        "Interest Expense Non Operating": NaN,
        "Interest Income Non Operating": NaN,
        "Operating Income": NaN,
        "Operating Expense": NaN,
        "Provision For Doubtful Accounts": 700000.0,
        "Depreciation Amortization Depletion Income Statement": NaN,
        "Depreciation And Amortization In Income Statement": NaN,
        "Amortization": NaN,
        "Amortization Of Intangibles Income Statement": NaN,
        "Depreciation Income Statement": NaN,
        "Selling General And Administration": NaN,
        "General And Administrative Expense": NaN,
        "Other Gand A": NaN,
        "Salaries And Wages": 26800000.0,
        "Gross Profit": NaN,
        "Cost Of Revenue": NaN,
        "Total Revenue": NaN,
        "Operating Revenue": NaN
    },
    "2023-12-31": {
        "Tax Effect Of Unusual Items": NaN,
        "Tax Rate For Calcs": NaN,
        "Normalized EBITDA": NaN,
        "Total Unusual Items": NaN,
        "Total Unusual Items Excluding Goodwill": NaN,
        "Net Income From Continuing Operation Net Minority Interest": NaN,
        "Reconciled Depreciation": NaN,
        "Reconciled Cost Of Revenue": NaN,
        "EBITDA": NaN,
        "EBIT": NaN,
        "Net Interest Income": NaN,
        "Interest Expense": NaN,
        "Interest Income": NaN,
        "Normalized Income": NaN,
        "Net Income From Continuing And Discontinued Operation": NaN,
        "Total Expenses": NaN,
        "Total Operating Income As Reported": NaN,
        "Diluted Average Shares": NaN,
        "Basic Average Shares": NaN,
        "Diluted EPS": NaN,
        "Basic EPS": NaN,
        "Diluted NI Availto Com Stockholders": NaN,
        "Net Income Common Stockholders": NaN,
        "Net Income": NaN,
        "Net Income Including Noncontrolling Interests": NaN,
        "Net Income Continuous Operations": NaN,
        "Tax Provision": NaN,
        "Pretax Income": NaN,
        "Other Income Expense": NaN,
        "Other Non Operating Income Expenses": NaN,
        "Special Income Charges": NaN,
        "Other Special Charges": 412000.0,
        "Restructuring And Mergern Acquisition": NaN,
        "Net Non Operating Interest Income Expense": NaN,
        "Interest Expense Non Operating": NaN,
        "Interest Income Non Operating": NaN,
        "Operating Income": NaN,
        "Operating Expense": NaN,
        "Provision For Doubtful Accounts": NaN,
        "Depreciation Amortization Depletion Income Statement": NaN,
        "Depreciation And Amortization In Income Statement": NaN,
        "Amortization": NaN,
        "Amortization Of Intangibles Income Statement": NaN,
        "Depreciation Income Statement": NaN,
        "Selling General And Administration": NaN,
        "General And Administrative Expense": NaN,
        "Other Gand A": NaN,
        "Salaries And Wages": NaN,
        "Gross Profit": NaN,
        "Cost Of Revenue": NaN,
        "Total Revenue": NaN,
        "Operating Revenue": NaN
    },
    "2024-03-31": {
        "Tax Effect Of Unusual Items": NaN,
        "Tax Rate For Calcs": NaN,
        "Normalized EBITDA": NaN,
        "Total Unusual Items": NaN,
        "Total Unusual Items Excluding Goodwill": NaN,
        "Net Income From Continuing Operation Net Minority Interest": NaN,
        "Reconciled Depreciation": NaN,
        "Reconciled Cost Of Revenue": NaN,
        "EBITDA": NaN,
        "EBIT": NaN,
        "Net Interest Income": NaN,
        "Interest Expense": NaN,
        "Interest Income": NaN,
        "Normalized Income": NaN,
        "Net Income From Continuing And Discontinued Operation": NaN,
        "Total Expenses": NaN,
        "Total Operating Income As Reported": NaN,
        "Diluted Average Shares": NaN,
        "Basic Average Shares": NaN,
        "Diluted EPS": NaN,
        "Basic EPS": NaN,
        "Diluted NI Availto Com Stockholders": NaN,
        "Net Income Common Stockholders": NaN,
        "Net Income": NaN,
        "Net Income Including Noncontrolling Interests": NaN,
        "Net Income Continuous Operations": NaN,
        "Tax Provision": NaN,
        "Pretax Income": NaN,
        "Other Income Expense": NaN,
        "Other Non Operating Income Expenses": NaN,
        "Special Income Charges": NaN,
        "Other Special Charges": NaN,
        "Restructuring And Mergern Acquisition": NaN,
        "Net Non Operating Interest Income Expense": NaN,
        "Interest Expense Non Operating": NaN,
        "Interest Income Non Operating": NaN,
        "Operating Income": NaN,
        "Operating Expense": NaN,
        "Provision For Doubtful Accounts": 300000.0,
        "Depreciation Amortization Depletion Income Statement": NaN,
        "Depreciation And Amortization In Income Statement": NaN,
        "Amortization": NaN,
        "Amortization Of Intangibles Income Statement": NaN,
        "Depreciation Income Statement": NaN,
        "Selling General And Administration": NaN,
        "General And Administrative Expense": NaN,
        "Other Gand A": NaN,
        "Salaries And Wages": 29600000.0,
        "Gross Profit": NaN,
        "Cost Of Revenue": NaN,
        "Total Revenue": NaN,
        "Operating Revenue": NaN
    },
    "2024-06-30": {
        "Tax Effect Of Unusual Items": -2751816.262271,
        "Tax Rate For Calcs": 0.351176,
        "Normalized EBITDA": 89294000.0,
        "Total Unusual Items": -7836000.0,
        "Total Unusual Items Excluding Goodwill": -7836000.0,
        "Net Income From Continuing Operation Net Minority Interest": 7006000.0,
        "Reconciled Depreciation": 55338000.0,
        "Reconciled Cost Of Revenue": 243762000.0,
        "EBITDA": 81458000.0,
        "EBIT": 26120000.0,
        "Net Interest Income": -12697000.0,
        "Interest Expense": 15322000.0,
        "Interest Income": 2625000.0,
        "Normalized Income": 12090183.737729,
        "Net Income From Continuing And Discontinued Operation": 7006000.0,
        "Total Expenses": 346300000.0,
        "Total Operating Income As Reported": 23018000.0,
        "Diluted Average Shares": 58199000.0,
        "Basic Average Shares": 58109000.0,
        "Diluted EPS": 0.12,
        "Basic EPS": 0.12,
        "Diluted NI Availto Com Stockholders": 7006000.0,
        "Net Income Common Stockholders": 7006000.0,
        "Net Income": 7006000.0,
        "Net Income Including Noncontrolling Interests": 7006000.0,
        "Net Income Continuous Operations": 7006000.0,
        "Tax Provision": 3792000.0,
        "Pretax Income": 10798000.0,
        "Other Income Expense": -7359000.0,
        "Other Non Operating Income Expenses": 477000.0,
        "Special Income Charges": -7836000.0,
        "Other Special Charges": NaN,
        "Restructuring And Mergern Acquisition": 7836000.0,
        "Net Non Operating Interest Income Expense": -12697000.0,
        "Interest Expense Non Operating": 15322000.0,
        "Interest Income Non Operating": 2625000.0,
        "Operating Income": 30863000.0,
        "Operating Expense": 102500000.0,
        "Provision For Doubtful Accounts": -400000.0,
        "Depreciation Amortization Depletion Income Statement": 55300000.0,
        "Depreciation And Amortization In Income Statement": 55300000.0,
        "Amortization": 23400000.0,
        "Amortization Of Intangibles Income Statement": 23400000.0,
        "Depreciation Income Statement": 31900000.0,
        "Selling General And Administration": 47600000.0,
        "General And Administrative Expense": 47600000.0,
        "Other Gand A": 17800000.0,
        "Salaries And Wages": 29800000.0,
        "Gross Profit": 133363000.0,
        "Cost Of Revenue": 243800000.0,
        "Total Revenue": 377163000.0,
        "Operating Revenue": 377163000.0
    },
    "2024-09-30": {
        "Tax Effect Of Unusual Items": -2924670.0,
        "Tax Rate For Calcs": 0.21,
        "Normalized EBITDA": 99298000.0,
        "Total Unusual Items": -13927000.0,
        "Total Unusual Items Excluding Goodwill": -13927000.0,
        "Net Income From Continuing Operation Net Minority Interest": 5771000.0,
        "Reconciled Depreciation": 59174000.0,
        "Reconciled Cost Of Revenue": 267126000.0,
        "EBITDA": 85371000.0,
        "EBIT": 26171000.0,
        "Net Interest Income": -14368000.0,
        "Interest Expense": 15748000.0,
        "Interest Income": 1380000.0,
        "Normalized Income": 16773330.0,
        "Net Income From Continuing And Discontinued Operation": 5771000.0,
        "Total Expenses": 373300000.0,
        "Total Operating Income As Reported": 24379000.0,
        "Diluted Average Shares": 58921000.0,
        "Basic Average Shares": 58808000.0,
        "Diluted EPS": 0.1,
        "Basic EPS": 0.1,
        "Diluted NI Availto Com Stockholders": 5771000.0,
        "Net Income Common Stockholders": 5771000.0,
        "Net Income": 5771000.0,
        "Net Income Including Noncontrolling Interests": 5771000.0,
        "Net Income Continuous Operations": 5771000.0,
        "Tax Provision": 4652000.0,
        "Pretax Income": 10423000.0,
        "Other Income Expense": -13515000.0,
        "Other Non Operating Income Expenses": 412000.0,
        "Special Income Charges": -13927000.0,
        "Other Special Charges": NaN,
        "Restructuring And Mergern Acquisition": 13927000.0,
        "Net Non Operating Interest Income Expense": -14368000.0,
        "Interest Expense Non Operating": 15748000.0,
        "Interest Income Non Operating": 1380000.0,
        "Operating Income": 38327000.0,
        "Operating Expense": 106200000.0,
        "Provision For Doubtful Accounts": 1400000.0,
        "Depreciation Amortization Depletion Income Statement": 59200000.0,
        "Depreciation And Amortization In Income Statement": 59200000.0,
        "Amortization": 25800000.0,
        "Amortization Of Intangibles Income Statement": 25800000.0,
        "Depreciation Income Statement": 33400000.0,
        "Selling General And Administration": 45600000.0,
        "General And Administrative Expense": 45600000.0,
        "Other Gand A": 15400000.0,
        "Salaries And Wages": 30200000.0,
        "Gross Profit": 144527000.0,
        "Cost Of Revenue": 267100000.0,
        "Total Revenue": 411627000.0,
        "Operating Revenue": 411627000.0
    },
    "2024-12-31": {
        "Tax Effect Of Unusual Items": -1153004.727718,
        "Tax Rate For Calcs": 0.146209,
        "Normalized EBITDA": 95464000.0,
        "Total Unusual Items": -7886000.0,
        "Total Unusual Items Excluding Goodwill": -7886000.0,
        "Net Income From Continuing Operation Net Minority Interest": 4876000.0,
        "Reconciled Depreciation": 66358000.0,
        "Reconciled Cost Of Revenue": 285685000.0,
        "EBITDA": 87578000.0,
        "EBIT": 21171000.0,
        "Net Interest Income": -11849000.0,
        "Interest Expense": 15460000.0,
        "Interest Income": 3611000.0,
        "Normalized Income": 11608995.272282,
        "Net Income From Continuing And Discontinued Operation": 4876000.0,
        "Total Expenses": 402558000.0,
        "Total Operating Income As Reported": 18529000.0,
        "Diluted Average Shares": 63449000.0,
        "Basic Average Shares": 63323000.0,
        "Diluted EPS": 0.08,
        "Basic EPS": 0.08,
        "Diluted NI Availto Com Stockholders": 4876000.0,
        "Net Income Common Stockholders": 4876000.0,
        "Net Income": 4876000.0,
        "Net Income Including Noncontrolling Interests": 4876000.0,
        "Net Income Continuous Operations": 4876000.0,
        "Tax Provision": 835000.0,
        "Pretax Income": 5711000.0,
        "Other Income Expense": -7459000.0,
        "Other Non Operating Income Expenses": 427000.0,
        "Special Income Charges": -7886000.0,
        "Other Special Charges": NaN,
        "Restructuring And Mergern Acquisition": 6490000.0,
        "Net Non Operating Interest Income Expense": -11849000.0,
        "Interest Expense Non Operating": 15460000.0,
        "Interest Income Non Operating": 3611000.0,
        "Operating Income": 24928000.0,
        "Operating Expense": 116922000.0,
        "Provision For Doubtful Accounts": NaN,
        "Depreciation Amortization Depletion Income Statement": 66407000.0,
        "Depreciation And Amortization In Income Statement": 66407000.0,
        "Amortization": 29679000.0,
        "Amortization Of Intangibles Income Statement": 29679000.0,
        "Depreciation Income Statement": 36728000.0,
        "Selling General And Administration": 53654000.0,
        "General And Administrative Expense": 53654000.0,
        "Other Gand A": 143154000.0,
        "Salaries And Wages": NaN,
        "Gross Profit": 141850000.0,
        "Cost Of Revenue": 285636000.0,
        "Total Revenue": 427486000.0,
        "Operating Revenue": 427486000.0
    },
    "2025-03-31": {
        "Tax Effect Of Unusual Items": -1161090.0,
        "Tax Rate For Calcs": 0.21,
        "Normalized EBITDA": 83874000.0,
        "Total Unusual Items": -5529000.0,
        "Total Unusual Items Excluding Goodwill": -5529000.0,
        "Net Income From Continuing Operation Net Minority Interest": -4810000.0,
        "Reconciled Depreciation": 71491000.0,
        "Reconciled Cost Of Revenue": 280509000.0,
        "EBITDA": 78345000.0,
        "EBIT": 6845000.0,
        "Net Interest Income": -11598000.0,
        "Interest Expense": 14980000.0,
        "Interest Income": 3382000.0,
        "Normalized Income": -442090.0,
        "Net Income From Continuing And Discontinued Operation": -4810000.0,
        "Total Expenses": 408500000.0,
        "Total Operating Income As Reported": 3143000.0,
        "Diluted Average Shares": 63387000.0,
        "Basic Average Shares": 63387000.0,
        "Diluted EPS": -0.08,
        "Basic EPS": -0.08,
        "Diluted NI Availto Com Stockholders": -4810000.0,
        "Net Income Common Stockholders": -4810000.0,
        "Net Income": -4810000.0,
        "Net Income Including Noncontrolling Interests": -4810000.0,
        "Net Income Continuous Operations": -4810000.0,
        "Tax Provision": -3325000.0,
        "Pretax Income": -8135000.0,
        "Other Income Expense": -5209000.0,
        "Other Non Operating Income Expenses": 320000.0,
        "Special Income Charges": -5529000.0,
        "Other Special Charges": NaN,
        "Restructuring And Mergern Acquisition": 5529000.0,
        "Net Non Operating Interest Income Expense": -11598000.0,
        "Interest Expense Non Operating": 14980000.0,
        "Interest Income Non Operating": 3382000.0,
        "Operating Income": 8601000.0,
        "Operating Expense": 128000000.0,
        "Provision For Doubtful Accounts": -100000.0,
        "Depreciation Amortization Depletion Income Statement": 71500000.0,
        "Depreciation And Amortization In Income Statement": 71500000.0,
        "Amortization": 31900000.0,
        "Amortization Of Intangibles Income Statement": 31900000.0,
        "Depreciation Income Statement": 39600000.0,
        "Selling General And Administration": 56600000.0,
        "General And Administrative Expense": 56600000.0,
        "Other Gand A": 17100000.0,
        "Salaries And Wages": 39500000.0,
        "Gross Profit": 136601000.0,
        "Cost Of Revenue": 280500000.0,
        "Total Revenue": 417101000.0,
        "Operating Revenue": 417101000.0
    },
    "2025-06-30": {
        "Tax Effect Of Unusual Items": -1575631.915203,
        "Tax Rate For Calcs": 0.243793,
        "Normalized EBITDA": 106021000.0,
        "Total Unusual Items": -6463000.0,
        "Total Unusual Items Excluding Goodwill": -6463000.0,
        "Net Income From Continuing Operation Net Minority Interest": 5208000.0,
        "Reconciled Depreciation": 77006000.0,
        "Reconciled Cost Of Revenue": 308094000.0,
        "EBITDA": 99558000.0,
        "EBIT": 22552000.0,
        "Net Interest Income": -13000000.0,
        "Interest Expense": 15665000.0,
        "Interest Income": 2665000.0,
        "Normalized Income": 10095368.084797,
        "Net Income From Continuing And Discontinued Operation": 5208000.0,
        "Total Expenses": 439600000.0,
        "Total Operating Income As Reported": 19272000.0,
        "Diluted Average Shares": 63563000.0,
        "Basic Average Shares": 63461000.0,
        "Diluted EPS": 0.08,
        "Basic EPS": 0.08,
        "Diluted NI Availto Com Stockholders": 5208000.0,
        "Net Income Common Stockholders": 5208000.0,
        "Net Income": 5208000.0,
        "Net Income Including Noncontrolling Interests": 5208000.0,
        "Net Income Continuous Operations": 5208000.0,
        "Tax Provision": 1679000.0,
        "Pretax Income": 6887000.0,
        "Other Income Expense": -5848000.0,
        "Other Non Operating Income Expenses": 615000.0,
        "Special Income Charges": -6463000.0,
        "Other Special Charges": NaN,
        "Restructuring And Mergern Acquisition": 6463000.0,
        "Net Non Operating Interest Income Expense": -13000000.0,
        "Interest Expense Non Operating": 15665000.0,
        "Interest Income Non Operating": 2665000.0,
        "Operating Income": 25734000.0,
        "Operating Expense": 131500000.0,
        "Provision For Doubtful Accounts": 400000.0,
        "Depreciation Amortization Depletion Income Statement": 77000000.0,
        "Depreciation And Amortization In Income Statement": 77000000.0,
        "Amortization": 34600000.0,
        "Amortization Of Intangibles Income Statement": 34600000.0,
        "Depreciation Income Statement": 42400000.0,
        "Selling General And Administration": 54100000.0,
        "General And Administrative Expense": 54100000.0,
        "Other Gand A": 19100000.0,
        "Salaries And Wages": 35000000.0,
        "Gross Profit": 157234000.0,
        "Cost Of Revenue": 308100000.0,
        "Total Revenue": 465334000.0,
        "Operating Revenue": 465334000.0
    }
}