{
    "2023-06-30": {
        "Tax Effect Of Unusual Items": NaN,
        "Tax Rate For Calcs": NaN,
        "Normalized EBITDA": NaN,
        "Total Unusual Items": NaN,
        "Total Unusual Items Excluding Goodwill": NaN,
        "Net Income From Continuing Operation Net Minority Interest": NaN,
        "Reconciled Depreciation": NaN,
        "Reconciled Cost Of Revenue": NaN,
        "EBITDA": NaN,
        "EBIT": NaN,
        "Net Interest Income": NaN,
        "Interest Expense": NaN,
        "Normalized Income": NaN,
        "Net Income From Continuing And Discontinued Operation": NaN,
        "Total Expenses": NaN,
        "Total Operating Income As Reported": NaN,
        "Diluted Average Shares": 56730000.0,
        "Basic Average Shares": 56692000.0,
        "Diluted EPS": 0.17,
        "Basic EPS": 0.17,
        "Diluted NI Availto Com Stockholders": NaN,
        "Net Income Common Stockholders": NaN,
        "Net Income": NaN,
        "Minority Interests": NaN,
        "Net Income Including Noncontrolling Interests": NaN,
        "Net Income Continuous Operations": NaN,
        "Tax Provision": 1774000.0,
        "Pretax Income": NaN,
        "Other Income Expense": NaN,
        "Other Non Operating Income Expenses": NaN,
        "Special Income Charges": NaN,
        "Other Special Charges": NaN,
        "Net Non Operating Interest Income Expense": NaN,
        "Interest Expense Non Operating": NaN,
        "Operating Income": NaN,
        "Operating Expense": NaN,
        "Other Operating Expenses": NaN,
        "Other Taxes": NaN,
        "Depreciation Amortization Depletion Income Statement": NaN,
        "Depreciation And Amortization In Income Statement": NaN,
        "Selling General And Administration": NaN,
        "General And Administrative Expense": NaN,
        "Other Gand A": NaN,
        "Gross Profit": NaN,
        "Cost Of Revenue": NaN,
        "Total Revenue": NaN,
        "Operating Revenue": NaN
    },
    "2023-03-31": {
        "Tax Effect Of Unusual Items": NaN,
        "Tax Rate For Calcs": NaN,
        "Normalized EBITDA": NaN,
        "Total Unusual Items": NaN,
        "Total Unusual Items Excluding Goodwill": NaN,
        "Net Income From Continuing Operation Net Minority Interest": NaN,
        "Reconciled Depreciation": NaN,
        "Reconciled Cost Of Revenue": NaN,
        "EBITDA": NaN,
        "EBIT": NaN,
        "Net Interest Income": NaN,
        "Interest Expense": NaN,
        "Normalized Income": NaN,
        "Net Income From Continuing And Discontinued Operation": NaN,
        "Total Expenses": NaN,
        "Total Operating Income As Reported": NaN,
        "Diluted Average Shares": NaN,
        "Basic Average Shares": NaN,
        "Diluted EPS": NaN,
        "Basic EPS": NaN,
        "Diluted NI Availto Com Stockholders": NaN,
        "Net Income Common Stockholders": NaN,
        "Net Income": NaN,
        "Minority Interests": NaN,
        "Net Income Including Noncontrolling Interests": NaN,
        "Net Income Continuous Operations": NaN,
        "Tax Provision": -3850000.0,
        "Pretax Income": NaN,
        "Other Income Expense": NaN,
        "Other Non Operating Income Expenses": NaN,
        "Special Income Charges": NaN,
        "Other Special Charges": NaN,
        "Net Non Operating Interest Income Expense": NaN,
        "Interest Expense Non Operating": NaN,
        "Operating Income": NaN,
        "Operating Expense": NaN,
        "Other Operating Expenses": -1404000.0,
        "Other Taxes": NaN,
        "Depreciation Amortization Depletion Income Statement": NaN,
        "Depreciation And Amortization In Income Statement": NaN,
        "Selling General And Administration": NaN,
        "General And Administrative Expense": NaN,
        "Other Gand A": NaN,
        "Gross Profit": NaN,
        "Cost Of Revenue": NaN,
        "Total Revenue": NaN,
        "Operating Revenue": NaN
    },
    "2022-12-31": {
        "Tax Effect Of Unusual Items": NaN,
        "Tax Rate For Calcs": NaN,
        "Normalized EBITDA": NaN,
        "Total Unusual Items": NaN,
        "Total Unusual Items Excluding Goodwill": NaN,
        "Net Income From Continuing Operation Net Minority Interest": NaN,
        "Reconciled Depreciation": NaN,
        "Reconciled Cost Of Revenue": NaN,
        "EBITDA": NaN,
        "EBIT": NaN,
        "Net Interest Income": NaN,
        "Interest Expense": NaN,
        "Normalized Income": NaN,
        "Net Income From Continuing And Discontinued Operation": NaN,
        "Total Expenses": NaN,
        "Total Operating Income As Reported": NaN,
        "Diluted Average Shares": NaN,
        "Basic Average Shares": NaN,
        "Diluted EPS": NaN,
        "Basic EPS": NaN,
        "Diluted NI Availto Com Stockholders": NaN,
        "Net Income Common Stockholders": NaN,
        "Net Income": NaN,
        "Minority Interests": NaN,
        "Net Income Including Noncontrolling Interests": NaN,
        "Net Income Continuous Operations": NaN,
        "Tax Provision": -762000.0,
        "Pretax Income": NaN,
        "Other Income Expense": NaN,
        "Other Non Operating Income Expenses": NaN,
        "Special Income Charges": NaN,
        "Other Special Charges": NaN,
        "Net Non Operating Interest Income Expense": NaN,
        "Interest Expense Non Operating": NaN,
        "Operating Income": NaN,
        "Operating Expense": NaN,
        "Other Operating Expenses": NaN,
        "Other Taxes": NaN,
        "Depreciation Amortization Depletion Income Statement": NaN,
        "Depreciation And Amortization In Income Statement": NaN,
        "Selling General And Administration": NaN,
        "General And Administrative Expense": NaN,
        "Other Gand A": NaN,
        "Gross Profit": NaN,
        "Cost Of Revenue": NaN,
        "Total Revenue": NaN,
        "Operating Revenue": NaN
    },
    "2022-09-30": {
        "Tax Effect Of Unusual Items": 101217.130123,
        "Tax Rate For Calcs": 0.100814,
        "Normalized EBITDA": 101797000.0,
        "Total Unusual Items": 1004000.0,
        "Total Unusual Items Excluding Goodwill": 1004000.0,
        "Net Income From Continuing Operation Net Minority Interest": 55872000.0,
        "Reconciled Depreciation": 29556000.0,
        "Reconciled Cost Of Revenue": 96471000.0,
        "EBITDA": 102801000.0,
        "EBIT": 73245000.0,
        "Net Interest Income": -11319000.0,
        "Interest Expense": 11319000.0,
        "Normalized Income": 54969217.130123,
        "Net Income From Continuing And Discontinued Operation": 55872000.0,
        "Total Expenses": 192287000.0,
        "Total Operating Income As Reported": 64946000.0,
        "Diluted Average Shares": 54042000.0,
        "Basic Average Shares": 54007000.0,
        "Diluted EPS": 1.03,
        "Basic EPS": 1.03,
        "Diluted NI Availto Com Stockholders": 55872000.0,
        "Net Income Common Stockholders": 55872000.0,
        "Net Income": 55872000.0,
        "Minority Interests": 189000.0,
        "Net Income Including Noncontrolling Interests": 55683000.0,
        "Net Income Continuous Operations": 55683000.0,
        "Tax Provision": 6243000.0,
        "Pretax Income": 61926000.0,
        "Other Income Expense": -775000.0,
        "Other Non Operating Income Expenses": -1779000.0,
        "Special Income Charges": 1004000.0,
        "Other Special Charges": -1004000.0,
        "Net Non Operating Interest Income Expense": -11319000.0,
        "Interest Expense Non Operating": 11319000.0,
        "Operating Income": 74020000.0,
        "Operating Expense": 95104000.0,
        "Other Operating Expenses": 23492000.0,
        "Other Taxes": 9440000.0,
        "Depreciation Amortization Depletion Income Statement": 28844000.0,
        "Depreciation And Amortization In Income Statement": 28844000.0,
        "Selling General And Administration": 33328000.0,
        "General And Administrative Expense": 33328000.0,
        "Other Gand A": 33328000.0,
        "Gross Profit": 169124000.0,
        "Cost Of Revenue": 97183000.0,
        "Total Revenue": 266307000.0,
        "Operating Revenue": 266307000.0
    },
    "2022-06-30": {
        "Tax Effect Of Unusual Items": 119830.0,
        "Tax Rate For Calcs": 0.115,
        "Normalized EBITDA": 60419000.0,
        "Total Unusual Items": 1042000.0,
        "Total Unusual Items Excluding Goodwill": 1042000.0,
        "Net Income From Continuing Operation Net Minority Interest": 19484000.0,
        "Reconciled Depreciation": 29450000.0,
        "Reconciled Cost Of Revenue": 77845000.0,
        "EBITDA": 61461000.0,
        "EBIT": 32011000.0,
        "Net Interest Income": -10997000.0,
        "Interest Expense": 10997000.0,
        "Normalized Income": 18561830.0,
        "Net Income From Continuing And Discontinued Operation": 19484000.0,
        "Total Expenses": 174218000.0,
        "Total Operating Income As Reported": 27289000.0,
        "Diluted Average Shares": 54042000.0,
        "Basic Average Shares": 54007000.0,
        "Diluted EPS": 0.36,
        "Basic EPS": 0.36,
        "Diluted NI Availto Com Stockholders": 19484000.0,
        "Net Income Common Stockholders": 19484000.0,
        "Net Income": 19484000.0,
        "Minority Interests": 269000.0,
        "Net Income Including Noncontrolling Interests": 19215000.0,
        "Net Income Continuous Operations": 19215000.0,
        "Tax Provision": 1799000.0,
        "Pretax Income": 21014000.0,
        "Other Income Expense": 35000.0,
        "Other Non Operating Income Expenses": -1007000.0,
        "Special Income Charges": 1042000.0,
        "Other Special Charges": -1042000.0,
        "Net Non Operating Interest Income Expense": -10997000.0,
        "Interest Expense Non Operating": 10997000.0,
        "Operating Income": 31976000.0,
        "Operating Expense": 95696000.0,
        "Other Operating Expenses": 26184000.0,
        "Other Taxes": 8053000.0,
        "Depreciation Amortization Depletion Income Statement": 28773000.0,
        "Depreciation And Amortization In Income Statement": 28773000.0,
        "Selling General And Administration": 32686000.0,
        "General And Administrative Expense": 32686000.0,
        "Other Gand A": 32686000.0,
        "Gross Profit": 127672000.0,
        "Cost Of Revenue": 78522000.0,
        "Total Revenue": 206194000.0,
        "Operating Revenue": 206194000.0
    },
    "2022-03-31": {
        "Diluted EPS": 0.02,
        "Total Revenue": 173,
        "Gross Profit": 111,
        "Operating Income": 9,
        "EBIT": 39,
        "Net Income": 1
    },
    "2021-12-31": {
        "Diluted EPS": 0.07,
        "Total Revenue": 173,
        "Gross Profit": 111,
        "Operating Income": 10,
        "EBIT": 39,
        "Net Income": 4
    },
    "2021-09-30": {
        "Diluted EPS": 1.2,
        "Total Revenue": 257,
        "Gross Profit": 172,
        "Operating Income": 71,
        "EBIT": 99,
        "Net Income": 62
    },
    "2021-06-30": {
        "Diluted EPS": 0.75,
        "Total Revenue": 213,
        "Gross Profit": 138,
        "Operating Income": 42,
        "EBIT": 70,
        "Net Income": 38
    },
    "2021-03-31": {
        "Diluted EPS": -0.06,
        "Total Revenue": 148,
        "Gross Profit": 93,
        "Operating Income": 3,
        "EBIT": 31,
        "Net Income": -3
    },
    "2020-12-31": {
        "Diluted EPS": 0.34,
        "Total Revenue": 189,
        "Gross Profit": 123,
        "Operating Income": 25,
        "EBIT": 51,
        "Net Income": 15
    },
    "2020-09-30": {
        "Diluted EPS": 1.94,
        "Total Revenue": 304,
        "Gross Profit": 219,
        "Operating Income": 106,
        "EBIT": 131,
        "Net Income": 96
    },
    "2020-06-30": {
        "Diluted EPS": 0.11,
        "Total Revenue": 175,
        "Gross Profit": 104,
        "Operating Income": 12,
        "EBIT": 38,
        "Net Income": 5
    },
    "2020-03-31": {
        "Diluted EPS": -0.42,
        "Total Revenue": 126,
        "Gross Profit": 72,
        "Operating Income": -7,
        "EBIT": 18,
        "Net Income": -20
    },
    "2019-12-31": {
        "Diluted EPS": 0.24,
        "Total Revenue": 177,
        "Gross Profit": 112,
        "Operating Income": 20,
        "EBIT": 44,
        "Net Income": 11
    },
    "2019-09-30": {
        "Diluted EPS": 0.88,
        "Total Revenue": 233,
        "Gross Profit": 152,
        "Operating Income": 52,
        "EBIT": 74,
        "Net Income": 42
    },
    "2019-06-30": {
        "Diluted EPS": 0.35,
        "Total Revenue": 179,
        "Gross Profit": 114,
        "Operating Income": 27,
        "EBIT": 50,
        "Net Income": 17
    },
    "2019-03-31": {
        "Diluted EPS": -0.16,
        "Total Revenue": 126,
        "Gross Profit": 81,
        "Operating Income": 0,
        "EBIT": 23,
        "Net Income": -8
    },
    "2018-12-31": {
        "Diluted EPS": 0.32,
        "Total Revenue": 167,
        "Gross Profit": 106,
        "Operating Income": 27,
        "EBIT": 49,
        "Net Income": 15
    },
    "2018-09-30": {
        "Diluted EPS": 0.75,
        "Total Revenue": 221,
        "Gross Profit": 142,
        "Operating Income": 47,
        "EBIT": 69,
        "Net Income": 36
    },
    "2018-06-30": {
        "Diluted EPS": 0.31,
        "Total Revenue": 175,
        "Gross Profit": 110,
        "Operating Income": 27,
        "EBIT": 48,
        "Net Income": 15
    },
    "2018-03-31": {
        "Diluted EPS": -0.02,
        "Total Revenue": 135,
        "Gross Profit": 87,
        "Operating Income": 10,
        "EBIT": 31,
        "Net Income": -1
    },
    "2017-12-31": {
        "Diluted EPS": 0.41,
        "Total Revenue": 171,
        "Gross Profit": 111,
        "Operating Income": 27,
        "EBIT": 48,
        "Net Income": 19
    },
    "2017-09-30": {
        "Diluted EPS": 0.7,
        "Total Revenue": 212,
        "Gross Profit": 136,
        "Operating Income": 42,
        "EBIT": 62,
        "Net Income": 34
    },
    "2017-06-30": {
        "Diluted EPS": 0.39,
        "Total Revenue": 171,
        "Gross Profit": 107,
        "Operating Income": 27,
        "EBIT": 46,
        "Net Income": 19
    },
    "2017-03-31": {
        "Diluted EPS": 0.02,
        "Total Revenue": 122,
        "Gross Profit": 80,
        "Operating Income": 11,
        "EBIT": 30,
        "Net Income": 1
    },
    "2016-12-31": {
        "Diluted EPS": 0.31,
        "Total Revenue": 151,
        "Gross Profit": 100,
        "Operating Income": 28,
        "EBIT": 45,
        "Net Income": 15
    },
    "2016-09-30": {
        "Diluted EPS": 0.48,
        "Total Revenue": 184,
        "Gross Profit": 114,
        "Operating Income": 30,
        "EBIT": 46,
        "Net Income": 23
    },
    "2016-06-30": {
        "Diluted EPS": 0.24,
        "Total Revenue": 152,
        "Gross Profit": 95,
        "Operating Income": 19,
        "EBIT": 35,
        "Net Income": 12
    },
    "2016-03-31": {
        "Diluted EPS": -0.02,
        "Total Revenue": 122,
        "Gross Profit": 81,
        "Operating Income": 6,
        "EBIT": 23,
        "Net Income": -1
    },
    "2015-12-31": {
        "Diluted EPS": 0.18,
        "Total Revenue": 138,
        "Gross Profit": 89,
        "Operating Income": 15,
        "EBIT": 32,
        "Net Income": 8
    },
    "2015-09-30": {
        "Diluted EPS": 0.52,
        "Total Revenue": 184,
        "Gross Profit": 123,
        "Operating Income": 32,
        "EBIT": 48,
        "Net Income": 25
    },
    "2015-06-30": {
        "Diluted EPS": 0.21,
        "Total Revenue": 144,
        "Gross Profit": 91,
        "Operating Income": 16,
        "EBIT": 32,
        "Net Income": 10
    },
    "2015-03-31": {
        "Diluted EPS": 0.03,
        "Total Revenue": 122,
        "Gross Profit": 77,
        "Operating Income": 7,
        "EBIT": 23,
        "Net Income": 2
    },
    "2014-12-31": {
        "Diluted EPS": 0.24,
        "Total Revenue": 137,
        "Gross Profit": 88,
        "Operating Income": 17,
        "EBIT": 32,
        "Net Income": 11
    },
    "2014-09-30": {
        "Diluted EPS": 0.7,
        "Total Revenue": 191,
        "Gross Profit": 124,
        "Operating Income": 41,
        "EBIT": 56,
        "Net Income": 34
    },
    "2014-06-30": {
        "Diluted EPS": 0.36,
        "Total Revenue": 158,
        "Gross Profit": 97,
        "Operating Income": 23,
        "EBIT": 40,
        "Net Income": 17
    },
    "2014-03-31": {
        "Diluted EPS": -0.11,
        "Total Revenue": 111,
        "Gross Profit": 65,
        "Operating Income": 1,
        "EBIT": 18,
        "Net Income": -5
    },
    "2013-12-31": {
        "Diluted EPS": 0.16,
        "Total Revenue": 134,
        "Gross Profit": 80,
        "Operating Income": 12,
        "EBIT": 28,
        "Net Income": 6
    },
    "2013-09-30": {
        "Diluted EPS": 0.61,
        "Total Revenue": 184,
        "Gross Profit": 114,
        "Operating Income": 36,
        "EBIT": 51,
        "Net Income": 29
    },
    "2013-06-30": {
        "Diluted EPS": 0.28,
        "Total Revenue": 155,
        "Gross Profit": 95,
        "Operating Income": 21,
        "EBIT": 36,
        "Net Income": 14
    },
    "2013-03-31": {
        "Diluted EPS": -0.03,
        "Total Revenue": 111,
        "Gross Profit": 70,
        "Operating Income": 6,
        "EBIT": 21,
        "Net Income": -1
    },
    "2012-12-31": {
        "Diluted EPS": 0.12,
        "Total Revenue": 122,
        "Gross Profit": 77,
        "Operating Income": 31,
        "EBIT": 46,
        "Net Income": 5
    },
    "2012-09-30": {
        "Diluted EPS": 0.71,
        "Total Revenue": 178,
        "Gross Profit": 112,
        "Operating Income": 36,
        "EBIT": 51,
        "Net Income": 30
    },
    "2012-06-30": {
        "Diluted EPS": 0.31,
        "Total Revenue": 144,
        "Gross Profit": 91,
        "Operating Income": 20,
        "EBIT": 34,
        "Net Income": 13
    },
    "2012-03-31": {
        "Diluted EPS": 0.03,
        "Total Revenue": 117,
        "Gross Profit": 78,
        "Operating Income": 7,
        "EBIT": 21,
        "Net Income": 1
    },
    "2011-12-31": {
        "Diluted EPS": 0.04,
        "Total Revenue": 103,
        "Gross Profit": 60,
        "Operating Income": 31,
        "EBIT": 45,
        "Net Income": 2
    },
    "2011-09-30": {
        "Diluted EPS": 0.5,
        "Total Revenue": 169,
        "Gross Profit": 108,
        "Operating Income": 30,
        "EBIT": 43,
        "Net Income": 21
    },
    "2011-06-30": {
        "Diluted EPS": 0.29,
        "Total Revenue": 131,
        "Gross Profit": 87,
        "Operating Income": 20,
        "EBIT": 32,
        "Net Income": 12
    },
    "2011-03-31": {
        "Diluted EPS": 0.07,
        "Total Revenue": 98,
        "Gross Profit": 66,
        "Operating Income": 10,
        "EBIT": 23,
        "Net Income": 3
    },
    "2010-12-31": {
        "Diluted EPS": 0.11,
        "Total Revenue": 105,
        "Gross Profit": 68,
        "Operating Income": 14,
        "EBIT": 25,
        "Net Income": 5
    },
    "2010-09-30": {
        "Diluted EPS": 0.49,
        "Total Revenue": 146,
        "Gross Profit": 92,
        "Operating Income": 39,
        "EBIT": 50,
        "Net Income": 20
    },
    "2010-06-30": {
        "Diluted EPS": 0.25,
        "Total Revenue": 118,
        "Gross Profit": 76,
        "Operating Income": 23,
        "EBIT": 35,
        "Net Income": 10
    },
    "2010-03-31": {
        "Diluted EPS": 0.05,
        "Total Revenue": 90,
        "Gross Profit": 60,
        "Operating Income": 9,
        "EBIT": 21,
        "Net Income": 2
    },
    "2009-12-31": {
        "Diluted EPS": 0.16,
        "Total Revenue": 107,
        "Gross Profit": 67,
        "Operating Income": 15,
        "EBIT": 26,
        "Net Income": 6
    },
    "2009-09-30": {
        "Diluted EPS": 0.47,
        "Total Revenue": 139,
        "Gross Profit": 90,
        "Operating Income": 38,
        "EBIT": 48,
        "Net Income": 20
    },
    "2009-06-30": {
        "Diluted EPS": 0.29,
        "Total Revenue": 117,
        "Gross Profit": 75,
        "Operating Income": 23,
        "EBIT": 34,
        "Net Income": 12
    },
    "2009-03-31": {
        "Diluted EPS": 0.06,
        "Total Revenue": 87,
        "Gross Profit": 58,
        "Operating Income": 8,
        "EBIT": 18,
        "Net Income": 2
    },
    "2023-09-30": {
        "Tax Effect Of Unusual Items": NaN,
        "Tax Rate For Calcs": NaN,
        "Normalized EBITDA": NaN,
        "Total Unusual Items": NaN,
        "Total Unusual Items Excluding Goodwill": NaN,
        "Net Income From Continuing Operation Net Minority Interest": NaN,
        "Reconciled Depreciation": NaN,
        "Reconciled Cost Of Revenue": NaN,
        "EBITDA": NaN,
        "EBIT": NaN,
        "Net Interest Income": NaN,
        "Interest Expense": NaN,
        "Normalized Income": NaN,
        "Net Income From Continuing And Discontinued Operation": NaN,
        "Total Expenses": NaN,
        "Total Operating Income As Reported": NaN,
        "Diluted Average Shares": NaN,
        "Basic Average Shares": NaN,
        "Diluted EPS": NaN,
        "Basic EPS": NaN,
        "Diluted NI Availto Com Stockholders": NaN,
        "Net Income Common Stockholders": NaN,
        "Net Income": NaN,
        "Minority Interests": NaN,
        "Net Income Including Noncontrolling Interests": NaN,
        "Net Income Continuous Operations": NaN,
        "Tax Provision": 5012000.0,
        "Pretax Income": NaN,
        "Other Income Expense": NaN,
        "Other Non Operating Income Expenses": NaN,
        "Special Income Charges": NaN,
        "Other Special Charges": NaN,
        "Net Non Operating Interest Income Expense": NaN,
        "Interest Expense Non Operating": NaN,
        "Operating Income": NaN,
        "Operating Expense": NaN,
        "Other Operating Expenses": NaN,
        "Other Taxes": NaN,
        "Depreciation Amortization Depletion Income Statement": NaN,
        "Depreciation And Amortization In Income Statement": NaN,
        "Selling General And Administration": NaN,
        "General And Administrative Expense": NaN,
        "Other Gand A": NaN,
        "Gross Profit": NaN,
        "Cost Of Revenue": NaN,
        "Total Revenue": NaN,
        "Operating Revenue": NaN
    },
    "2023-12-31": {
        "Tax Effect Of Unusual Items": NaN,
        "Tax Rate For Calcs": NaN,
        "Normalized EBITDA": NaN,
        "Total Unusual Items": NaN,
        "Total Unusual Items Excluding Goodwill": NaN,
        "Net Income From Continuing Operation Net Minority Interest": NaN,
        "Reconciled Depreciation": NaN,
        "Reconciled Cost Of Revenue": NaN,
        "EBITDA": NaN,
        "EBIT": NaN,
        "Net Interest Income": NaN,
        "Interest Expense": NaN,
        "Normalized Income": NaN,
        "Net Income From Continuing And Discontinued Operation": NaN,
        "Total Expenses": NaN,
        "Total Operating Income As Reported": NaN,
        "Diluted Average Shares": NaN,
        "Basic Average Shares": NaN,
        "Diluted EPS": NaN,
        "Basic EPS": NaN,
        "Diluted NI Availto Com Stockholders": NaN,
        "Net Income Common Stockholders": NaN,
        "Net Income": NaN,
        "Minority Interests": NaN,
        "Net Income Including Noncontrolling Interests": NaN,
        "Net Income Continuous Operations": NaN,
        "Tax Provision": -9717000.0,
        "Pretax Income": NaN,
        "Other Income Expense": NaN,
        "Other Non Operating Income Expenses": NaN,
        "Special Income Charges": NaN,
        "Other Special Charges": NaN,
        "Net Non Operating Interest Income Expense": NaN,
        "Interest Expense Non Operating": NaN,
        "Operating Income": NaN,
        "Operating Expense": NaN,
        "Other Operating Expenses": NaN,
        "Other Taxes": NaN,
        "Depreciation Amortization Depletion Income Statement": NaN,
        "Depreciation And Amortization In Income Statement": NaN,
        "Selling General And Administration": NaN,
        "General And Administrative Expense": NaN,
        "Other Gand A": NaN,
        "Gross Profit": NaN,
        "Cost Of Revenue": NaN,
        "Total Revenue": NaN,
        "Operating Revenue": NaN
    },
    "2024-03-31": {
        "Tax Effect Of Unusual Items": 365820.0,
        "Tax Rate For Calcs": 0.21,
        "Normalized EBITDA": 116391000.0,
        "Total Unusual Items": 1742000.0,
        "Total Unusual Items Excluding Goodwill": 1742000.0,
        "Net Income From Continuing Operation Net Minority Interest": 69917000.0,
        "Reconciled Depreciation": 33401000.0,
        "Reconciled Cost Of Revenue": 68390000.0,
        "EBITDA": 118133000.0,
        "EBIT": 84732000.0,
        "Net Interest Income": -15042000.0,
        "Interest Expense": 15042000.0,
        "Normalized Income": 68540820.0,
        "Net Income From Continuing And Discontinued Operation": 69917000.0,
        "Total Expenses": 189607000.0,
        "Total Operating Income As Reported": 77894000.0,
        "Diluted Average Shares": 57774000.0,
        "Basic Average Shares": 57733000.0,
        "Diluted EPS": 1.21,
        "Basic EPS": 1.21,
        "Diluted NI Availto Com Stockholders": 69917000.0,
        "Net Income Common Stockholders": 69917000.0,
        "Net Income": 69917000.0,
        "Minority Interests": 227000.0,
        "Net Income Including Noncontrolling Interests": 69690000.0,
        "Net Income Continuous Operations": 69690000.0,
        "Tax Provision": NaN,
        "Pretax Income": 69690000.0,
        "Other Income Expense": 3590000.0,
        "Other Non Operating Income Expenses": 1848000.0,
        "Special Income Charges": 1742000.0,
        "Other Special Charges": -1742000.0,
        "Net Non Operating Interest Income Expense": -15042000.0,
        "Interest Expense Non Operating": 15042000.0,
        "Operating Income": 81142000.0,
        "Operating Expense": 120660000.0,
        "Other Operating Expenses": 42463000.0,
        "Other Taxes": 9757000.0,
        "Depreciation Amortization Depletion Income Statement": 32844000.0,
        "Depreciation And Amortization In Income Statement": 32844000.0,
        "Selling General And Administration": 35596000.0,
        "General And Administrative Expense": 35596000.0,
        "Other Gand A": 35596000.0,
        "Gross Profit": 201802000.0,
        "Cost Of Revenue": 68947000.0,
        "Total Revenue": 270749000.0,
        "Operating Revenue": 270749000.0
    },
    "2024-06-30": {
        "Tax Effect Of Unusual Items": 360932.760264,
        "Tax Rate For Calcs": 0.198424,
        "Normalized EBITDA": 96109000.0,
        "Total Unusual Items": 1819000.0,
        "Total Unusual Items Excluding Goodwill": 1819000.0,
        "Net Income From Continuing Operation Net Minority Interest": 40551000.0,
        "Reconciled Depreciation": 33528000.0,
        "Reconciled Cost Of Revenue": 85884000.0,
        "EBITDA": 97928000.0,
        "EBIT": 64400000.0,
        "Net Interest Income": -14028000.0,
        "Interest Expense": 14028000.0,
        "Normalized Income": 39092932.760264,
        "Net Income From Continuing And Discontinued Operation": 40551000.0,
        "Total Expenses": 187444000.0,
        "Total Operating Income As Reported": 48166000.0,
        "Diluted Average Shares": 58325000.0,
        "Basic Average Shares": 58292000.0,
        "Diluted EPS": 0.7,
        "Basic EPS": 0.7,
        "Diluted NI Availto Com Stockholders": 40551000.0,
        "Net Income Common Stockholders": 40551000.0,
        "Net Income": 40551000.0,
        "Minority Interests": 174000.0,
        "Net Income Including Noncontrolling Interests": 40377000.0,
        "Net Income Continuous Operations": 40377000.0,
        "Tax Provision": 9995000.0,
        "Pretax Income": 50372000.0,
        "Other Income Expense": 7545000.0,
        "Other Non Operating Income Expenses": 5726000.0,
        "Special Income Charges": 1819000.0,
        "Other Special Charges": -1819000.0,
        "Net Non Operating Interest Income Expense": -14028000.0,
        "Interest Expense Non Operating": 14028000.0,
        "Operating Income": 56855000.0,
        "Operating Expense": 101010000.0,
        "Other Operating Expenses": 25626000.0,
        "Other Taxes": 10364000.0,
        "Depreciation Amortization Depletion Income Statement": 32978000.0,
        "Depreciation And Amortization In Income Statement": 32978000.0,
        "Selling General And Administration": 32042000.0,
        "General And Administrative Expense": 32042000.0,
        "Other Gand A": 32042000.0,
        "Gross Profit": 157865000.0,
        "Cost Of Revenue": 86434000.0,
        "Total Revenue": 244299000.0,
        "Operating Revenue": 244299000.0
    },
    "2024-09-30": {
        "Tax Effect Of Unusual Items": 377816.276803,
        "Tax Rate For Calcs": 0.223428,
        "Normalized EBITDA": 123493000.0,
        "Total Unusual Items": 1691000.0,
        "Total Unusual Items Excluding Goodwill": 1691000.0,
        "Net Income From Continuing Operation Net Minority Interest": 60680000.0,
        "Reconciled Depreciation": 33612000.0,
        "Reconciled Cost Of Revenue": 100424000.0,
        "EBITDA": 125184000.0,
        "EBIT": 91572000.0,
        "Net Interest Income": -13596000.0,
        "Interest Expense": 13596000.0,
        "Normalized Income": 59366816.276803,
        "Net Income From Continuing And Discontinued Operation": 60680000.0,
        "Total Expenses": 213948000.0,
        "Total Operating Income As Reported": 66748000.0,
        "Diluted Average Shares": 58982000.0,
        "Basic Average Shares": 58931000.0,
        "Diluted EPS": 1.03,
        "Basic EPS": 1.03,
        "Diluted NI Availto Com Stockholders": 60680000.0,
        "Net Income Common Stockholders": 60680000.0,
        "Net Income": 60680000.0,
        "Minority Interests": 126000.0,
        "Net Income Including Noncontrolling Interests": 60554000.0,
        "Net Income Continuous Operations": 60554000.0,
        "Tax Provision": 17422000.0,
        "Pretax Income": 77976000.0,
        "Other Income Expense": 5957000.0,
        "Other Non Operating Income Expenses": 4266000.0,
        "Special Income Charges": 1691000.0,
        "Other Special Charges": -1691000.0,
        "Net Non Operating Interest Income Expense": -13596000.0,
        "Interest Expense Non Operating": 13596000.0,
        "Operating Income": 85615000.0,
        "Operating Expense": 112977000.0,
        "Other Operating Expenses": 33618000.0,
        "Other Taxes": 10841000.0,
        "Depreciation Amortization Depletion Income Statement": 33065000.0,
        "Depreciation And Amortization In Income Statement": 33065000.0,
        "Selling General And Administration": 35453000.0,
        "General And Administrative Expense": 35453000.0,
        "Other Gand A": 35453000.0,
        "Gross Profit": 198592000.0,
        "Cost Of Revenue": 100971000.0,
        "Total Revenue": 299563000.0,
        "Operating Revenue": 299563000.0
    },
    "2024-12-31": {
        "Tax Effect Of Unusual Items": 346500.0,
        "Tax Rate For Calcs": 0.21,
        "Normalized EBITDA": 64509000.0,
        "Total Unusual Items": 1650000.0,
        "Total Unusual Items Excluding Goodwill": 1650000.0,
        "Net Income From Continuing Operation Net Minority Interest": 19659000.0,
        "Reconciled Depreciation": 33598000.0,
        "Reconciled Cost Of Revenue": 90124000.0,
        "EBITDA": 66159000.0,
        "EBIT": 32561000.0,
        "Net Interest Income": -13624000.0,
        "Interest Expense": 14884000.0,
        "Normalized Income": 18355500.0,
        "Net Income From Continuing And Discontinued Operation": 19659000.0,
        "Total Expenses": 202050000.0,
        "Total Operating Income As Reported": 32246000.0,
        "Diluted Average Shares": 59535000.0,
        "Basic Average Shares": 59477000.0,
        "Diluted EPS": 0.33,
        "Basic EPS": 0.33,
        "Diluted NI Availto Com Stockholders": 19659000.0,
        "Net Income Common Stockholders": 19659000.0,
        "Net Income": 19659000.0,
        "Minority Interests": 195000.0,
        "Net Income Including Noncontrolling Interests": 19464000.0,
        "Net Income Continuous Operations": 19464000.0,
        "Tax Provision": -1787000.0,
        "Pretax Income": 17677000.0,
        "Other Income Expense": 11156000.0,
        "Other Non Operating Income Expenses": 9506000.0,
        "Special Income Charges": 1650000.0,
        "Other Special Charges": -1650000.0,
        "Net Non Operating Interest Income Expense": -13624000.0,
        "Interest Expense Non Operating": 14884000.0,
        "Operating Income": 20145000.0,
        "Operating Expense": 111342000.0,
        "Other Operating Expenses": 32288000.0,
        "Other Taxes": 9578000.0,
        "Depreciation Amortization Depletion Income Statement": 33014000.0,
        "Depreciation And Amortization In Income Statement": 33014000.0,
        "Selling General And Administration": 36462000.0,
        "General And Administrative Expense": 36462000.0,
        "Other Gand A": 36424000.0,
        "Gross Profit": 131487000.0,
        "Cost Of Revenue": 90708000.0,
        "Total Revenue": 222195000.0,
        "Operating Revenue": 222195000.0
    },
    "2025-03-31": {
        "Tax Effect Of Unusual Items": 309084.0,
        "Tax Rate For Calcs": 0.172,
        "Normalized EBITDA": 63551000.0,
        "Total Unusual Items": 1797000.0,
        "Total Unusual Items Excluding Goodwill": 1797000.0,
        "Net Income From Continuing Operation Net Minority Interest": 13331000.0,
        "Reconciled Depreciation": 36494000.0,
        "Reconciled Cost Of Revenue": 66854000.0,
        "EBITDA": 65348000.0,
        "EBIT": 28854000.0,
        "Net Interest Income": -15652000.0,
        "Interest Expense": 15652000.0,
        "Normalized Income": 11843084.0,
        "Net Income From Continuing And Discontinued Operation": 13331000.0,
        "Total Expenses": 178361000.0,
        "Total Operating Income As Reported": 22345000.0,
        "Diluted Average Shares": 59566000.0,
        "Basic Average Shares": 59511000.0,
        "Diluted EPS": 0.22,
        "Basic EPS": 0.22,
        "Diluted NI Availto Com Stockholders": 13331000.0,
        "Net Income Common Stockholders": 13331000.0,
        "Net Income": 13331000.0,
        "Minority Interests": 129000.0,
        "Net Income Including Noncontrolling Interests": 13202000.0,
        "Net Income Continuous Operations": 13202000.0,
        "Tax Provision": NaN,
        "Pretax Income": 13202000.0,
        "Other Income Expense": 3242000.0,
        "Other Non Operating Income Expenses": 1445000.0,
        "Special Income Charges": 1797000.0,
        "Other Special Charges": -1797000.0,
        "Net Non Operating Interest Income Expense": -15652000.0,
        "Interest Expense Non Operating": 15652000.0,
        "Operating Income": 25612000.0,
        "Operating Expense": 110969000.0,
        "Other Operating Expenses": 29871000.0,
        "Other Taxes": 10968000.0,
        "Depreciation Amortization Depletion Income Statement": 35956000.0,
        "Depreciation And Amortization In Income Statement": 35956000.0,
        "Selling General And Administration": 34174000.0,
        "General And Administrative Expense": 34174000.0,
        "Other Gand A": 34174000.0,
        "Gross Profit": 136581000.0,
        "Cost Of Revenue": 67392000.0,
        "Total Revenue": 203973000.0,
        "Operating Revenue": 203973000.0
    },
    "2025-06-30": {
        "Tax Effect Of Unusual Items": 324348.167281,
        "Tax Rate For Calcs": 0.170889,
        "Normalized EBITDA": 101928000.0,
        "Total Unusual Items": 1898000.0,
        "Total Unusual Items Excluding Goodwill": 1898000.0,
        "Net Income From Continuing Operation Net Minority Interest": 42168000.0,
        "Reconciled Depreciation": 36572000.0,
        "Reconciled Cost Of Revenue": 94003000.0,
        "EBITDA": 103826000.0,
        "EBIT": 67254000.0,
        "Net Interest Income": -16537000.0,
        "Interest Expense": 16537000.0,
        "Normalized Income": 40594348.167281,
        "Net Income From Continuing And Discontinued Operation": 42168000.0,
        "Total Expenses": 206230000.0,
        "Total Operating Income As Reported": 51809000.0,
        "Diluted Average Shares": 59629000.0,
        "Basic Average Shares": 59574000.0,
        "Diluted EPS": 0.71,
        "Basic EPS": 0.71,
        "Diluted NI Availto Com Stockholders": 42168000.0,
        "Net Income Common Stockholders": 42168000.0,
        "Net Income": 42168000.0,
        "Minority Interests": 118000.0,
        "Net Income Including Noncontrolling Interests": 42050000.0,
        "Net Income Continuous Operations": 42050000.0,
        "Tax Provision": 8667000.0,
        "Pretax Income": 50717000.0,
        "Other Income Expense": 8530000.0,
        "Other Non Operating Income Expenses": 6632000.0,
        "Special Income Charges": 1898000.0,
        "Other Special Charges": -1898000.0,
        "Net Non Operating Interest Income Expense": -16537000.0,
        "Interest Expense Non Operating": 16537000.0,
        "Operating Income": 58724000.0,
        "Operating Expense": 111684000.0,
        "Other Operating Expenses": 31695000.0,
        "Other Taxes": 10643000.0,
        "Depreciation Amortization Depletion Income Statement": 36029000.0,
        "Depreciation And Amortization In Income Statement": 36029000.0,
        "Selling General And Administration": 33317000.0,
        "General And Administrative Expense": 33317000.0,
        "Other Gand A": 33317000.0,
        "Gross Profit": 170408000.0,
        "Cost Of Revenue": 94546000.0,
        "Total Revenue": 264954000.0,
        "Operating Revenue": 264954000.0
    }
}