{
    "2023-04-30": {
        "Tax Effect Of Unusual Items": 0.0,
        "Tax Rate For Calcs": 0.21,
        "Normalized EBITDA": 326000.0,
        "Net Income From Continuing Operation Net Minority Interest": 2808000.0,
        "Reconciled Depreciation": 3519000.0,
        "Reconciled Cost Of Revenue": 41937000.0,
        "EBITDA": 326000.0,
        "EBIT": -3193000.0,
        "Normalized Income": 2808000.0,
        "Net Income From Continuing And Discontinued Operation": 2808000.0,
        "Total Expenses": 176556000.0,
        "Total Operating Income As Reported": -3193000.0,
        "Diluted Average Shares": 281344000.0,
        "Basic Average Shares": 265584000.0,
        "Diluted EPS": 0.01,
        "Basic EPS": 0.01,
        "Diluted NI Availto Com Stockholders": 2808000.0,
        "Net Income Common Stockholders": 2808000.0,
        "Net Income": 2808000.0,
        "Net Income Including Noncontrolling Interests": 2808000.0,
        "Net Income Continuous Operations": 2808000.0,
        "Tax Provision": -1242000.0,
        "Pretax Income": 1566000.0,
        "Other Income Expense": 4759000.0,
        "Other Non Operating Income Expenses": 4759000.0,
        "Operating Income": -3193000.0,
        "Operating Expense": 134619000.0,
        "Research And Development": 20761000.0,
        "Selling General And Administration": 113858000.0,
        "Selling And Marketing Expense": 89202000.0,
        "General And Administrative Expense": 24656000.0,
        "Other Gand A": 24656000.0,
        "Salaries And Wages": NaN,
        "Gross Profit": 131426000.0,
        "Cost Of Revenue": 41937000.0,
        "Total Revenue": 173363000.0,
        "Operating Revenue": 173363000.0
    },
    "2023-01-31": {
        "Tax Effect Of Unusual Items": 0.0,
        "Tax Rate For Calcs": 0.21,
        "Normalized EBITDA": 1506000.0,
        "Net Income From Continuing Operation Net Minority Interest": -667000.0,
        "Reconciled Depreciation": 3324000.0,
        "Reconciled Cost Of Revenue": 39325000.0,
        "EBITDA": 1506000.0,
        "EBIT": -1818000.0,
        "Normalized Income": -667000.0,
        "Net Income From Continuing And Discontinued Operation": -667000.0,
        "Total Expenses": 167149000.0,
        "Total Operating Income As Reported": -1818000.0,
        "Diluted Average Shares": 262087000.0,
        "Basic Average Shares": 262087000.0,
        "Diluted EPS": -0.002541,
        "Basic EPS": -0.002541,
        "Diluted NI Availto Com Stockholders": -667000.0,
        "Net Income Common Stockholders": -667000.0,
        "Net Income": -667000.0,
        "Net Income Including Noncontrolling Interests": -667000.0,
        "Net Income Continuous Operations": -667000.0,
        "Tax Provision": 1301000.0,
        "Pretax Income": 634000.0,
        "Other Income Expense": 2452000.0,
        "Other Non Operating Income Expenses": 2452000.0,
        "Operating Income": -1818000.0,
        "Operating Expense": 127824000.0,
        "Research And Development": 20127000.0,
        "Selling General And Administration": 107697000.0,
        "Selling And Marketing Expense": 83301000.0,
        "General And Administrative Expense": 24396000.0,
        "Other Gand A": 24396000.0,
        "Salaries And Wages": NaN,
        "Gross Profit": 126006000.0,
        "Cost Of Revenue": 39325000.0,
        "Total Revenue": 165331000.0,
        "Operating Revenue": 165331000.0
    },
    "2022-10-31": {
        "Tax Effect Of Unusual Items": 0.0,
        "Tax Rate For Calcs": 0.21,
        "Normalized EBITDA": -1378000.0,
        "Net Income From Continuing Operation Net Minority Interest": -5860000.0,
        "Reconciled Depreciation": 3225000.0,
        "Reconciled Cost Of Revenue": 40520000.0,
        "EBITDA": -1378000.0,
        "EBIT": -4603000.0,
        "Normalized Income": -5860000.0,
        "Net Income From Continuing And Discontinued Operation": -5860000.0,
        "Total Expenses": 161854000.0,
        "Total Operating Income As Reported": -4603000.0,
        "Diluted Average Shares": 260285000.0,
        "Basic Average Shares": 260285000.0,
        "Diluted EPS": -0.02,
        "Basic EPS": -0.02,
        "Diluted NI Availto Com Stockholders": -5860000.0,
        "Net Income Common Stockholders": -5860000.0,
        "Net Income": -5860000.0,
        "Net Income Including Noncontrolling Interests": -5860000.0,
        "Net Income Continuous Operations": -5860000.0,
        "Tax Provision": 2350000.0,
        "Pretax Income": -3510000.0,
        "Other Income Expense": 1093000.0,
        "Other Non Operating Income Expenses": 1093000.0,
        "Operating Income": -4603000.0,
        "Operating Expense": 121334000.0,
        "Research And Development": 19208000.0,
        "Selling General And Administration": 102126000.0,
        "Selling And Marketing Expense": 79538000.0,
        "General And Administrative Expense": 22588000.0,
        "Other Gand A": 22588000.0,
        "Salaries And Wages": NaN,
        "Gross Profit": 116731000.0,
        "Cost Of Revenue": 40520000.0,
        "Total Revenue": 157251000.0,
        "Operating Revenue": 157251000.0
    },
    "2022-07-31": {
        "Tax Effect Of Unusual Items": 0.0,
        "Tax Rate For Calcs": 0.4,
        "Normalized EBITDA": -21675000.0,
        "Total Unusual Items": NaN,
        "Total Unusual Items Excluding Goodwill": NaN,
        "Net Income From Continuing Operation Net Minority Interest": -23927000.0,
        "Reconciled Depreciation": 3004000.0,
        "Reconciled Cost Of Revenue": 42159000.0,
        "EBITDA": -21675000.0,
        "EBIT": -21675000.0,
        "Normalized Income": -23927000.0,
        "Net Income From Continuing And Discontinued Operation": -23927000.0,
        "Total Expenses": 172305000.0,
        "Total Operating Income As Reported": -21675000.0,
        "Diluted Average Shares": 258785000.0,
        "Basic Average Shares": 258785000.0,
        "Diluted EPS": -0.09,
        "Basic EPS": -0.09,
        "Diluted NI Availto Com Stockholders": -23927000.0,
        "Net Income Common Stockholders": -23927000.0,
        "Net Income": -23927000.0,
        "Net Income Including Noncontrolling Interests": -23927000.0,
        "Net Income Continuous Operations": -23927000.0,
        "Tax Provision": 2168000.0,
        "Pretax Income": -21759000.0,
        "Other Income Expense": -84000.0,
        "Other Non Operating Income Expenses": -84000.0,
        "Special Income Charges": NaN,
        "Operating Income": -21675000.0,
        "Operating Expense": 130146000.0,
        "Research And Development": 19989000.0,
        "Selling General And Administration": 110157000.0,
        "Selling And Marketing Expense": 86942000.0,
        "General And Administrative Expense": 23215000.0,
        "Other Gand A": 23215000.0,
        "Salaries And Wages": NaN,
        "Gross Profit": 108471000.0,
        "Cost Of Revenue": 42159000.0,
        "Total Revenue": 150630000.0,
        "Operating Revenue": 150630000.0
    },
    "2022-04-30": {
        "Diluted EPS": -0.1,
        "Total Revenue": 145,
        "Gross Profit": 103,
        "Operating Income": -23,
        "EBIT": -21,
        "Net Income": -25
    },
    "2022-01-31": {
        "Diluted EPS": -0.12,
        "Total Revenue": 136,
        "Gross Profit": 96,
        "Operating Income": -36,
        "EBIT": -33,
        "Net Income": -37
    },
    "2021-10-31": {
        "Diluted EPS": -0.11,
        "Total Revenue": 127,
        "Gross Profit": 88,
        "Operating Income": -25,
        "EBIT": -23,
        "Net Income": -28
    },
    "2021-07-31": {
        "Diluted EPS": -0.19,
        "Total Revenue": 119,
        "Gross Profit": 81,
        "Operating Income": -28,
        "EBIT": -27,
        "Net Income": -32
    },
    "2021-04-30": {
        "Diluted EPS": -0.15,
        "Total Revenue": 111,
        "Gross Profit": 79,
        "Operating Income": -10,
        "EBIT": -9,
        "Net Income": -14
    },
    "2021-01-31": {
        "Diluted EPS": -0.09,
        "Total Revenue": 104,
        "Gross Profit": 71,
        "Operating Income": -7,
        "EBIT": -6,
        "Net Income": -11
    },
    "2020-10-31": {
        "Diluted EPS": -0.21,
        "Total Revenue": 96,
        "Gross Profit": 66,
        "Operating Income": -15,
        "EBIT": -14,
        "Net Income": -19
    },
    "2020-07-31": {
        "Diluted EPS": 0.01,
        "Total Revenue": 93,
        "Gross Profit": 66,
        "Operating Income": 5,
        "EBIT": 6,
        "Net Income": 3
    },
    "2020-04-30": {
        "Diluted EPS": -0.13,
        "Total Revenue": 93,
        "Gross Profit": 62,
        "Operating Income": -8,
        "EBIT": -6,
        "Net Income": -11
    },
    "2020-01-31": {
        "Diluted EPS": 0.0,
        "Total Revenue": NaN,
        "Gross Profit": NaN,
        "Operating Income": NaN,
        "EBIT": NaN,
        "Net Income": NaN
    },
    "2023-07-31": {
        "Tax Effect Of Unusual Items": NaN,
        "Tax Rate For Calcs": NaN,
        "Normalized EBITDA": NaN,
        "Net Income From Continuing Operation Net Minority Interest": NaN,
        "Reconciled Depreciation": NaN,
        "Reconciled Cost Of Revenue": NaN,
        "EBITDA": NaN,
        "EBIT": NaN,
        "Normalized Income": NaN,
        "Net Income From Continuing And Discontinued Operation": NaN,
        "Total Expenses": NaN,
        "Total Operating Income As Reported": NaN,
        "Diluted Average Shares": NaN,
        "Basic Average Shares": NaN,
        "Diluted EPS": NaN,
        "Basic EPS": NaN,
        "Diluted NI Availto Com Stockholders": NaN,
        "Net Income Common Stockholders": NaN,
        "Net Income": NaN,
        "Net Income Including Noncontrolling Interests": NaN,
        "Net Income Continuous Operations": NaN,
        "Tax Provision": NaN,
        "Pretax Income": NaN,
        "Other Income Expense": NaN,
        "Other Non Operating Income Expenses": NaN,
        "Operating Income": NaN,
        "Operating Expense": NaN,
        "Research And Development": NaN,
        "Selling General And Administration": NaN,
        "Selling And Marketing Expense": NaN,
        "General And Administrative Expense": NaN,
        "Other Gand A": NaN,
        "Salaries And Wages": 10273000.0,
        "Gross Profit": NaN,
        "Cost Of Revenue": NaN,
        "Total Revenue": NaN,
        "Operating Revenue": NaN
    },
    "2023-10-31": {
        "Tax Effect Of Unusual Items": NaN,
        "Tax Rate For Calcs": NaN,
        "Normalized EBITDA": NaN,
        "Net Income From Continuing Operation Net Minority Interest": NaN,
        "Reconciled Depreciation": NaN,
        "Reconciled Cost Of Revenue": NaN,
        "EBITDA": NaN,
        "EBIT": NaN,
        "Normalized Income": NaN,
        "Net Income From Continuing And Discontinued Operation": NaN,
        "Total Expenses": NaN,
        "Total Operating Income As Reported": NaN,
        "Diluted Average Shares": 288121000.0,
        "Basic Average Shares": 271202000.0,
        "Diluted EPS": 0.06,
        "Basic EPS": 0.06,
        "Diluted NI Availto Com Stockholders": NaN,
        "Net Income Common Stockholders": NaN,
        "Net Income": NaN,
        "Net Income Including Noncontrolling Interests": NaN,
        "Net Income Continuous Operations": NaN,
        "Tax Provision": NaN,
        "Pretax Income": NaN,
        "Other Income Expense": NaN,
        "Other Non Operating Income Expenses": NaN,
        "Special Income Charges": NaN,
        "Restructuring And Mergern Acquisition": NaN,
        "Operating Income": NaN,
        "Operating Expense": NaN,
        "Research And Development": NaN,
        "Selling General And Administration": NaN,
        "Selling And Marketing Expense": NaN,
        "General And Administrative Expense": NaN,
        "Other Gand A": NaN,
        "Gross Profit": NaN,
        "Cost Of Revenue": NaN,
        "Total Revenue": NaN,
        "Operating Revenue": NaN
    },
    "2024-01-31": {
        "Tax Effect Of Unusual Items": NaN,
        "Tax Rate For Calcs": NaN,
        "Normalized EBITDA": NaN,
        "Total Unusual Items": NaN,
        "Total Unusual Items Excluding Goodwill": NaN,
        "Net Income From Continuing Operation Net Minority Interest": NaN,
        "Reconciled Depreciation": NaN,
        "Reconciled Cost Of Revenue": NaN,
        "EBITDA": NaN,
        "EBIT": NaN,
        "Normalized Income": NaN,
        "Net Income From Continuing And Discontinued Operation": NaN,
        "Total Expenses": NaN,
        "Total Operating Income As Reported": NaN,
        "Diluted Average Shares": 288517000.0,
        "Basic Average Shares": 274062000.0,
        "Diluted EPS": 0.07,
        "Basic EPS": 0.08,
        "Diluted NI Availto Com Stockholders": NaN,
        "Net Income Common Stockholders": NaN,
        "Net Income": NaN,
        "Net Income Including Noncontrolling Interests": NaN,
        "Net Income Continuous Operations": NaN,
        "Tax Provision": NaN,
        "Pretax Income": NaN,
        "Other Income Expense": NaN,
        "Other Non Operating Income Expenses": NaN,
        "Special Income Charges": NaN,
        "Restructuring And Mergern Acquisition": NaN,
        "Operating Income": NaN,
        "Operating Expense": NaN,
        "Research And Development": NaN,
        "Selling General And Administration": NaN,
        "Selling And Marketing Expense": NaN,
        "General And Administrative Expense": NaN,
        "Other Gand A": NaN,
        "Gross Profit": NaN,
        "Cost Of Revenue": NaN,
        "Total Revenue": NaN,
        "Operating Revenue": NaN
    },
    "2024-04-30": {
        "Tax Effect Of Unusual Items": NaN,
        "Tax Rate For Calcs": NaN,
        "Normalized EBITDA": NaN,
        "Total Unusual Items": 0.0,
        "Total Unusual Items Excluding Goodwill": 0.0,
        "Net Income From Continuing Operation Net Minority Interest": NaN,
        "Reconciled Depreciation": NaN,
        "Reconciled Cost Of Revenue": NaN,
        "EBITDA": NaN,
        "EBIT": NaN,
        "Normalized Income": NaN,
        "Net Income From Continuing And Discontinued Operation": NaN,
        "Total Expenses": NaN,
        "Total Operating Income As Reported": NaN,
        "Diluted Average Shares": NaN,
        "Basic Average Shares": NaN,
        "Diluted EPS": NaN,
        "Basic EPS": NaN,
        "Diluted NI Availto Com Stockholders": NaN,
        "Net Income Common Stockholders": NaN,
        "Net Income": NaN,
        "Net Income Including Noncontrolling Interests": NaN,
        "Net Income Continuous Operations": NaN,
        "Tax Provision": NaN,
        "Pretax Income": NaN,
        "Other Income Expense": NaN,
        "Other Non Operating Income Expenses": NaN,
        "Special Income Charges": 0.0,
        "Restructuring And Mergern Acquisition": 0.0,
        "Operating Income": NaN,
        "Operating Expense": NaN,
        "Research And Development": NaN,
        "Selling General And Administration": NaN,
        "Selling And Marketing Expense": NaN,
        "General And Administrative Expense": NaN,
        "Other Gand A": NaN,
        "Gross Profit": NaN,
        "Cost Of Revenue": NaN,
        "Total Revenue": NaN,
        "Operating Revenue": NaN
    },
    "2024-07-31": {
        "Tax Effect Of Unusual Items": -804300.0,
        "Tax Rate For Calcs": 0.21,
        "Normalized EBITDA": 12183000.0,
        "Total Unusual Items": -3830000.0,
        "Total Unusual Items Excluding Goodwill": -3830000.0,
        "Net Income From Continuing Operation Net Minority Interest": 1841000.0,
        "Reconciled Depreciation": 4610000.0,
        "Reconciled Cost Of Revenue": 53967000.0,
        "EBITDA": 8353000.0,
        "EBIT": 3743000.0,
        "Normalized Income": 4866700.0,
        "Net Income From Continuing And Discontinued Operation": 1841000.0,
        "Total Expenses": 193465000.0,
        "Total Operating Income As Reported": -87000.0,
        "Diluted Average Shares": NaN,
        "Basic Average Shares": NaN,
        "Diluted EPS": NaN,
        "Basic EPS": NaN,
        "Diluted NI Availto Com Stockholders": 1841000.0,
        "Net Income Common Stockholders": 1841000.0,
        "Net Income": 1841000.0,
        "Net Income Including Noncontrolling Interests": 1841000.0,
        "Net Income Continuous Operations": 1841000.0,
        "Tax Provision": 4486000.0,
        "Pretax Income": 6327000.0,
        "Other Income Expense": 2584000.0,
        "Other Non Operating Income Expenses": 6414000.0,
        "Special Income Charges": -3830000.0,
        "Restructuring And Mergern Acquisition": 3830000.0,
        "Operating Income": 3743000.0,
        "Operating Expense": 139498000.0,
        "Research And Development": 23226000.0,
        "Selling General And Administration": 116272000.0,
        "Selling And Marketing Expense": 77490000.0,
        "General And Administrative Expense": 38782000.0,
        "Other Gand A": 38782000.0,
        "Gross Profit": 143241000.0,
        "Cost Of Revenue": 53967000.0,
        "Total Revenue": 197208000.0,
        "Operating Revenue": 197208000.0
    },
    "2024-10-31": {
        "Tax Effect Of Unusual Items": 0.0,
        "Tax Rate For Calcs": 0.218843,
        "Normalized EBITDA": 12586000.0,
        "Total Unusual Items": NaN,
        "Total Unusual Items Excluding Goodwill": NaN,
        "Net Income From Continuing Operation Net Minority Interest": 10455000.0,
        "Reconciled Depreciation": 4697000.0,
        "Reconciled Cost Of Revenue": 57821000.0,
        "EBITDA": 12586000.0,
        "EBIT": 7889000.0,
        "Normalized Income": 10455000.0,
        "Net Income From Continuing And Discontinued Operation": 10455000.0,
        "Total Expenses": 192800000.0,
        "Total Operating Income As Reported": 7889000.0,
        "Diluted Average Shares": 261972000.0,
        "Basic Average Shares": 253807000.0,
        "Diluted EPS": 0.04,
        "Basic EPS": 0.04,
        "Diluted NI Availto Com Stockholders": 10455000.0,
        "Net Income Common Stockholders": 10455000.0,
        "Net Income": 10455000.0,
        "Net Income Including Noncontrolling Interests": 10455000.0,
        "Net Income Continuous Operations": 10455000.0,
        "Tax Provision": 2929000.0,
        "Pretax Income": 13384000.0,
        "Other Income Expense": 5495000.0,
        "Other Non Operating Income Expenses": 5495000.0,
        "Special Income Charges": NaN,
        "Restructuring And Mergern Acquisition": NaN,
        "Operating Income": 7889000.0,
        "Operating Expense": 134979000.0,
        "Research And Development": 23280000.0,
        "Selling General And Administration": 111699000.0,
        "Selling And Marketing Expense": 77576000.0,
        "General And Administrative Expense": 34123000.0,
        "Other Gand A": 34123000.0,
        "Gross Profit": 142868000.0,
        "Cost Of Revenue": 57821000.0,
        "Total Revenue": 200689000.0,
        "Operating Revenue": 200689000.0
    },
    "2025-01-31": {
        "Tax Effect Of Unusual Items": 0.0,
        "Tax Rate For Calcs": 0.21,
        "Normalized EBITDA": 15323000.0,
        "Total Unusual Items": NaN,
        "Total Unusual Items Excluding Goodwill": NaN,
        "Net Income From Continuing Operation Net Minority Interest": 98679000.0,
        "Reconciled Depreciation": 4864000.0,
        "Reconciled Cost Of Revenue": 58816000.0,
        "EBITDA": 15323000.0,
        "EBIT": 10459000.0,
        "Normalized Income": 98679000.0,
        "Net Income From Continuing And Discontinued Operation": 98679000.0,
        "Total Expenses": 192080000.0,
        "Total Operating Income As Reported": 10459000.0,
        "Diluted Average Shares": 266910000.0,
        "Basic Average Shares": 254911000.0,
        "Diluted EPS": 0.37,
        "Basic EPS": 0.39,
        "Diluted NI Availto Com Stockholders": 98679000.0,
        "Net Income Common Stockholders": 98679000.0,
        "Net Income": 98679000.0,
        "Net Income Including Noncontrolling Interests": 98679000.0,
        "Net Income Continuous Operations": 98679000.0,
        "Tax Provision": -83307000.0,
        "Pretax Income": 15372000.0,
        "Other Income Expense": 4913000.0,
        "Other Non Operating Income Expenses": 4913000.0,
        "Special Income Charges": NaN,
        "Restructuring And Mergern Acquisition": NaN,
        "Operating Income": 10459000.0,
        "Operating Expense": 133264000.0,
        "Research And Development": 22558000.0,
        "Selling General And Administration": 110706000.0,
        "Selling And Marketing Expense": 76101000.0,
        "General And Administrative Expense": 34605000.0,
        "Other Gand A": 34605000.0,
        "Gross Profit": 143723000.0,
        "Cost Of Revenue": 58816000.0,
        "Total Revenue": 202539000.0,
        "Operating Revenue": 202539000.0
    },
    "2025-04-30": {
        "Tax Effect Of Unusual Items": -3425730.0,
        "Tax Rate For Calcs": 0.21,
        "Normalized EBITDA": 35550000.0,
        "Total Unusual Items": -16313000.0,
        "Total Unusual Items Excluding Goodwill": -16313000.0,
        "Net Income From Continuing Operation Net Minority Interest": -1568000.0,
        "Reconciled Depreciation": 4679000.0,
        "Reconciled Cost Of Revenue": 62631000.0,
        "EBITDA": 19237000.0,
        "EBIT": 14558000.0,
        "Normalized Income": 11319270.0,
        "Net Income From Continuing And Discontinued Operation": -1568000.0,
        "Total Expenses": 190942000.0,
        "Total Operating Income As Reported": -1755000.0,
        "Diluted Average Shares": 256647000.0,
        "Basic Average Shares": 256647000.0,
        "Diluted EPS": -0.01,
        "Basic EPS": -0.01,
        "Diluted NI Availto Com Stockholders": -1568000.0,
        "Net Income Common Stockholders": -1568000.0,
        "Net Income": -1568000.0,
        "Net Income Including Noncontrolling Interests": -1568000.0,
        "Net Income Continuous Operations": -1568000.0,
        "Tax Provision": 6743000.0,
        "Pretax Income": 5175000.0,
        "Other Income Expense": -9383000.0,
        "Other Non Operating Income Expenses": 6930000.0,
        "Special Income Charges": -16313000.0,
        "Restructuring And Mergern Acquisition": 16313000.0,
        "Operating Income": 14558000.0,
        "Operating Expense": 128311000.0,
        "Research And Development": 22811000.0,
        "Selling General And Administration": 105500000.0,
        "Selling And Marketing Expense": 71071000.0,
        "General And Administrative Expense": 34429000.0,
        "Other Gand A": 34429000.0,
        "Gross Profit": 142869000.0,
        "Cost Of Revenue": 62631000.0,
        "Total Revenue": 205500000.0,
        "Operating Revenue": 205500000.0
    },
    "2025-07-31": {
        "Tax Effect Of Unusual Items": 206640.0,
        "Tax Rate For Calcs": 0.21,
        "Normalized EBITDA": 18973000.0,
        "Total Unusual Items": 984000.0,
        "Total Unusual Items Excluding Goodwill": 984000.0,
        "Net Income From Continuing Operation Net Minority Interest": 12615000.0,
        "Reconciled Depreciation": 4669000.0,
        "Reconciled Cost Of Revenue": 67438000.0,
        "EBITDA": 19957000.0,
        "EBIT": 15288000.0,
        "Normalized Income": 11837640.0,
        "Net Income From Continuing And Discontinued Operation": 12615000.0,
        "Total Expenses": 196752000.0,
        "Total Operating Income As Reported": 16272000.0,
        "Diluted Average Shares": 263201000.0,
        "Basic Average Shares": 254391000.0,
        "Diluted EPS": 0.05,
        "Basic EPS": 0.05,
        "Diluted NI Availto Com Stockholders": 12615000.0,
        "Net Income Common Stockholders": 12615000.0,
        "Net Income": 12615000.0,
        "Net Income Including Noncontrolling Interests": 12615000.0,
        "Net Income Continuous Operations": 12615000.0,
        "Tax Provision": 11126000.0,
        "Pretax Income": 23741000.0,
        "Other Income Expense": 8453000.0,
        "Other Non Operating Income Expenses": 7469000.0,
        "Special Income Charges": 984000.0,
        "Restructuring And Mergern Acquisition": -984000.0,
        "Operating Income": 15288000.0,
        "Operating Expense": 129314000.0,
        "Research And Development": 23162000.0,
        "Selling General And Administration": 106152000.0,
        "Selling And Marketing Expense": 70583000.0,
        "General And Administrative Expense": 35569000.0,
        "Other Gand A": 35569000.0,
        "Gross Profit": 144602000.0,
        "Cost Of Revenue": 67438000.0,
        "Total Revenue": 212040000.0,
        "Operating Revenue": 212040000.0
    },
    "2025-10-31": {
        "Tax Effect Of Unusual Items": NaN,
        "Tax Rate For Calcs": NaN,
        "Normalized EBITDA": NaN,
        "Total Unusual Items": NaN,
        "Total Unusual Items Excluding Goodwill": NaN,
        "Net Income From Continuing Operation Net Minority Interest": NaN,
        "Reconciled Depreciation": NaN,
        "Reconciled Cost Of Revenue": NaN,
        "EBITDA": NaN,
        "EBIT": NaN,
        "Normalized Income": NaN,
        "Net Income From Continuing And Discontinued Operation": NaN,
        "Total Expenses": NaN,
        "Total Operating Income As Reported": NaN,
        "Diluted Average Shares": 252054000.0,
        "Basic Average Shares": 244916000.0,
        "Diluted EPS": 0.01,
        "Basic EPS": 0.01,
        "Diluted NI Availto Com Stockholders": NaN,
        "Net Income Common Stockholders": NaN,
        "Net Income": NaN,
        "Net Income Including Noncontrolling Interests": NaN,
        "Net Income Continuous Operations": NaN,
        "Tax Provision": NaN,
        "Pretax Income": NaN,
        "Other Income Expense": NaN,
        "Other Non Operating Income Expenses": NaN,
        "Special Income Charges": NaN,
        "Restructuring And Mergern Acquisition": NaN,
        "Operating Income": NaN,
        "Operating Expense": NaN,
        "Research And Development": NaN,
        "Selling General And Administration": NaN,
        "Selling And Marketing Expense": NaN,
        "General And Administrative Expense": NaN,
        "Other Gand A": NaN,
        "Gross Profit": NaN,
        "Cost Of Revenue": NaN,
        "Total Revenue": NaN,
        "Operating Revenue": NaN
    }
}