{
    "2023-03-31": {
        "Tax Effect Of Unusual Items": NaN,
        "Tax Rate For Calcs": NaN,
        "Normalized EBITDA": NaN,
        "Net Income From Continuing Operation Net Minority Interest": NaN,
        "Reconciled Depreciation": NaN,
        "Reconciled Cost Of Revenue": NaN,
        "EBITDA": NaN,
        "EBIT": NaN,
        "Net Interest Income": NaN,
        "Interest Income": NaN,
        "Normalized Income": NaN,
        "Net Income From Continuing And Discontinued Operation": NaN,
        "Total Expenses": NaN,
        "Total Operating Income As Reported": NaN,
        "Diluted Average Shares": NaN,
        "Basic Average Shares": NaN,
        "Diluted EPS": NaN,
        "Basic EPS": NaN,
        "Diluted NI Availto Com Stockholders": NaN,
        "Net Income Common Stockholders": NaN,
        "Net Income": NaN,
        "Net Income Including Noncontrolling Interests": NaN,
        "Net Income Continuous Operations": NaN,
        "Tax Provision": NaN,
        "Pretax Income": NaN,
        "Net Non Operating Interest Income Expense": NaN,
        "Total Other Finance Cost": -9606000.0,
        "Interest Income Non Operating": NaN,
        "Operating Income": NaN,
        "Operating Expense": NaN,
        "Research And Development": NaN,
        "Selling General And Administration": NaN,
        "Selling And Marketing Expense": NaN,
        "General And Administrative Expense": NaN,
        "Other Gand A": NaN,
        "Gross Profit": NaN,
        "Cost Of Revenue": NaN,
        "Total Revenue": NaN,
        "Operating Revenue": NaN
    },
    "2022-12-31": {
        "Tax Effect Of Unusual Items": NaN,
        "Tax Rate For Calcs": NaN,
        "Normalized EBITDA": NaN,
        "Net Income From Continuing Operation Net Minority Interest": NaN,
        "Reconciled Depreciation": NaN,
        "Reconciled Cost Of Revenue": NaN,
        "EBITDA": NaN,
        "EBIT": NaN,
        "Net Interest Income": NaN,
        "Interest Income": NaN,
        "Normalized Income": NaN,
        "Net Income From Continuing And Discontinued Operation": NaN,
        "Total Expenses": NaN,
        "Total Operating Income As Reported": NaN,
        "Diluted Average Shares": NaN,
        "Basic Average Shares": NaN,
        "Diluted EPS": NaN,
        "Basic EPS": NaN,
        "Diluted NI Availto Com Stockholders": NaN,
        "Net Income Common Stockholders": NaN,
        "Net Income": NaN,
        "Net Income Including Noncontrolling Interests": NaN,
        "Net Income Continuous Operations": NaN,
        "Tax Provision": NaN,
        "Pretax Income": NaN,
        "Net Non Operating Interest Income Expense": NaN,
        "Total Other Finance Cost": 6538000.0,
        "Interest Income Non Operating": NaN,
        "Operating Income": NaN,
        "Operating Expense": NaN,
        "Research And Development": NaN,
        "Selling General And Administration": NaN,
        "Selling And Marketing Expense": NaN,
        "General And Administrative Expense": NaN,
        "Other Gand A": NaN,
        "Gross Profit": NaN,
        "Cost Of Revenue": NaN,
        "Total Revenue": NaN,
        "Operating Revenue": NaN
    },
    "2022-09-30": {
        "Tax Effect Of Unusual Items": NaN,
        "Tax Rate For Calcs": NaN,
        "Normalized EBITDA": NaN,
        "Net Income From Continuing Operation Net Minority Interest": NaN,
        "Reconciled Depreciation": NaN,
        "Reconciled Cost Of Revenue": NaN,
        "EBITDA": NaN,
        "EBIT": NaN,
        "Net Interest Income": NaN,
        "Interest Income": NaN,
        "Normalized Income": NaN,
        "Net Income From Continuing And Discontinued Operation": NaN,
        "Total Expenses": NaN,
        "Total Operating Income As Reported": NaN,
        "Diluted Average Shares": NaN,
        "Basic Average Shares": NaN,
        "Diluted EPS": NaN,
        "Basic EPS": NaN,
        "Diluted NI Availto Com Stockholders": NaN,
        "Net Income Common Stockholders": NaN,
        "Net Income": NaN,
        "Net Income Including Noncontrolling Interests": NaN,
        "Net Income Continuous Operations": NaN,
        "Tax Provision": NaN,
        "Pretax Income": NaN,
        "Net Non Operating Interest Income Expense": NaN,
        "Total Other Finance Cost": -3641000.0,
        "Interest Income Non Operating": NaN,
        "Operating Income": NaN,
        "Operating Expense": NaN,
        "Research And Development": NaN,
        "Selling General And Administration": NaN,
        "Selling And Marketing Expense": NaN,
        "General And Administrative Expense": NaN,
        "Other Gand A": NaN,
        "Gross Profit": NaN,
        "Cost Of Revenue": NaN,
        "Total Revenue": NaN,
        "Operating Revenue": NaN
    },
    "2022-06-30": {
        "Tax Effect Of Unusual Items": 0.0,
        "Tax Rate For Calcs": 0.069926,
        "Normalized EBITDA": -38184000.0,
        "Net Income From Continuing Operation Net Minority Interest": -37628000.0,
        "Reconciled Depreciation": 3845000.0,
        "Reconciled Cost Of Revenue": 30719000.0,
        "EBITDA": -38184000.0,
        "EBIT": -42029000.0,
        "Net Interest Income": 1572000.0,
        "Interest Income": NaN,
        "Normalized Income": -37628000.0,
        "Net Income From Continuing And Discontinued Operation": -37628000.0,
        "Total Expenses": 184356000.0,
        "Total Operating Income As Reported": -42029000.0,
        "Diluted Average Shares": 40517587.0,
        "Basic Average Shares": 40517587.0,
        "Diluted EPS": -0.93,
        "Basic EPS": -0.93,
        "Diluted NI Availto Com Stockholders": -37628000.0,
        "Net Income Common Stockholders": -37628000.0,
        "Net Income": -37628000.0,
        "Net Income Including Noncontrolling Interests": -37628000.0,
        "Net Income Continuous Operations": -37628000.0,
        "Tax Provision": -2829000.0,
        "Pretax Income": -40457000.0,
        "Net Non Operating Interest Income Expense": 1572000.0,
        "Total Other Finance Cost": -1572000.0,
        "Interest Income Non Operating": NaN,
        "Operating Income": -42029000.0,
        "Operating Expense": 153637000.0,
        "Research And Development": 46964000.0,
        "Selling General And Administration": 106673000.0,
        "Selling And Marketing Expense": 86805000.0,
        "General And Administrative Expense": 19868000.0,
        "Other Gand A": 19868000.0,
        "Gross Profit": 111608000.0,
        "Cost Of Revenue": 30719000.0,
        "Total Revenue": 142327000.0,
        "Operating Revenue": 142327000.0
    },
    "2022-03-31": {
        "Diluted EPS": -0.94,
        "Total Revenue": 128,
        "Gross Profit": 100,
        "Operating Income": -41,
        "EBIT": -36,
        "Net Income": -38
    },
    "2021-12-31": {
        "Diluted EPS": -0.42,
        "Total Revenue": 151,
        "Gross Profit": 126,
        "Operating Income": -12,
        "EBIT": -4,
        "Net Income": -17
    },
    "2021-09-30": {
        "Diluted EPS": -0.73,
        "Total Revenue": 122,
        "Gross Profit": 98,
        "Operating Income": -28,
        "EBIT": -20,
        "Net Income": -29
    },
    "2021-06-30": {
        "Diluted EPS": -0.58,
        "Total Revenue": 117,
        "Gross Profit": 94,
        "Operating Income": -23,
        "EBIT": -15,
        "Net Income": -23
    },
    "2021-03-31": {
        "Diluted EPS": -0.39,
        "Total Revenue": 113,
        "Gross Profit": 92,
        "Operating Income": -15,
        "EBIT": -8,
        "Net Income": -15
    },
    "2020-12-31": {
        "Diluted EPS": 0.31,
        "Total Revenue": 145,
        "Gross Profit": 122,
        "Operating Income": 19,
        "EBIT": 28,
        "Net Income": 12
    },
    "2020-09-30": {
        "Diluted EPS": -0.41,
        "Total Revenue": 107,
        "Gross Profit": 84,
        "Operating Income": -10,
        "EBIT": -2,
        "Net Income": -16
    },
    "2020-06-30": {
        "Diluted EPS": -0.11,
        "Total Revenue": 106,
        "Gross Profit": 86,
        "Operating Income": -5,
        "EBIT": 4,
        "Net Income": -4
    },
    "2020-03-31": {
        "Diluted EPS": 0.06,
        "Total Revenue": 107,
        "Gross Profit": 90,
        "Operating Income": 3,
        "EBIT": 9,
        "Net Income": 2
    },
    "2019-12-31": {
        "Diluted EPS": 0.53,
        "Total Revenue": 130,
        "Gross Profit": 113,
        "Operating Income": 23,
        "EBIT": 27,
        "Net Income": 21
    },
    "2019-09-30": {
        "Diluted EPS": 0.39,
        "Total Revenue": 108,
        "Gross Profit": 91,
        "Operating Income": 13,
        "EBIT": 15,
        "Net Income": 15
    },
    "2019-06-30": {
        "Diluted EPS": 0.34,
        "Total Revenue": 100,
        "Gross Profit": 85,
        "Operating Income": 13,
        "EBIT": 16,
        "Net Income": 13
    },
    "2019-03-31": {
        "Diluted EPS": 0.36,
        "Total Revenue": 96,
        "Gross Profit": 82,
        "Operating Income": 14,
        "EBIT": 16,
        "Net Income": 14
    },
    "2018-12-31": {
        "Diluted EPS": 0.64,
        "Total Revenue": 109,
        "Gross Profit": 96,
        "Operating Income": 28,
        "EBIT": 30,
        "Net Income": 24
    },
    "2018-09-30": {
        "Diluted EPS": 0.22,
        "Total Revenue": 85,
        "Gross Profit": 73,
        "Operating Income": 9,
        "EBIT": 11,
        "Net Income": 8
    },
    "2018-06-30": {
        "Diluted EPS": 0.23,
        "Total Revenue": 78,
        "Gross Profit": 66,
        "Operating Income": 7,
        "EBIT": 9,
        "Net Income": 8
    },
    "2018-03-31": {
        "Diluted EPS": 0.18,
        "Total Revenue": 72,
        "Gross Profit": 60,
        "Operating Income": 4,
        "EBIT": 6,
        "Net Income": 6
    },
    "2017-12-31": {
        "Diluted EPS": 0.09,
        "Total Revenue": 80,
        "Gross Profit": 69,
        "Operating Income": 12,
        "EBIT": 14,
        "Net Income": 4
    },
    "2017-09-30": {
        "Diluted EPS": 0.05,
        "Total Revenue": 65,
        "Gross Profit": 54,
        "Operating Income": 2,
        "EBIT": 4,
        "Net Income": 2
    },
    "2017-06-30": {
        "Diluted EPS": 0.09,
        "Total Revenue": 57,
        "Gross Profit": 47,
        "Operating Income": 1,
        "EBIT": 3,
        "Net Income": 3
    },
    "2017-03-31": {
        "Diluted EPS": 0.21,
        "Total Revenue": 59,
        "Gross Profit": 50,
        "Operating Income": 6,
        "EBIT": 8,
        "Net Income": 8
    },
    "2016-12-31": {
        "Diluted EPS": 0.28,
        "Total Revenue": 64,
        "Gross Profit": 56,
        "Operating Income": 13,
        "EBIT": 15,
        "Net Income": 10
    },
    "2016-09-30": {
        "Diluted EPS": 0.2,
        "Total Revenue": 55,
        "Gross Profit": 47,
        "Operating Income": 8,
        "EBIT": 10,
        "Net Income": 7
    },
    "2016-06-30": {
        "Diluted EPS": 0.18,
        "Total Revenue": 50,
        "Gross Profit": 43,
        "Operating Income": 8,
        "EBIT": 10,
        "Net Income": 6
    },
    "2016-03-31": {
        "Diluted EPS": 0.12,
        "Total Revenue": 47,
        "Gross Profit": 40,
        "Operating Income": 6,
        "EBIT": 8,
        "Net Income": 4
    },
    "2015-12-31": {
        "Diluted EPS": 0.28,
        "Total Revenue": 51,
        "Gross Profit": 45,
        "Operating Income": 11,
        "EBIT": 12,
        "Net Income": 10
    },
    "2015-09-30": {
        "Diluted EPS": 0.19,
        "Total Revenue": 40,
        "Gross Profit": 35,
        "Operating Income": 8,
        "EBIT": 9,
        "Net Income": 7
    },
    "2015-06-30": {
        "Diluted EPS": 0.14,
        "Total Revenue": 36,
        "Gross Profit": 30,
        "Operating Income": 7,
        "EBIT": 7,
        "Net Income": 5
    },
    "2015-03-31": {
        "Diluted EPS": 0.12,
        "Total Revenue": 33,
        "Gross Profit": 29,
        "Operating Income": 8,
        "EBIT": 8,
        "Net Income": 4
    },
    "2014-12-31": {
        "Diluted EPS": 0.0,
        "Total Revenue": NaN,
        "Gross Profit": NaN,
        "Operating Income": NaN,
        "EBIT": NaN,
        "Net Income": NaN
    },
    "2014-09-30": {
        "Diluted EPS": 0.11,
        "Total Revenue": 28,
        "Gross Profit": 24,
        "Operating Income": 8,
        "EBIT": 8,
        "Net Income": 3
    },
    "2014-03-31": {
        "Diluted EPS": -0.35,
        "Total Revenue": 17,
        "Gross Profit": 17,
        "Operating Income": 17,
        "EBIT": 17,
        "Net Income": -1
    },
    "2013-12-31": {
        "Diluted EPS": 0.0,
        "Total Revenue": NaN,
        "Gross Profit": NaN,
        "Operating Income": NaN,
        "EBIT": NaN,
        "Net Income": NaN
    },
    "2013-09-30": {
        "Diluted EPS": 0.09,
        "Total Revenue": 17,
        "Gross Profit": 17,
        "Operating Income": 17,
        "EBIT": 17,
        "Net Income": 3
    },
    "2023-06-30": {
        "Tax Effect Of Unusual Items": 0.0,
        "Tax Rate For Calcs": 0.079883,
        "Normalized EBITDA": -35557000.0,
        "Net Income From Continuing Operation Net Minority Interest": -25778000.0,
        "Reconciled Depreciation": 4341000.0,
        "Reconciled Cost Of Revenue": 38767000.0,
        "EBITDA": -35557000.0,
        "EBIT": -39898000.0,
        "Net Interest Income": 11882000.0,
        "Interest Income": 11882000.0,
        "Normalized Income": -25778000.0,
        "Net Income From Continuing And Discontinued Operation": -25778000.0,
        "Total Expenses": 215741000.0,
        "Total Operating Income As Reported": -39898000.0,
        "Diluted Average Shares": 41599364.0,
        "Basic Average Shares": 41599364.0,
        "Diluted EPS": -0.62,
        "Basic EPS": -0.62,
        "Diluted NI Availto Com Stockholders": -25778000.0,
        "Net Income Common Stockholders": -25778000.0,
        "Net Income": -25778000.0,
        "Net Income Including Noncontrolling Interests": -25778000.0,
        "Net Income Continuous Operations": -25778000.0,
        "Tax Provision": -2238000.0,
        "Pretax Income": -28016000.0,
        "Net Non Operating Interest Income Expense": 11882000.0,
        "Total Other Finance Cost": NaN,
        "Interest Income Non Operating": 11882000.0,
        "Operating Income": -39898000.0,
        "Operating Expense": 176974000.0,
        "Research And Development": 53664000.0,
        "Selling General And Administration": 123310000.0,
        "Selling And Marketing Expense": 101089000.0,
        "General And Administrative Expense": 22221000.0,
        "Other Gand A": 22221000.0,
        "Gross Profit": 137076000.0,
        "Cost Of Revenue": 38767000.0,
        "Total Revenue": 175843000.0,
        "Operating Revenue": 175843000.0
    },
    "2023-09-30": {
        "Tax Effect Of Unusual Items": NaN,
        "Tax Rate For Calcs": NaN,
        "Normalized EBITDA": NaN,
        "Net Income From Continuing Operation Net Minority Interest": NaN,
        "Reconciled Depreciation": NaN,
        "Reconciled Cost Of Revenue": NaN,
        "EBITDA": NaN,
        "EBIT": NaN,
        "Net Interest Income": NaN,
        "Interest Income": NaN,
        "Normalized Income": NaN,
        "Net Income From Continuing And Discontinued Operation": NaN,
        "Total Expenses": NaN,
        "Total Operating Income As Reported": NaN,
        "Diluted Average Shares": 41899371.0,
        "Basic Average Shares": 41899371.0,
        "Diluted EPS": -0.35,
        "Basic EPS": -0.35,
        "Diluted NI Availto Com Stockholders": NaN,
        "Net Income Common Stockholders": NaN,
        "Net Income": NaN,
        "Net Income Including Noncontrolling Interests": NaN,
        "Net Income Continuous Operations": NaN,
        "Tax Provision": NaN,
        "Pretax Income": NaN,
        "Net Non Operating Interest Income Expense": NaN,
        "Interest Income Non Operating": NaN,
        "Operating Income": NaN,
        "Operating Expense": NaN,
        "Research And Development": NaN,
        "Selling General And Administration": NaN,
        "Selling And Marketing Expense": NaN,
        "General And Administrative Expense": NaN,
        "Other Gand A": NaN,
        "Gross Profit": NaN,
        "Cost Of Revenue": NaN,
        "Total Revenue": NaN,
        "Operating Revenue": NaN
    },
    "2023-12-31": {
        "Tax Effect Of Unusual Items": 0.0,
        "Tax Rate For Calcs": 0.389281,
        "Normalized EBITDA": 55652000.0,
        "Net Income From Continuing Operation Net Minority Interest": 8911000.0,
        "Reconciled Depreciation": 4153000.0,
        "Reconciled Cost Of Revenue": 39653000.0,
        "EBITDA": 55652000.0,
        "EBIT": 51499000.0,
        "Net Interest Income": 17735000.0,
        "Interest Income": 21090000.0,
        "Normalized Income": 8911000.0,
        "Net Income From Continuing And Discontinued Operation": 8911000.0,
        "Total Expenses": 227815000.0,
        "Total Operating Income As Reported": -4711000.0,
        "Diluted Average Shares": 47107294.0,
        "Basic Average Shares": 42069678.0,
        "Diluted EPS": 0.2,
        "Basic EPS": 0.21,
        "Diluted NI Availto Com Stockholders": 8911000.0,
        "Net Income Common Stockholders": 8911000.0,
        "Net Income": 8911000.0,
        "Net Income Including Noncontrolling Interests": 8911000.0,
        "Net Income Continuous Operations": 8911000.0,
        "Tax Provision": 5680000.0,
        "Pretax Income": 14591000.0,
        "Net Non Operating Interest Income Expense": 17735000.0,
        "Interest Income Non Operating": 21090000.0,
        "Operating Income": -4711000.0,
        "Operating Expense": 188162000.0,
        "Research And Development": 53792000.0,
        "Selling General And Administration": 134370000.0,
        "Selling And Marketing Expense": 106607000.0,
        "General And Administrative Expense": 27763000.0,
        "Other Gand A": 27763000.0,
        "Gross Profit": 183451000.0,
        "Cost Of Revenue": 39653000.0,
        "Total Revenue": 223104000.0,
        "Operating Revenue": 223104000.0
    },
    "2024-03-31": {
        "Tax Effect Of Unusual Items": 0.0,
        "Tax Rate For Calcs": 0.287204,
        "Normalized EBITDA": -2357000.0,
        "Net Income From Continuing Operation Net Minority Interest": 5470000.0,
        "Reconciled Depreciation": 4021000.0,
        "Reconciled Cost Of Revenue": 42408000.0,
        "EBITDA": -2357000.0,
        "EBIT": -6378000.0,
        "Net Interest Income": 14052000.0,
        "Interest Income": 14052000.0,
        "Normalized Income": 5470000.0,
        "Net Income From Continuing And Discontinued Operation": 5470000.0,
        "Total Expenses": 227928000.0,
        "Total Operating Income As Reported": -6378000.0,
        "Diluted Average Shares": 47737396.0,
        "Basic Average Shares": 42430559.0,
        "Diluted EPS": 0.13,
        "Basic EPS": 0.13,
        "Diluted NI Availto Com Stockholders": 5470000.0,
        "Net Income Common Stockholders": 5470000.0,
        "Net Income": 5470000.0,
        "Net Income Including Noncontrolling Interests": 5470000.0,
        "Net Income Continuous Operations": 5470000.0,
        "Tax Provision": 2204000.0,
        "Pretax Income": 7674000.0,
        "Net Non Operating Interest Income Expense": 14052000.0,
        "Interest Income Non Operating": 14052000.0,
        "Operating Income": -6378000.0,
        "Operating Expense": 185520000.0,
        "Research And Development": 53914000.0,
        "Selling General And Administration": 131606000.0,
        "Selling And Marketing Expense": 104964000.0,
        "General And Administrative Expense": 26642000.0,
        "Other Gand A": 26642000.0,
        "Gross Profit": 179142000.0,
        "Cost Of Revenue": 42408000.0,
        "Total Revenue": 221550000.0,
        "Operating Revenue": 221550000.0
    },
    "2024-06-30": {
        "Tax Effect Of Unusual Items": 0.0,
        "Tax Rate For Calcs": 0.21,
        "Normalized EBITDA": -19951000.0,
        "Net Income From Continuing Operation Net Minority Interest": -12923000.0,
        "Reconciled Depreciation": 4025000.0,
        "Reconciled Cost Of Revenue": 45018000.0,
        "EBITDA": -19951000.0,
        "EBIT": -23976000.0,
        "Net Interest Income": 13347000.0,
        "Interest Income": 13347000.0,
        "Normalized Income": -12923000.0,
        "Net Income From Continuing And Discontinued Operation": -12923000.0,
        "Total Expenses": 248682000.0,
        "Total Operating Income As Reported": -23976000.0,
        "Diluted Average Shares": 42948191.0,
        "Basic Average Shares": 42948191.0,
        "Diluted EPS": -0.3,
        "Basic EPS": -0.3,
        "Diluted NI Availto Com Stockholders": -12923000.0,
        "Net Income Common Stockholders": -12923000.0,
        "Net Income": -12923000.0,
        "Net Income Including Noncontrolling Interests": -12923000.0,
        "Net Income Continuous Operations": -12923000.0,
        "Tax Provision": 2294000.0,
        "Pretax Income": -10629000.0,
        "Net Non Operating Interest Income Expense": 13347000.0,
        "Interest Income Non Operating": 13347000.0,
        "Operating Income": -23976000.0,
        "Operating Expense": 203664000.0,
        "Research And Development": 56556000.0,
        "Selling General And Administration": 147108000.0,
        "Selling And Marketing Expense": 115339000.0,
        "General And Administrative Expense": 31769000.0,
        "Other Gand A": 31769000.0,
        "Gross Profit": 179688000.0,
        "Cost Of Revenue": 45018000.0,
        "Total Revenue": 224706000.0,
        "Operating Revenue": 224706000.0
    },
    "2024-09-30": {
        "Tax Effect Of Unusual Items": 0.0,
        "Tax Rate For Calcs": 0.100551,
        "Normalized EBITDA": -7153000.0,
        "Net Income From Continuing Operation Net Minority Interest": 11110000.0,
        "Reconciled Depreciation": 3937000.0,
        "Reconciled Cost Of Revenue": 47185000.0,
        "EBITDA": -7153000.0,
        "EBIT": -11090000.0,
        "Net Interest Income": 23442000.0,
        "Interest Income": 23442000.0,
        "Normalized Income": 11110000.0,
        "Net Income From Continuing And Discontinued Operation": 11110000.0,
        "Total Expenses": 251192000.0,
        "Total Operating Income As Reported": -11090000.0,
        "Diluted Average Shares": NaN,
        "Basic Average Shares": NaN,
        "Diluted EPS": NaN,
        "Basic EPS": NaN,
        "Diluted NI Availto Com Stockholders": 11110000.0,
        "Net Income Common Stockholders": 11110000.0,
        "Net Income": 11110000.0,
        "Net Income Including Noncontrolling Interests": 11110000.0,
        "Net Income Continuous Operations": 11110000.0,
        "Tax Provision": 1242000.0,
        "Pretax Income": 12352000.0,
        "Net Non Operating Interest Income Expense": 23442000.0,
        "Interest Income Non Operating": 23442000.0,
        "Operating Income": -11090000.0,
        "Operating Expense": 204007000.0,
        "Research And Development": 59306000.0,
        "Selling General And Administration": 144701000.0,
        "Selling And Marketing Expense": 113690000.0,
        "General And Administrative Expense": 31011000.0,
        "Other Gand A": 31011000.0,
        "Gross Profit": 192917000.0,
        "Cost Of Revenue": 47185000.0,
        "Total Revenue": 240102000.0,
        "Operating Revenue": 240102000.0
    },
    "2024-12-31": {
        "Tax Effect Of Unusual Items": 0.0,
        "Tax Rate For Calcs": 0.21,
        "Normalized EBITDA": 58138000.0,
        "Net Income From Continuing Operation Net Minority Interest": -97118000.0,
        "Reconciled Depreciation": 30000000.0,
        "Reconciled Cost Of Revenue": 73766000.0,
        "EBITDA": 58138000.0,
        "EBIT": 28138000.0,
        "Net Interest Income": 3510000.0,
        "Interest Income": 7577000.0,
        "Normalized Income": -97118000.0,
        "Net Income From Continuing And Discontinued Operation": -97118000.0,
        "Total Expenses": 345744000.0,
        "Total Operating Income As Reported": -31360000.0,
        "Diluted Average Shares": 48116242.0,
        "Basic Average Shares": 48116242.0,
        "Diluted EPS": -2.02,
        "Basic EPS": -2.02,
        "Diluted NI Availto Com Stockholders": -97118000.0,
        "Net Income Common Stockholders": -97118000.0,
        "Net Income": -97118000.0,
        "Net Income Including Noncontrolling Interests": -97118000.0,
        "Net Income Continuous Operations": -97118000.0,
        "Tax Provision": 71755000.0,
        "Pretax Income": -25363000.0,
        "Net Non Operating Interest Income Expense": 3510000.0,
        "Interest Income Non Operating": 7577000.0,
        "Operating Income": -31360000.0,
        "Operating Expense": 271978000.0,
        "Research And Development": 73282000.0,
        "Selling General And Administration": 198696000.0,
        "Selling And Marketing Expense": 146984000.0,
        "General And Administrative Expense": 51712000.0,
        "Other Gand A": 51712000.0,
        "Gross Profit": 240618000.0,
        "Cost Of Revenue": 73766000.0,
        "Total Revenue": 314384000.0,
        "Operating Revenue": 314384000.0
    },
    "2025-03-31": {
        "Tax Effect Of Unusual Items": 0.0,
        "Tax Rate For Calcs": 0.21,
        "Normalized EBITDA": 10891000.0,
        "Net Income From Continuing Operation Net Minority Interest": 11463000.0,
        "Reconciled Depreciation": 31624000.0,
        "Reconciled Cost Of Revenue": 76261000.0,
        "EBITDA": 10891000.0,
        "EBIT": -20733000.0,
        "Net Interest Income": 8641000.0,
        "Interest Income": 8641000.0,
        "Normalized Income": 11463000.0,
        "Net Income From Continuing And Discontinued Operation": 11463000.0,
        "Total Expenses": 338334000.0,
        "Total Operating Income As Reported": -20733000.0,
        "Diluted Average Shares": 51203805.0,
        "Basic Average Shares": 49589733.0,
        "Diluted EPS": 0.22,
        "Basic EPS": 0.23,
        "Diluted NI Availto Com Stockholders": 11463000.0,
        "Net Income Common Stockholders": 11463000.0,
        "Net Income": 11463000.0,
        "Net Income Including Noncontrolling Interests": 11463000.0,
        "Net Income Continuous Operations": 11463000.0,
        "Tax Provision": -23555000.0,
        "Pretax Income": -12092000.0,
        "Net Non Operating Interest Income Expense": 8641000.0,
        "Interest Income Non Operating": 8641000.0,
        "Operating Income": -20733000.0,
        "Operating Expense": 262073000.0,
        "Research And Development": 78565000.0,
        "Selling General And Administration": 183508000.0,
        "Selling And Marketing Expense": 145640000.0,
        "General And Administrative Expense": 37868000.0,
        "Other Gand A": 37868000.0,
        "Gross Profit": 241340000.0,
        "Cost Of Revenue": 76261000.0,
        "Total Revenue": 317601000.0,
        "Operating Revenue": 317601000.0
    },
    "2025-06-30": {
        "Tax Effect Of Unusual Items": 0.0,
        "Tax Rate For Calcs": 0.21,
        "Normalized EBITDA": -3082000.0,
        "Net Income From Continuing Operation Net Minority Interest": -90828000.0,
        "Reconciled Depreciation": 32735000.0,
        "Reconciled Cost Of Revenue": 80545000.0,
        "EBITDA": -3082000.0,
        "EBIT": -35817000.0,
        "Net Interest Income": 13721000.0,
        "Interest Income": 13721000.0,
        "Normalized Income": -90828000.0,
        "Net Income From Continuing And Discontinued Operation": -90828000.0,
        "Total Expenses": 363847000.0,
        "Total Operating Income As Reported": -35817000.0,
        "Diluted Average Shares": 50122220.0,
        "Basic Average Shares": 50122220.0,
        "Diluted EPS": -1.81,
        "Basic EPS": -1.81,
        "Diluted NI Availto Com Stockholders": -90828000.0,
        "Net Income Common Stockholders": -90828000.0,
        "Net Income": -90828000.0,
        "Net Income Including Noncontrolling Interests": -90828000.0,
        "Net Income Continuous Operations": -90828000.0,
        "Tax Provision": 68732000.0,
        "Pretax Income": -22096000.0,
        "Net Non Operating Interest Income Expense": 13721000.0,
        "Interest Income Non Operating": 13721000.0,
        "Operating Income": -35817000.0,
        "Operating Expense": 283302000.0,
        "Research And Development": 82235000.0,
        "Selling General And Administration": 201067000.0,
        "Selling And Marketing Expense": 164401000.0,
        "General And Administrative Expense": 36666000.0,
        "Other Gand A": 36666000.0,
        "Gross Profit": 247485000.0,
        "Cost Of Revenue": 80545000.0,
        "Total Revenue": 328030000.0,
        "Operating Revenue": 328030000.0
    },
    "2025-09-30": {
        "Tax Effect Of Unusual Items": 0.0,
        "Tax Rate For Calcs": 0.21,
        "Normalized EBITDA": -17298000.0,
        "Net Income From Continuing Operation Net Minority Interest": -50438000.0,
        "Reconciled Depreciation": 32785000.0,
        "Reconciled Cost Of Revenue": 80181000.0,
        "EBITDA": -17298000.0,
        "EBIT": -50083000.0,
        "Net Interest Income": 20736000.0,
        "Interest Income": 20736000.0,
        "Normalized Income": -50438000.0,
        "Net Income From Continuing And Discontinued Operation": -50438000.0,
        "Total Expenses": 392919000.0,
        "Total Operating Income As Reported": -50083000.0,
        "Diluted Average Shares": 50427652.0,
        "Basic Average Shares": 50427652.0,
        "Diluted EPS": -1.0,
        "Basic EPS": -1.0,
        "Diluted NI Availto Com Stockholders": -50438000.0,
        "Net Income Common Stockholders": -50438000.0,
        "Net Income": -50438000.0,
        "Net Income Including Noncontrolling Interests": -50438000.0,
        "Net Income Continuous Operations": -50438000.0,
        "Tax Provision": 21091000.0,
        "Pretax Income": -29347000.0,
        "Net Non Operating Interest Income Expense": 20736000.0,
        "Interest Income Non Operating": 20736000.0,
        "Operating Income": -50083000.0,
        "Operating Expense": 312738000.0,
        "Research And Development": 86728000.0,
        "Selling General And Administration": 226010000.0,
        "Selling And Marketing Expense": 162595000.0,
        "General And Administrative Expense": 63415000.0,
        "Other Gand A": 63415000.0,
        "Gross Profit": 262655000.0,
        "Cost Of Revenue": 80181000.0,
        "Total Revenue": 342836000.0,
        "Operating Revenue": 342836000.0
    },
    "2025-12-31": {
        "Tax Effect Of Unusual Items": NaN,
        "Tax Rate For Calcs": NaN,
        "Normalized EBITDA": NaN,
        "Net Income From Continuing Operation Net Minority Interest": NaN,
        "Reconciled Depreciation": NaN,
        "Reconciled Cost Of Revenue": NaN,
        "EBITDA": NaN,
        "EBIT": NaN,
        "Net Interest Income": NaN,
        "Interest Income": NaN,
        "Normalized Income": NaN,
        "Net Income From Continuing And Discontinued Operation": NaN,
        "Total Expenses": NaN,
        "Total Operating Income As Reported": NaN,
        "Diluted Average Shares": 50596002.0,
        "Basic Average Shares": 50596002.0,
        "Diluted EPS": -0.34,
        "Basic EPS": -0.34,
        "Diluted NI Availto Com Stockholders": NaN,
        "Net Income Common Stockholders": NaN,
        "Net Income": NaN,
        "Net Income Including Noncontrolling Interests": NaN,
        "Net Income Continuous Operations": NaN,
        "Tax Provision": NaN,
        "Pretax Income": NaN,
        "Net Non Operating Interest Income Expense": NaN,
        "Interest Income Non Operating": NaN,
        "Operating Income": NaN,
        "Operating Expense": NaN,
        "Research And Development": NaN,
        "Selling General And Administration": NaN,
        "Selling And Marketing Expense": NaN,
        "General And Administrative Expense": NaN,
        "Other Gand A": NaN,
        "Gross Profit": NaN,
        "Cost Of Revenue": NaN,
        "Total Revenue": NaN,
        "Operating Revenue": NaN
    }
}