{
    "2023-03-31": {
        "Tax Effect Of Unusual Items": NaN,
        "Tax Rate For Calcs": NaN,
        "Normalized EBITDA": NaN,
        "Total Unusual Items": NaN,
        "Total Unusual Items Excluding Goodwill": NaN,
        "Net Income From Continuing Operation Net Minority Interest": NaN,
        "Reconciled Depreciation": NaN,
        "Reconciled Cost Of Revenue": NaN,
        "EBITDA": NaN,
        "EBIT": NaN,
        "Net Interest Income": NaN,
        "Interest Expense": NaN,
        "Interest Income": NaN,
        "Normalized Income": NaN,
        "Net Income From Continuing And Discontinued Operation": NaN,
        "Total Expenses": NaN,
        "Total Operating Income As Reported": NaN,
        "Diluted Average Shares": NaN,
        "Basic Average Shares": NaN,
        "Diluted EPS": NaN,
        "Basic EPS": NaN,
        "Diluted NI Availto Com Stockholders": NaN,
        "Net Income Common Stockholders": NaN,
        "Net Income": NaN,
        "Minority Interests": NaN,
        "Net Income Including Noncontrolling Interests": NaN,
        "Net Income Discontinuous Operations": 0.0,
        "Net Income Continuous Operations": NaN,
        "Tax Provision": NaN,
        "Pretax Income": NaN,
        "Other Income Expense": NaN,
        "Other Non Operating Income Expenses": NaN,
        "Special Income Charges": NaN,
        "Other Special Charges": 197000000.0,
        "Write Off": NaN,
        "Impairment Of Capital Assets": NaN,
        "Restructuring And Mergern Acquisition": NaN,
        "Net Non Operating Interest Income Expense": NaN,
        "Interest Expense Non Operating": NaN,
        "Interest Income Non Operating": NaN,
        "Operating Income": NaN,
        "Operating Expense": NaN,
        "Other Operating Expenses": NaN,
        "Depreciation Amortization Depletion Income Statement": NaN,
        "Depreciation And Amortization In Income Statement": NaN,
        "Selling General And Administration": NaN,
        "General And Administrative Expense": NaN,
        "Other Gand A": NaN,
        "Gross Profit": NaN,
        "Cost Of Revenue": NaN,
        "Total Revenue": NaN,
        "Operating Revenue": NaN
    },
    "2022-12-31": {
        "Tax Effect Of Unusual Items": NaN,
        "Tax Rate For Calcs": NaN,
        "Normalized EBITDA": NaN,
        "Total Unusual Items": NaN,
        "Total Unusual Items Excluding Goodwill": NaN,
        "Net Income From Continuing Operation Net Minority Interest": NaN,
        "Reconciled Depreciation": NaN,
        "Reconciled Cost Of Revenue": NaN,
        "EBITDA": NaN,
        "EBIT": NaN,
        "Net Interest Income": NaN,
        "Interest Expense": NaN,
        "Interest Income": NaN,
        "Normalized Income": NaN,
        "Net Income From Continuing And Discontinued Operation": NaN,
        "Total Expenses": NaN,
        "Total Operating Income As Reported": NaN,
        "Diluted Average Shares": NaN,
        "Basic Average Shares": NaN,
        "Diluted EPS": NaN,
        "Basic EPS": NaN,
        "Diluted NI Availto Com Stockholders": NaN,
        "Net Income Common Stockholders": NaN,
        "Net Income": NaN,
        "Minority Interests": NaN,
        "Net Income Including Noncontrolling Interests": NaN,
        "Net Income Discontinuous Operations": 0.0,
        "Net Income Continuous Operations": NaN,
        "Tax Provision": NaN,
        "Pretax Income": NaN,
        "Other Income Expense": NaN,
        "Other Non Operating Income Expenses": NaN,
        "Special Income Charges": NaN,
        "Other Special Charges": NaN,
        "Impairment Of Capital Assets": NaN,
        "Restructuring And Mergern Acquisition": NaN,
        "Net Non Operating Interest Income Expense": NaN,
        "Interest Expense Non Operating": NaN,
        "Interest Income Non Operating": NaN,
        "Operating Income": NaN,
        "Operating Expense": NaN,
        "Other Operating Expenses": NaN,
        "Depreciation Amortization Depletion Income Statement": NaN,
        "Depreciation And Amortization In Income Statement": NaN,
        "Selling General And Administration": NaN,
        "General And Administrative Expense": NaN,
        "Other Gand A": NaN,
        "Gross Profit": NaN,
        "Cost Of Revenue": NaN,
        "Total Revenue": NaN,
        "Operating Revenue": NaN
    },
    "2022-09-30": {
        "Tax Effect Of Unusual Items": -5245901.639344,
        "Tax Rate For Calcs": 0.131148,
        "Normalized EBITDA": 974000000.0,
        "Total Unusual Items": -40000000.0,
        "Total Unusual Items Excluding Goodwill": -40000000.0,
        "Net Income From Continuing Operation Net Minority Interest": 52000000.0,
        "Reconciled Depreciation": 304000000.0,
        "Reconciled Cost Of Revenue": 1325000000.0,
        "EBITDA": 934000000.0,
        "EBIT": 630000000.0,
        "Net Interest Income": -569000000.0,
        "Interest Expense": 569000000.0,
        "Normalized Income": 86754098.360656,
        "Net Income From Continuing And Discontinued Operation": 52000000.0,
        "Total Expenses": 2221000000.0,
        "Total Operating Income As Reported": 659000000.0,
        "Diluted Average Shares": 215000000.0,
        "Basic Average Shares": 214000000.0,
        "Diluted EPS": 0.24,
        "Basic EPS": 0.24,
        "Diluted NI Availto Com Stockholders": 52000000.0,
        "Net Income Common Stockholders": 52000000.0,
        "Net Income": 52000000.0,
        "Minority Interests": -1000000.0,
        "Net Income Including Noncontrolling Interests": 53000000.0,
        "Net Income Discontinuous Operations": 0.0,
        "Net Income Continuous Operations": 53000000.0,
        "Tax Provision": 8000000.0,
        "Pretax Income": 61000000.0,
        "Other Income Expense": -36000000.0,
        "Other Non Operating Income Expenses": 4000000.0,
        "Special Income Charges": -40000000.0,
        "Other Special Charges": 33000000.0,
        "Impairment Of Capital Assets": NaN,
        "Restructuring And Mergern Acquisition": 7000000.0,
        "Net Non Operating Interest Income Expense": -569000000.0,
        "Interest Expense Non Operating": 569000000.0,
        "Operating Income": 666000000.0,
        "Operating Expense": 896000000.0,
        "Other Operating Expenses": 63000000.0,
        "Depreciation Amortization Depletion Income Statement": 304000000.0,
        "Depreciation And Amortization In Income Statement": 304000000.0,
        "Selling General And Administration": 529000000.0,
        "General And Administrative Expense": 529000000.0,
        "Other Gand A": 529000000.0,
        "Gross Profit": 1562000000.0,
        "Cost Of Revenue": 1325000000.0,
        "Total Revenue": 2887000000.0,
        "Operating Revenue": 2560000000.0
    },
    "2022-06-30": {
        "Tax Effect Of Unusual Items": -5600000.0,
        "Tax Rate For Calcs": 0.4,
        "Normalized EBITDA": 967000000.0,
        "Total Unusual Items": -14000000.0,
        "Total Unusual Items Excluding Goodwill": -14000000.0,
        "Net Income From Continuing Operation Net Minority Interest": 34000000.0,
        "Reconciled Depreciation": 306000000.0,
        "Reconciled Cost Of Revenue": 1306000000.0,
        "EBITDA": 953000000.0,
        "EBIT": 647000000.0,
        "Net Interest Income": -559000000.0,
        "Interest Expense": 559000000.0,
        "Normalized Income": 42400000.0,
        "Net Income From Continuing And Discontinued Operation": -123000000.0,
        "Total Expenses": 2205000000.0,
        "Total Operating Income As Reported": 602000000.0,
        "Diluted Average Shares": 215000000.0,
        "Basic Average Shares": 214000000.0,
        "Diluted EPS": -0.57,
        "Basic EPS": -0.57,
        "Diluted NI Availto Com Stockholders": -123000000.0,
        "Net Income Common Stockholders": -123000000.0,
        "Net Income": -123000000.0,
        "Minority Interests": -2000000.0,
        "Net Income Including Noncontrolling Interests": -121000000.0,
        "Net Income Discontinuous Operations": -157000000.0,
        "Net Income Continuous Operations": 36000000.0,
        "Tax Provision": 52000000.0,
        "Pretax Income": 88000000.0,
        "Other Income Expense": 31000000.0,
        "Other Non Operating Income Expenses": 45000000.0,
        "Special Income Charges": -14000000.0,
        "Other Special Charges": NaN,
        "Impairment Of Capital Assets": NaN,
        "Restructuring And Mergern Acquisition": 14000000.0,
        "Net Non Operating Interest Income Expense": -559000000.0,
        "Interest Expense Non Operating": 559000000.0,
        "Operating Income": 616000000.0,
        "Operating Expense": 899000000.0,
        "Depreciation Amortization Depletion Income Statement": 306000000.0,
        "Depreciation And Amortization In Income Statement": 306000000.0,
        "Selling General And Administration": 593000000.0,
        "General And Administrative Expense": 593000000.0,
        "Other Gand A": 593000000.0,
        "Gross Profit": 1515000000.0,
        "Cost Of Revenue": 1306000000.0,
        "Total Revenue": 2821000000.0,
        "Operating Revenue": 2490000000.0
    },
    "2023-06-30": {
        "Tax Effect Of Unusual Items": NaN,
        "Tax Rate For Calcs": NaN,
        "Normalized EBITDA": NaN,
        "Total Unusual Items": NaN,
        "Total Unusual Items Excluding Goodwill": NaN,
        "Net Income From Continuing Operation Net Minority Interest": NaN,
        "Reconciled Depreciation": NaN,
        "Reconciled Cost Of Revenue": NaN,
        "EBITDA": NaN,
        "EBIT": NaN,
        "Net Interest Income": NaN,
        "Interest Expense": NaN,
        "Interest Income": NaN,
        "Normalized Income": NaN,
        "Net Income From Continuing And Discontinued Operation": NaN,
        "Total Expenses": NaN,
        "Total Operating Income As Reported": NaN,
        "Diluted Average Shares": NaN,
        "Basic Average Shares": NaN,
        "Diluted EPS": NaN,
        "Basic EPS": NaN,
        "Diluted NI Availto Com Stockholders": NaN,
        "Net Income Common Stockholders": NaN,
        "Net Income": NaN,
        "Minority Interests": NaN,
        "Net Income Including Noncontrolling Interests": NaN,
        "Net Income Discontinuous Operations": 0.0,
        "Net Income Continuous Operations": NaN,
        "Tax Provision": NaN,
        "Pretax Income": NaN,
        "Other Income Expense": NaN,
        "Other Non Operating Income Expenses": NaN,
        "Special Income Charges": NaN,
        "Other Special Charges": NaN,
        "Write Off": NaN,
        "Impairment Of Capital Assets": 0.0,
        "Restructuring And Mergern Acquisition": NaN,
        "Net Non Operating Interest Income Expense": NaN,
        "Interest Expense Non Operating": NaN,
        "Interest Income Non Operating": NaN,
        "Operating Income": NaN,
        "Operating Expense": NaN,
        "Other Operating Expenses": NaN,
        "Depreciation Amortization Depletion Income Statement": NaN,
        "Depreciation And Amortization In Income Statement": NaN,
        "Selling General And Administration": NaN,
        "General And Administrative Expense": NaN,
        "Other Gand A": NaN,
        "Gross Profit": NaN,
        "Cost Of Revenue": NaN,
        "Total Revenue": NaN,
        "Operating Revenue": NaN
    },
    "2022-03-31": {
        "Diluted EPS": -3.18,
        "Total Revenue": NaN,
        "Gross Profit": 911,
        "Operating Income": -10,
        "EBIT": -10,
        "Net Income": -680
    },
    "2021-12-31": {
        "Diluted EPS": -2.04,
        "Total Revenue": NaN,
        "Gross Profit": NaN,
        "Operating Income": 122,
        "EBIT": 122,
        "Net Income": -434
    },
    "2021-09-30": {
        "Diluted EPS": -1.1,
        "Total Revenue": NaN,
        "Gross Profit": NaN,
        "Operating Income": 532,
        "EBIT": 532,
        "Net Income": -233
    },
    "2021-06-30": {
        "Diluted EPS": 0.34,
        "Total Revenue": NaN,
        "Gross Profit": NaN,
        "Operating Income": 590,
        "EBIT": 590,
        "Net Income": 71
    },
    "2021-03-31": {
        "Diluted EPS": -2.03,
        "Total Revenue": NaN,
        "Gross Profit": NaN,
        "Operating Income": 216,
        "EBIT": 216,
        "Net Income": -423
    },
    "2020-12-31": {
        "Diluted EPS": -3.91,
        "Total Revenue": NaN,
        "Gross Profit": 841,
        "Operating Income": -50,
        "EBIT": -50,
        "Net Income": -555
    },
    "2020-09-30": {
        "Diluted EPS": -6.09,
        "Total Revenue": NaN,
        "Gross Profit": 795,
        "Operating Income": -131,
        "EBIT": -131,
        "Net Income": -926
    },
    "2020-06-30": {
        "Diluted EPS": -1.25,
        "Total Revenue": 127,
        "Gross Profit": 67,
        "Operating Income": -79,
        "EBIT": -79,
        "Net Income": -100
    },
    "2020-03-31": {
        "Diluted EPS": -2.25,
        "Total Revenue": 473,
        "Gross Profit": 219,
        "Operating Income": -123,
        "EBIT": -123,
        "Net Income": -176
    },
    "2019-12-31": {
        "Diluted EPS": -0.17,
        "Total Revenue": 592,
        "Gross Profit": 247,
        "Operating Income": 59,
        "EBIT": 59,
        "Net Income": -13
    },
    "2019-09-30": {
        "Diluted EPS": 0.47,
        "Total Revenue": 663,
        "Gross Profit": 347,
        "Operating Income": 125,
        "EBIT": 125,
        "Net Income": 37
    },
    "2019-06-30": {
        "Diluted EPS": 0.24,
        "Total Revenue": 637,
        "Gross Profit": 349,
        "Operating Income": 103,
        "EBIT": 164,
        "Net Income": 19
    },
    "2019-03-31": {
        "Diluted EPS": 0.49,
        "Total Revenue": 636,
        "Gross Profit": 341,
        "Operating Income": 124,
        "EBIT": 188,
        "Net Income": 38
    },
    "2018-12-31": {
        "Diluted EPS": 0.0,
        "Total Revenue": 672,
        "Gross Profit": 274,
        "Operating Income": 87,
        "EBIT": 149,
        "Net Income": 0
    },
    "2018-09-30": {
        "Diluted EPS": 0.48,
        "Total Revenue": 487,
        "Gross Profit": 248,
        "Operating Income": 92,
        "EBIT": 133,
        "Net Income": 38
    },
    "2018-06-30": {
        "Diluted EPS": 0.47,
        "Total Revenue": 457,
        "Gross Profit": 228,
        "Operating Income": 77,
        "EBIT": 111,
        "Net Income": 37
    },
    "2018-03-31": {
        "Diluted EPS": 0.27,
        "Total Revenue": 440,
        "Gross Profit": 213,
        "Operating Income": 54,
        "EBIT": 97,
        "Net Income": 21
    },
    "2017-12-31": {
        "Diluted EPS": 1.36,
        "Total Revenue": 430,
        "Gross Profit": 204,
        "Operating Income": 30,
        "EBIT": 105,
        "Net Income": 89
    },
    "2017-09-30": {
        "Diluted EPS": 0.38,
        "Total Revenue": 473,
        "Gross Profit": 232,
        "Operating Income": 81,
        "EBIT": 113,
        "Net Income": 30
    },
    "2017-06-30": {
        "Diluted EPS": -0.68,
        "Total Revenue": 376,
        "Gross Profit": 177,
        "Operating Income": -30,
        "EBIT": -3,
        "Net Income": -46
    },
    "2017-03-31": {
        "Diluted EPS": 0.02,
        "Total Revenue": 202,
        "Gross Profit": 86,
        "Operating Income": 14,
        "EBIT": 31,
        "Net Income": 1
    },
    "2016-12-31": {
        "Diluted EPS": 0.01,
        "Total Revenue": 214,
        "Gross Profit": 90,
        "Operating Income": 13,
        "EBIT": 29,
        "Net Income": 1
    },
    "2016-09-30": {
        "Diluted EPS": 0.2,
        "Total Revenue": 242,
        "Gross Profit": 106,
        "Operating Income": 28,
        "EBIT": 45,
        "Net Income": 10
    },
    "2016-06-30": {
        "Diluted EPS": 0.23,
        "Total Revenue": 231,
        "Gross Profit": 99,
        "Operating Income": 30,
        "EBIT": 46,
        "Net Income": 11
    },
    "2016-03-31": {
        "Diluted EPS": 0.07,
        "Total Revenue": 214,
        "Gross Profit": 89,
        "Operating Income": 18,
        "EBIT": 35,
        "Net Income": 3
    },
    "2015-12-31": {
        "Diluted EPS": 2.34,
        "Total Revenue": 186,
        "Gross Profit": 75,
        "Operating Income": 13,
        "EBIT": 29,
        "Net Income": 110
    },
    "2015-09-30": {
        "Diluted EPS": 0.12,
        "Total Revenue": 184,
        "Gross Profit": 75,
        "Operating Income": 24,
        "EBIT": 38,
        "Net Income": 5
    },
    "2015-06-30": {
        "Diluted EPS": 0.1,
        "Total Revenue": 183,
        "Gross Profit": 74,
        "Operating Income": 23,
        "EBIT": 35,
        "Net Income": 5
    },
    "2015-03-31": {
        "Diluted EPS": -0.13,
        "Total Revenue": 167,
        "Gross Profit": 65,
        "Operating Income": 12,
        "EBIT": 24,
        "Net Income": -6
    },
    "2014-12-31": {
        "Diluted EPS": -0.34,
        "Total Revenue": 164,
        "Gross Profit": 61,
        "Operating Income": 6,
        "EBIT": 19,
        "Net Income": -11
    },
    "2014-09-30": {
        "Diluted EPS": -0.16,
        "Total Revenue": 79,
        "Gross Profit": 33,
        "Operating Income": 3,
        "EBIT": 8,
        "Net Income": -4
    },
    "2014-06-30": {
        "Diluted EPS": 0.12,
        "Total Revenue": 62,
        "Gross Profit": 27,
        "Operating Income": 7,
        "EBIT": 11,
        "Net Income": 3
    },
    "2014-03-31": {
        "Diluted EPS": -0.1,
        "Total Revenue": 57,
        "Gross Profit": 24,
        "Operating Income": 2,
        "EBIT": 6,
        "Net Income": -2
    },
    "2013-12-31": {
        "Diluted EPS": 0.0,
        "Total Revenue": NaN,
        "Gross Profit": NaN,
        "Operating Income": NaN,
        "EBIT": NaN,
        "Net Income": NaN
    },
    "2013-09-30": {
        "Diluted EPS": 0.14,
        "Total Revenue": 64,
        "Gross Profit": 28,
        "Operating Income": 7,
        "EBIT": 7,
        "Net Income": 3
    },
    "2013-03-31": {
        "Diluted EPS": 0.0,
        "Total Revenue": 62,
        "Gross Profit": 24,
        "Operating Income": 6,
        "EBIT": 11,
        "Net Income": 2
    },
    "2012-12-31": {
        "Diluted EPS": 0.0,
        "Total Revenue": NaN,
        "Gross Profit": NaN,
        "Operating Income": NaN,
        "EBIT": NaN,
        "Net Income": NaN
    },
    "2011-12-31": {
        "Diluted EPS": 0.0,
        "Total Revenue": NaN,
        "Gross Profit": NaN,
        "Operating Income": NaN,
        "EBIT": NaN,
        "Net Income": NaN
    },
    "2023-09-30": {
        "Tax Effect Of Unusual Items": NaN,
        "Tax Rate For Calcs": NaN,
        "Normalized EBITDA": NaN,
        "Total Unusual Items": NaN,
        "Total Unusual Items Excluding Goodwill": NaN,
        "Net Income From Continuing Operation Net Minority Interest": NaN,
        "Reconciled Depreciation": NaN,
        "Reconciled Cost Of Revenue": NaN,
        "EBITDA": NaN,
        "EBIT": NaN,
        "Net Interest Income": NaN,
        "Interest Expense": NaN,
        "Interest Income": NaN,
        "Normalized Income": NaN,
        "Net Income From Continuing And Discontinued Operation": NaN,
        "Total Expenses": NaN,
        "Total Operating Income As Reported": NaN,
        "Diluted Average Shares": NaN,
        "Basic Average Shares": NaN,
        "Diluted EPS": NaN,
        "Basic EPS": NaN,
        "Diluted NI Availto Com Stockholders": NaN,
        "Net Income Common Stockholders": NaN,
        "Net Income": NaN,
        "Minority Interests": NaN,
        "Net Income Including Noncontrolling Interests": NaN,
        "Net Income Discontinuous Operations": 0.0,
        "Net Income Continuous Operations": NaN,
        "Tax Provision": NaN,
        "Pretax Income": NaN,
        "Other Income Expense": NaN,
        "Other Non Operating Income Expenses": NaN,
        "Special Income Charges": NaN,
        "Other Special Charges": 3000000.0,
        "Write Off": 0.0,
        "Impairment Of Capital Assets": NaN,
        "Restructuring And Mergern Acquisition": NaN,
        "Net Non Operating Interest Income Expense": NaN,
        "Interest Expense Non Operating": NaN,
        "Interest Income Non Operating": NaN,
        "Operating Income": NaN,
        "Operating Expense": NaN,
        "Other Operating Expenses": NaN,
        "Depreciation Amortization Depletion Income Statement": NaN,
        "Depreciation And Amortization In Income Statement": NaN,
        "Selling General And Administration": NaN,
        "General And Administrative Expense": NaN,
        "Other Gand A": NaN,
        "Gross Profit": NaN,
        "Cost Of Revenue": NaN,
        "Total Revenue": NaN,
        "Operating Revenue": NaN
    },
    "2023-12-31": {
        "Tax Effect Of Unusual Items": NaN,
        "Tax Rate For Calcs": NaN,
        "Normalized EBITDA": NaN,
        "Total Unusual Items": NaN,
        "Total Unusual Items Excluding Goodwill": NaN,
        "Net Income From Continuing Operation Net Minority Interest": NaN,
        "Reconciled Depreciation": NaN,
        "Reconciled Cost Of Revenue": NaN,
        "EBITDA": NaN,
        "EBIT": NaN,
        "Net Interest Income": NaN,
        "Interest Expense": NaN,
        "Interest Income": NaN,
        "Normalized Income": NaN,
        "Net Income From Continuing And Discontinued Operation": NaN,
        "Total Expenses": NaN,
        "Total Operating Income As Reported": NaN,
        "Diluted Average Shares": NaN,
        "Basic Average Shares": NaN,
        "Diluted EPS": NaN,
        "Basic EPS": NaN,
        "Diluted NI Availto Com Stockholders": NaN,
        "Net Income Common Stockholders": NaN,
        "Net Income": NaN,
        "Minority Interests": NaN,
        "Net Income Including Noncontrolling Interests": NaN,
        "Net Income Discontinuous Operations": 0.0,
        "Net Income Continuous Operations": NaN,
        "Tax Provision": NaN,
        "Pretax Income": NaN,
        "Other Income Expense": NaN,
        "Other Non Operating Income Expenses": NaN,
        "Special Income Charges": NaN,
        "Other Special Charges": 0.0,
        "Write Off": NaN,
        "Impairment Of Capital Assets": NaN,
        "Restructuring And Mergern Acquisition": NaN,
        "Net Non Operating Interest Income Expense": NaN,
        "Interest Expense Non Operating": NaN,
        "Interest Income Non Operating": NaN,
        "Operating Income": NaN,
        "Operating Expense": NaN,
        "Other Operating Expenses": NaN,
        "Depreciation Amortization Depletion Income Statement": NaN,
        "Depreciation And Amortization In Income Statement": NaN,
        "Selling General And Administration": NaN,
        "General And Administrative Expense": NaN,
        "Other Gand A": NaN,
        "Gross Profit": NaN,
        "Cost Of Revenue": NaN,
        "Total Revenue": NaN,
        "Operating Revenue": NaN
    },
    "2024-03-31": {
        "Tax Effect Of Unusual Items": NaN,
        "Tax Rate For Calcs": NaN,
        "Normalized EBITDA": NaN,
        "Total Unusual Items": NaN,
        "Total Unusual Items Excluding Goodwill": NaN,
        "Net Income From Continuing Operation Net Minority Interest": NaN,
        "Reconciled Depreciation": NaN,
        "Reconciled Cost Of Revenue": NaN,
        "EBITDA": NaN,
        "EBIT": NaN,
        "Net Interest Income": NaN,
        "Interest Expense": NaN,
        "Interest Income": NaN,
        "Normalized Income": NaN,
        "Net Income From Continuing And Discontinued Operation": NaN,
        "Total Expenses": NaN,
        "Total Operating Income As Reported": NaN,
        "Diluted Average Shares": NaN,
        "Basic Average Shares": NaN,
        "Diluted EPS": NaN,
        "Basic EPS": NaN,
        "Diluted NI Availto Com Stockholders": NaN,
        "Net Income Common Stockholders": NaN,
        "Net Income": NaN,
        "Minority Interests": NaN,
        "Net Income Including Noncontrolling Interests": NaN,
        "Net Income Continuous Operations": NaN,
        "Tax Provision": NaN,
        "Pretax Income": NaN,
        "Other Income Expense": NaN,
        "Other Non Operating Income Expenses": NaN,
        "Special Income Charges": NaN,
        "Other Special Charges": 48000000.0,
        "Write Off": NaN,
        "Impairment Of Capital Assets": NaN,
        "Restructuring And Mergern Acquisition": NaN,
        "Net Non Operating Interest Income Expense": NaN,
        "Interest Expense Non Operating": NaN,
        "Interest Income Non Operating": NaN,
        "Operating Income": NaN,
        "Operating Expense": NaN,
        "Other Operating Expenses": NaN,
        "Depreciation Amortization Depletion Income Statement": NaN,
        "Depreciation And Amortization In Income Statement": NaN,
        "Selling General And Administration": NaN,
        "General And Administrative Expense": NaN,
        "Other Gand A": NaN,
        "Gross Profit": NaN,
        "Cost Of Revenue": NaN,
        "Total Revenue": NaN,
        "Operating Revenue": NaN
    },
    "2024-06-30": {
        "Tax Effect Of Unusual Items": -28140000.0,
        "Tax Rate For Calcs": 0.21,
        "Normalized EBITDA": 964000000.0,
        "Total Unusual Items": -134000000.0,
        "Total Unusual Items Excluding Goodwill": -134000000.0,
        "Net Income From Continuing Operation Net Minority Interest": -122000000.0,
        "Reconciled Depreciation": 326000000.0,
        "Reconciled Cost Of Revenue": 1322000000.0,
        "EBITDA": 830000000.0,
        "EBIT": 504000000.0,
        "Net Interest Income": -594000000.0,
        "Interest Expense": 596000000.0,
        "Interest Income": 2000000.0,
        "Normalized Income": -16140000.0,
        "Net Income From Continuing And Discontinued Operation": -122000000.0,
        "Total Expenses": 2193000000.0,
        "Total Operating Income As Reported": 506000000.0,
        "Diluted Average Shares": 216000000.0,
        "Basic Average Shares": 216000000.0,
        "Diluted EPS": -0.56,
        "Basic EPS": -0.56,
        "Diluted NI Availto Com Stockholders": -122000000.0,
        "Net Income Common Stockholders": -122000000.0,
        "Net Income": -122000000.0,
        "Minority Interests": -20000000.0,
        "Net Income Including Noncontrolling Interests": -102000000.0,
        "Net Income Continuous Operations": -102000000.0,
        "Tax Provision": 10000000.0,
        "Pretax Income": -92000000.0,
        "Other Income Expense": -135000000.0,
        "Other Non Operating Income Expenses": -1000000.0,
        "Special Income Charges": -134000000.0,
        "Other Special Charges": 3000000.0,
        "Write Off": NaN,
        "Impairment Of Capital Assets": 118000000.0,
        "Restructuring And Mergern Acquisition": 13000000.0,
        "Net Non Operating Interest Income Expense": -594000000.0,
        "Interest Expense Non Operating": 596000000.0,
        "Interest Income Non Operating": 2000000.0,
        "Operating Income": 637000000.0,
        "Operating Expense": 871000000.0,
        "Other Operating Expenses": 80000000.0,
        "Depreciation Amortization Depletion Income Statement": 326000000.0,
        "Depreciation And Amortization In Income Statement": 326000000.0,
        "Selling General And Administration": 465000000.0,
        "General And Administrative Expense": 465000000.0,
        "Other Gand A": 465000000.0,
        "Gross Profit": 1508000000.0,
        "Cost Of Revenue": 1322000000.0,
        "Total Revenue": 2830000000.0,
        "Operating Revenue": 2506000000.0
    },
    "2024-09-30": {
        "Tax Effect Of Unusual Items": 1050000.0,
        "Tax Rate For Calcs": 0.21,
        "Normalized EBITDA": 971000000.0,
        "Total Unusual Items": 5000000.0,
        "Total Unusual Items Excluding Goodwill": 5000000.0,
        "Net Income From Continuing Operation Net Minority Interest": -9000000.0,
        "Reconciled Depreciation": 326000000.0,
        "Reconciled Cost Of Revenue": 1355000000.0,
        "EBITDA": 976000000.0,
        "EBIT": 650000000.0,
        "Net Interest Income": -596000000.0,
        "Interest Expense": 598000000.0,
        "Interest Income": 2000000.0,
        "Normalized Income": -12950000.0,
        "Net Income From Continuing And Discontinued Operation": -9000000.0,
        "Total Expenses": 2235000000.0,
        "Total Operating Income As Reported": 644000000.0,
        "Diluted Average Shares": 215000000.0,
        "Basic Average Shares": 215000000.0,
        "Diluted EPS": -0.04,
        "Basic EPS": -0.04,
        "Diluted NI Availto Com Stockholders": -9000000.0,
        "Net Income Common Stockholders": -9000000.0,
        "Net Income": -9000000.0,
        "Minority Interests": -18000000.0,
        "Net Income Including Noncontrolling Interests": 9000000.0,
        "Net Income Continuous Operations": 9000000.0,
        "Tax Provision": 43000000.0,
        "Pretax Income": 52000000.0,
        "Other Income Expense": 9000000.0,
        "Other Non Operating Income Expenses": 4000000.0,
        "Special Income Charges": 5000000.0,
        "Other Special Charges": NaN,
        "Write Off": 0.0,
        "Impairment Of Capital Assets": NaN,
        "Restructuring And Mergern Acquisition": -5000000.0,
        "Net Non Operating Interest Income Expense": -596000000.0,
        "Interest Expense Non Operating": 598000000.0,
        "Interest Income Non Operating": 2000000.0,
        "Operating Income": 639000000.0,
        "Operating Expense": 880000000.0,
        "Other Operating Expenses": 76000000.0,
        "Depreciation Amortization Depletion Income Statement": 326000000.0,
        "Depreciation And Amortization In Income Statement": 326000000.0,
        "Selling General And Administration": 478000000.0,
        "General And Administrative Expense": 478000000.0,
        "Other Gand A": 478000000.0,
        "Gross Profit": 1519000000.0,
        "Cost Of Revenue": 1355000000.0,
        "Total Revenue": 2874000000.0,
        "Operating Revenue": 2552000000.0
    },
    "2024-12-31": {
        "Tax Effect Of Unusual Items": 25830000.0,
        "Tax Rate For Calcs": 0.21,
        "Normalized EBITDA": 856000000.0,
        "Total Unusual Items": 123000000.0,
        "Total Unusual Items Excluding Goodwill": 123000000.0,
        "Net Income From Continuing Operation Net Minority Interest": 11000000.0,
        "Reconciled Depreciation": 345000000.0,
        "Reconciled Cost Of Revenue": 1396000000.0,
        "EBITDA": 979000000.0,
        "EBIT": 634000000.0,
        "Net Interest Income": -586000000.0,
        "Interest Expense": 591000000.0,
        "Interest Income": 5000000.0,
        "Normalized Income": -86170000.0,
        "Net Income From Continuing And Discontinued Operation": 11000000.0,
        "Total Expenses": 2291000000.0,
        "Total Operating Income As Reported": 669000000.0,
        "Diluted Average Shares": 213000000.0,
        "Basic Average Shares": 212000000.0,
        "Diluted EPS": 0.05,
        "Basic EPS": 0.05,
        "Diluted NI Availto Com Stockholders": 11000000.0,
        "Net Income Common Stockholders": 11000000.0,
        "Net Income": 11000000.0,
        "Minority Interests": -13000000.0,
        "Net Income Including Noncontrolling Interests": 24000000.0,
        "Net Income Continuous Operations": 24000000.0,
        "Tax Provision": 19000000.0,
        "Pretax Income": 43000000.0,
        "Other Income Expense": 121000000.0,
        "Other Non Operating Income Expenses": -2000000.0,
        "Special Income Charges": 123000000.0,
        "Other Special Charges": 38000000.0,
        "Write Off": 184000000.0,
        "Impairment Of Capital Assets": NaN,
        "Restructuring And Mergern Acquisition": -345000000.0,
        "Net Non Operating Interest Income Expense": -586000000.0,
        "Interest Expense Non Operating": 591000000.0,
        "Interest Income Non Operating": 5000000.0,
        "Operating Income": 508000000.0,
        "Operating Expense": 895000000.0,
        "Other Operating Expenses": 73000000.0,
        "Depreciation Amortization Depletion Income Statement": 345000000.0,
        "Depreciation And Amortization In Income Statement": 345000000.0,
        "Selling General And Administration": 477000000.0,
        "General And Administrative Expense": 477000000.0,
        "Other Gand A": 477000000.0,
        "Gross Profit": 1403000000.0,
        "Cost Of Revenue": 1396000000.0,
        "Total Revenue": 2799000000.0,
        "Operating Revenue": 2491000000.0
    },
    "2025-03-31": {
        "Tax Effect Of Unusual Items": -420000.0,
        "Tax Rate For Calcs": 0.21,
        "Normalized EBITDA": 852000000.0,
        "Total Unusual Items": -2000000.0,
        "Total Unusual Items Excluding Goodwill": -2000000.0,
        "Net Income From Continuing Operation Net Minority Interest": -115000000.0,
        "Reconciled Depreciation": 357000000.0,
        "Reconciled Cost Of Revenue": 1382000000.0,
        "EBITDA": 850000000.0,
        "EBIT": 493000000.0,
        "Net Interest Income": -574000000.0,
        "Interest Expense": 580000000.0,
        "Interest Income": 6000000.0,
        "Normalized Income": -113420000.0,
        "Net Income From Continuing And Discontinued Operation": -115000000.0,
        "Total Expenses": 2304000000.0,
        "Total Operating Income As Reported": 488000000.0,
        "Diluted Average Shares": 212000000.0,
        "Basic Average Shares": 212000000.0,
        "Diluted EPS": -0.54,
        "Basic EPS": -0.54,
        "Diluted NI Availto Com Stockholders": -115000000.0,
        "Net Income Common Stockholders": -115000000.0,
        "Net Income": -115000000.0,
        "Minority Interests": -17000000.0,
        "Net Income Including Noncontrolling Interests": -98000000.0,
        "Net Income Continuous Operations": -98000000.0,
        "Tax Provision": 11000000.0,
        "Pretax Income": -87000000.0,
        "Other Income Expense": -3000000.0,
        "Other Non Operating Income Expenses": -1000000.0,
        "Special Income Charges": -2000000.0,
        "Other Special Charges": NaN,
        "Write Off": NaN,
        "Impairment Of Capital Assets": NaN,
        "Restructuring And Mergern Acquisition": 2000000.0,
        "Net Non Operating Interest Income Expense": -574000000.0,
        "Interest Expense Non Operating": 580000000.0,
        "Interest Income Non Operating": 6000000.0,
        "Operating Income": 490000000.0,
        "Operating Expense": 922000000.0,
        "Other Operating Expenses": 82000000.0,
        "Depreciation Amortization Depletion Income Statement": 357000000.0,
        "Depreciation And Amortization In Income Statement": 357000000.0,
        "Selling General And Administration": 483000000.0,
        "General And Administrative Expense": 483000000.0,
        "Other Gand A": 483000000.0,
        "Gross Profit": 1412000000.0,
        "Cost Of Revenue": 1382000000.0,
        "Total Revenue": 2794000000.0,
        "Operating Revenue": 2511000000.0
    },
    "2025-06-30": {
        "Tax Effect Of Unusual Items": -7140000.0,
        "Tax Rate For Calcs": 0.21,
        "Normalized EBITDA": 932000000.0,
        "Total Unusual Items": -34000000.0,
        "Total Unusual Items Excluding Goodwill": -34000000.0,
        "Net Income From Continuing Operation Net Minority Interest": -82000000.0,
        "Reconciled Depreciation": 364000000.0,
        "Reconciled Cost Of Revenue": 1422000000.0,
        "EBITDA": 898000000.0,
        "EBIT": 534000000.0,
        "Net Interest Income": -579000000.0,
        "Interest Expense": 586000000.0,
        "Interest Income": 7000000.0,
        "Normalized Income": -55140000.0,
        "Net Income From Continuing And Discontinued Operation": -82000000.0,
        "Total Expenses": 2347000000.0,
        "Total Operating Income As Reported": 526000000.0,
        "Diluted Average Shares": 209000000.0,
        "Basic Average Shares": 209000000.0,
        "Diluted EPS": -0.39,
        "Basic EPS": -0.39,
        "Diluted NI Availto Com Stockholders": -82000000.0,
        "Net Income Common Stockholders": -82000000.0,
        "Net Income": -82000000.0,
        "Minority Interests": -17000000.0,
        "Net Income Including Noncontrolling Interests": -65000000.0,
        "Net Income Continuous Operations": -65000000.0,
        "Tax Provision": 13000000.0,
        "Pretax Income": -52000000.0,
        "Other Income Expense": -33000000.0,
        "Other Non Operating Income Expenses": 1000000.0,
        "Special Income Charges": -34000000.0,
        "Other Special Charges": NaN,
        "Write Off": NaN,
        "Impairment Of Capital Assets": 0.0,
        "Restructuring And Mergern Acquisition": 34000000.0,
        "Net Non Operating Interest Income Expense": -579000000.0,
        "Interest Expense Non Operating": 586000000.0,
        "Interest Income Non Operating": 7000000.0,
        "Operating Income": 560000000.0,
        "Operating Expense": 925000000.0,
        "Other Operating Expenses": 84000000.0,
        "Depreciation Amortization Depletion Income Statement": 364000000.0,
        "Depreciation And Amortization In Income Statement": 364000000.0,
        "Selling General And Administration": 477000000.0,
        "General And Administrative Expense": 477000000.0,
        "Other Gand A": 477000000.0,
        "Gross Profit": 1485000000.0,
        "Cost Of Revenue": 1422000000.0,
        "Total Revenue": 2907000000.0,
        "Operating Revenue": 2605000000.0
    }
}