{
    "2023-03-31": {
        "Tax Effect Of Unusual Items": NaN,
        "Tax Rate For Calcs": NaN,
        "Normalized EBITDA": NaN,
        "Total Unusual Items": NaN,
        "Total Unusual Items Excluding Goodwill": NaN,
        "Net Income From Continuing Operation Net Minority Interest": NaN,
        "Reconciled Depreciation": NaN,
        "Reconciled Cost Of Revenue": NaN,
        "EBITDA": NaN,
        "EBIT": NaN,
        "Net Interest Income": NaN,
        "Interest Expense": NaN,
        "Interest Income": NaN,
        "Normalized Income": NaN,
        "Net Income From Continuing And Discontinued Operation": NaN,
        "Total Expenses": NaN,
        "Total Operating Income As Reported": NaN,
        "Diluted Average Shares": NaN,
        "Basic Average Shares": NaN,
        "Diluted EPS": NaN,
        "Basic EPS": NaN,
        "Diluted NI Availto Com Stockholders": NaN,
        "Net Income Common Stockholders": NaN,
        "Net Income": NaN,
        "Net Income Including Noncontrolling Interests": NaN,
        "Net Income Continuous Operations": NaN,
        "Tax Provision": 0.0,
        "Pretax Income": NaN,
        "Other Income Expense": NaN,
        "Other Non Operating Income Expenses": NaN,
        "Special Income Charges": NaN,
        "Gain On Sale Of Ppe": NaN,
        "Other Special Charges": NaN,
        "Earnings From Equity Interest": NaN,
        "Gain On Sale Of Security": NaN,
        "Net Non Operating Interest Income Expense": NaN,
        "Total Other Finance Cost": NaN,
        "Interest Expense Non Operating": NaN,
        "Interest Income Non Operating": NaN,
        "Operating Income": NaN,
        "Operating Expense": NaN,
        "Other Operating Expenses": NaN,
        "Selling General And Administration": NaN,
        "General And Administrative Expense": NaN,
        "Other Gand A": NaN,
        "Gross Profit": NaN,
        "Cost Of Revenue": NaN,
        "Total Revenue": NaN,
        "Operating Revenue": NaN
    },
    "2022-12-31": {
        "Tax Effect Of Unusual Items": NaN,
        "Tax Rate For Calcs": NaN,
        "Normalized EBITDA": NaN,
        "Total Unusual Items": NaN,
        "Total Unusual Items Excluding Goodwill": NaN,
        "Net Income From Continuing Operation Net Minority Interest": NaN,
        "Reconciled Depreciation": NaN,
        "Reconciled Cost Of Revenue": NaN,
        "EBITDA": NaN,
        "EBIT": NaN,
        "Net Interest Income": NaN,
        "Interest Expense": NaN,
        "Interest Income": NaN,
        "Normalized Income": NaN,
        "Net Income From Continuing And Discontinued Operation": NaN,
        "Total Expenses": NaN,
        "Total Operating Income As Reported": NaN,
        "Diluted Average Shares": NaN,
        "Basic Average Shares": NaN,
        "Diluted EPS": NaN,
        "Basic EPS": NaN,
        "Diluted NI Availto Com Stockholders": NaN,
        "Net Income Common Stockholders": NaN,
        "Net Income": NaN,
        "Net Income Including Noncontrolling Interests": NaN,
        "Net Income Continuous Operations": NaN,
        "Tax Provision": 0.0,
        "Pretax Income": NaN,
        "Other Income Expense": NaN,
        "Other Non Operating Income Expenses": NaN,
        "Special Income Charges": NaN,
        "Gain On Sale Of Ppe": NaN,
        "Other Special Charges": 18588000.0,
        "Earnings From Equity Interest": NaN,
        "Gain On Sale Of Security": NaN,
        "Net Non Operating Interest Income Expense": NaN,
        "Total Other Finance Cost": NaN,
        "Interest Expense Non Operating": NaN,
        "Interest Income Non Operating": NaN,
        "Operating Income": NaN,
        "Operating Expense": NaN,
        "Other Operating Expenses": NaN,
        "Selling General And Administration": NaN,
        "General And Administrative Expense": NaN,
        "Other Gand A": NaN,
        "Gross Profit": NaN,
        "Cost Of Revenue": NaN,
        "Total Revenue": NaN,
        "Operating Revenue": NaN
    },
    "2022-09-30": {
        "Tax Effect Of Unusual Items": NaN,
        "Tax Rate For Calcs": NaN,
        "Normalized EBITDA": NaN,
        "Total Unusual Items": NaN,
        "Total Unusual Items Excluding Goodwill": NaN,
        "Net Income From Continuing Operation Net Minority Interest": NaN,
        "Reconciled Depreciation": NaN,
        "Reconciled Cost Of Revenue": NaN,
        "EBITDA": NaN,
        "EBIT": NaN,
        "Net Interest Income": NaN,
        "Interest Expense": NaN,
        "Interest Income": NaN,
        "Normalized Income": NaN,
        "Net Income From Continuing And Discontinued Operation": NaN,
        "Total Expenses": NaN,
        "Total Operating Income As Reported": NaN,
        "Diluted Average Shares": 20318000.0,
        "Basic Average Shares": 20299000.0,
        "Diluted EPS": 3.29,
        "Basic EPS": 3.29,
        "Diluted NI Availto Com Stockholders": NaN,
        "Net Income Common Stockholders": NaN,
        "Net Income": NaN,
        "Net Income Including Noncontrolling Interests": NaN,
        "Net Income Continuous Operations": NaN,
        "Tax Provision": NaN,
        "Pretax Income": NaN,
        "Other Income Expense": NaN,
        "Other Non Operating Income Expenses": NaN,
        "Special Income Charges": NaN,
        "Gain On Sale Of Ppe": NaN,
        "Other Special Charges": NaN,
        "Earnings From Equity Interest": NaN,
        "Gain On Sale Of Security": NaN,
        "Net Non Operating Interest Income Expense": NaN,
        "Total Other Finance Cost": NaN,
        "Interest Expense Non Operating": NaN,
        "Interest Income Non Operating": NaN,
        "Operating Income": NaN,
        "Operating Expense": NaN,
        "Other Operating Expenses": NaN,
        "Selling General And Administration": NaN,
        "General And Administrative Expense": NaN,
        "Other Gand A": NaN,
        "Gross Profit": NaN,
        "Cost Of Revenue": NaN,
        "Total Revenue": NaN,
        "Operating Revenue": NaN
    },
    "2022-06-30": {
        "Tax Effect Of Unusual Items": -28127450.123975,
        "Tax Rate For Calcs": 0.215716,
        "Normalized EBITDA": 174996000.0,
        "Total Unusual Items": -130391000.0,
        "Total Unusual Items Excluding Goodwill": -130391000.0,
        "Net Income From Continuing Operation Net Minority Interest": 8224000.0,
        "Reconciled Depreciation": 18040000.0,
        "Reconciled Cost Of Revenue": 83775000.0,
        "EBITDA": 44605000.0,
        "EBIT": 26565000.0,
        "Net Interest Income": -16295000.0,
        "Interest Expense": 16079000.0,
        "Interest Income": 120000.0,
        "Normalized Income": 110487549.876025,
        "Net Income From Continuing And Discontinued Operation": 8224000.0,
        "Total Expenses": 94113000.0,
        "Total Operating Income As Reported": 156810000.0,
        "Diluted Average Shares": 20708000.0,
        "Basic Average Shares": 20689000.0,
        "Diluted EPS": 0.4,
        "Basic EPS": 0.4,
        "Diluted NI Availto Com Stockholders": 8224000.0,
        "Net Income Common Stockholders": 8224000.0,
        "Net Income": 8224000.0,
        "Net Income Including Noncontrolling Interests": 8224000.0,
        "Net Income Continuous Operations": 8224000.0,
        "Tax Provision": 2262000.0,
        "Pretax Income": 10486000.0,
        "Other Income Expense": -130029000.0,
        "Other Non Operating Income Expenses": 362000.0,
        "Special Income Charges": 22939000.0,
        "Gain On Sale Of Ppe": NaN,
        "Other Special Charges": -22939000.0,
        "Earnings From Equity Interest": 0.0,
        "Gain On Sale Of Security": -153330000.0,
        "Net Non Operating Interest Income Expense": -16295000.0,
        "Total Other Finance Cost": 336000.0,
        "Interest Expense Non Operating": 16079000.0,
        "Interest Income Non Operating": 120000.0,
        "Operating Income": 156810000.0,
        "Operating Expense": 10338000.0,
        "Other Operating Expenses": 3202000.0,
        "Selling General And Administration": 10338000.0,
        "General And Administrative Expense": 10338000.0,
        "Other Gand A": 10338000.0,
        "Gross Profit": 167148000.0,
        "Cost Of Revenue": 83775000.0,
        "Total Revenue": 250923000.0,
        "Operating Revenue": 250923000.0
    },
    "2022-03-31": {
        "Diluted EPS": 16.0,
        "Total Revenue": 230,
        "Gross Profit": 184,
        "Operating Income": 140,
        "EBIT": 164,
        "Net Income": 331
    },
    "2021-12-31": {
        "Diluted EPS": 8.03,
        "Total Revenue": 215,
        "Gross Profit": 171,
        "Operating Income": 116,
        "EBIT": 138,
        "Net Income": 166
    },
    "2021-09-30": {
        "Diluted EPS": 10.55,
        "Total Revenue": 196,
        "Gross Profit": 153,
        "Operating Income": 112,
        "EBIT": 141,
        "Net Income": 217
    },
    "2021-06-30": {
        "Diluted EPS": 18.1,
        "Total Revenue": 146,
        "Gross Profit": 109,
        "Operating Income": 73,
        "EBIT": 108,
        "Net Income": 373
    },
    "2021-03-31": {
        "Diluted EPS": 14.47,
        "Total Revenue": 132,
        "Gross Profit": 97,
        "Operating Income": 58,
        "EBIT": 90,
        "Net Income": 297
    },
    "2020-12-31": {
        "Diluted EPS": 2.0,
        "Total Revenue": 120,
        "Gross Profit": 88,
        "Operating Income": 53,
        "EBIT": 87,
        "Net Income": 43
    },
    "2020-09-30": {
        "Diluted EPS": 1.73,
        "Total Revenue": 119,
        "Gross Profit": 88,
        "Operating Income": 53,
        "EBIT": 87,
        "Net Income": 43
    },
    "2020-06-30": {
        "Diluted EPS": 1.55,
        "Total Revenue": 117,
        "Gross Profit": 85,
        "Operating Income": 51,
        "EBIT": 84,
        "Net Income": 38
    },
    "2020-03-31": {
        "Diluted EPS": 1.17,
        "Total Revenue": 106,
        "Gross Profit": 76,
        "Operating Income": 43,
        "EBIT": 75,
        "Net Income": 29
    },
    "2019-12-31": {
        "Diluted EPS": 1.73,
        "Total Revenue": 110,
        "Gross Profit": 83,
        "Operating Income": 49,
        "EBIT": 75,
        "Net Income": 34
    },
    "2019-09-30": {
        "Diluted EPS": 2.2,
        "Total Revenue": 112,
        "Gross Profit": 84,
        "Operating Income": 51,
        "EBIT": 83,
        "Net Income": 34
    },
    "2019-06-30": {
        "Diluted EPS": 1.97,
        "Total Revenue": 112,
        "Gross Profit": 82,
        "Operating Income": 50,
        "EBIT": 81,
        "Net Income": 30
    },
    "2019-03-31": {
        "Diluted EPS": 2.19,
        "Total Revenue": 113,
        "Gross Profit": 84,
        "Operating Income": 51,
        "EBIT": 83,
        "Net Income": 33
    },
    "2018-12-31": {
        "Diluted EPS": -16.51,
        "Total Revenue": 116,
        "Gross Profit": 87,
        "Operating Income": -161,
        "EBIT": -123,
        "Net Income": -181
    },
    "2018-09-30": {
        "Diluted EPS": 10.76,
        "Total Revenue": 118,
        "Gross Profit": 89,
        "Operating Income": 52,
        "EBIT": 86,
        "Net Income": 127
    },
    "2018-06-30": {
        "Diluted EPS": 0.74,
        "Total Revenue": 113,
        "Gross Profit": 84,
        "Operating Income": 49,
        "EBIT": 81,
        "Net Income": 6
    },
    "2018-03-31": {
        "Diluted EPS": 1.91,
        "Total Revenue": 112,
        "Gross Profit": 82,
        "Operating Income": 48,
        "EBIT": 80,
        "Net Income": 15
    },
    "2017-12-31": {
        "Diluted EPS": 2.94,
        "Total Revenue": 114,
        "Gross Profit": 81,
        "Operating Income": 50,
        "EBIT": 83,
        "Net Income": 23
    },
    "2017-09-30": {
        "Diluted EPS": 2.8,
        "Total Revenue": 114,
        "Gross Profit": 85,
        "Operating Income": 49,
        "EBIT": 83,
        "Net Income": 22
    },
    "2017-06-30": {
        "Diluted EPS": 2.52,
        "Total Revenue": 114,
        "Gross Profit": 83,
        "Operating Income": 47,
        "EBIT": 81,
        "Net Income": 20
    },
    "2017-03-31": {
        "Diluted EPS": 2.38,
        "Total Revenue": 110,
        "Gross Profit": 83,
        "Operating Income": 42,
        "EBIT": 77,
        "Net Income": 18
    },
    "2016-12-31": {
        "Diluted EPS": -57.0,
        "Total Revenue": 112,
        "Gross Profit": 82,
        "Operating Income": -373,
        "EBIT": -327,
        "Net Income": -447
    },
    "2016-09-30": {
        "Diluted EPS": -1.12,
        "Total Revenue": 112,
        "Gross Profit": 82,
        "Operating Income": 26,
        "EBIT": 65,
        "Net Income": -8
    },
    "2016-06-30": {
        "Diluted EPS": 5.74,
        "Total Revenue": 137,
        "Gross Profit": 106,
        "Operating Income": 67,
        "EBIT": 105,
        "Net Income": 45
    },
    "2016-03-31": {
        "Diluted EPS": 5.6,
        "Total Revenue": 137,
        "Gross Profit": 105,
        "Operating Income": 67,
        "EBIT": 104,
        "Net Income": 44
    },
    "2015-12-31": {
        "Diluted EPS": 0.84,
        "Total Revenue": 143,
        "Gross Profit": 113,
        "Operating Income": 32,
        "EBIT": 70,
        "Net Income": 7
    },
    "2015-09-30": {
        "Diluted EPS": 5.32,
        "Total Revenue": 145,
        "Gross Profit": 113,
        "Operating Income": 74,
        "EBIT": 112,
        "Net Income": 42
    },
    "2015-06-30": {
        "Diluted EPS": 4.9,
        "Total Revenue": 141,
        "Gross Profit": 109,
        "Operating Income": 70,
        "EBIT": 108,
        "Net Income": 38
    },
    "2015-03-31": {
        "Diluted EPS": 3.92,
        "Total Revenue": 139,
        "Gross Profit": 108,
        "Operating Income": 69,
        "EBIT": 108,
        "Net Income": 30
    },
    "2014-12-31": {
        "Diluted EPS": -6.58,
        "Total Revenue": 141,
        "Gross Profit": 110,
        "Operating Income": -8,
        "EBIT": 33,
        "Net Income": -51
    },
    "2014-09-30": {
        "Diluted EPS": 2.8,
        "Total Revenue": 139,
        "Gross Profit": 110,
        "Operating Income": 69,
        "EBIT": 109,
        "Net Income": 22
    },
    "2014-06-30": {
        "Diluted EPS": 2.1,
        "Total Revenue": 136,
        "Gross Profit": 104,
        "Operating Income": 69,
        "EBIT": 109,
        "Net Income": 17
    },
    "2014-03-31": {
        "Diluted EPS": 1.12,
        "Total Revenue": 135,
        "Gross Profit": 102,
        "Operating Income": 62,
        "EBIT": 102,
        "Net Income": 8
    },
    "2013-12-31": {
        "Diluted EPS": -0.56,
        "Total Revenue": 147,
        "Gross Profit": 114,
        "Operating Income": 54,
        "EBIT": 94,
        "Net Income": -4
    },
    "2013-09-30": {
        "Diluted EPS": 1.12,
        "Total Revenue": 148,
        "Gross Profit": 115,
        "Operating Income": 74,
        "EBIT": 115,
        "Net Income": 9
    },
    "2013-06-30": {
        "Diluted EPS": 2.52,
        "Total Revenue": 147,
        "Gross Profit": 112,
        "Operating Income": 72,
        "EBIT": 112,
        "Net Income": 20
    },
    "2013-03-31": {
        "Diluted EPS": 1.68,
        "Total Revenue": 146,
        "Gross Profit": 114,
        "Operating Income": 73,
        "EBIT": 114,
        "Net Income": 13
    },
    "2012-12-31": {
        "Diluted EPS": -14.99,
        "Total Revenue": 152,
        "Gross Profit": 118,
        "Operating Income": -57,
        "EBIT": -12,
        "Net Income": -116
    },
    "2012-09-30": {
        "Diluted EPS": -0.84,
        "Total Revenue": 156,
        "Gross Profit": 121,
        "Operating Income": 76,
        "EBIT": 121,
        "Net Income": -7
    },
    "2012-06-30": {
        "Diluted EPS": 1.12,
        "Total Revenue": 147,
        "Gross Profit": 112,
        "Operating Income": 71,
        "EBIT": 112,
        "Net Income": 9
    },
    "2012-03-31": {
        "Diluted EPS": 1.26,
        "Total Revenue": 134,
        "Gross Profit": 101,
        "Operating Income": 64,
        "EBIT": 100,
        "Net Income": 9
    },
    "2011-12-31": {
        "Diluted EPS": 1.12,
        "Total Revenue": 128,
        "Gross Profit": 94,
        "Operating Income": 56,
        "EBIT": 90,
        "Net Income": 9
    },
    "2011-09-30": {
        "Diluted EPS": -0.14,
        "Total Revenue": 126,
        "Gross Profit": 91,
        "Operating Income": 57,
        "EBIT": 90,
        "Net Income": -1
    },
    "2011-06-30": {
        "Diluted EPS": 0.0,
        "Total Revenue": 115,
        "Gross Profit": 83,
        "Operating Income": 51,
        "EBIT": 81,
        "Net Income": 0
    },
    "2011-03-31": {
        "Diluted EPS": 0.7,
        "Total Revenue": 99,
        "Gross Profit": 70,
        "Operating Income": 42,
        "EBIT": 67,
        "Net Income": 5
    },
    "2010-12-31": {
        "Diluted EPS": 5.04,
        "Total Revenue": 100,
        "Gross Profit": 70,
        "Operating Income": 40,
        "EBIT": 64,
        "Net Income": -9
    },
    "2010-09-30": {
        "Diluted EPS": 0.14,
        "Total Revenue": 95,
        "Gross Profit": 68,
        "Operating Income": 39,
        "EBIT": 64,
        "Net Income": 1
    },
    "2010-06-30": {
        "Diluted EPS": -3.78,
        "Total Revenue": 85,
        "Gross Profit": 64,
        "Operating Income": 39,
        "EBIT": 59,
        "Net Income": -15
    },
    "2010-03-31": {
        "Diluted EPS": -20.45,
        "Total Revenue": 80,
        "Gross Profit": 61,
        "Operating Income": -32,
        "EBIT": -14,
        "Net Income": -80
    },
    "2009-12-31": {
        "Diluted EPS": -4.2,
        "Total Revenue": 85,
        "Gross Profit": 60,
        "Operating Income": 38,
        "EBIT": 56,
        "Net Income": -16
    },
    "2009-09-30": {
        "Diluted EPS": 4.2,
        "Total Revenue": 80,
        "Gross Profit": 55,
        "Operating Income": 34,
        "EBIT": 52,
        "Net Income": 16
    },
    "2009-06-30": {
        "Diluted EPS": 4.06,
        "Total Revenue": 79,
        "Gross Profit": 53,
        "Operating Income": 33,
        "EBIT": 50,
        "Net Income": 16
    },
    "2009-03-31": {
        "Diluted EPS": 5.18,
        "Total Revenue": 75,
        "Gross Profit": 51,
        "Operating Income": 32,
        "EBIT": 48,
        "Net Income": 20
    },
    "2023-06-30": {
        "Tax Effect Of Unusual Items": NaN,
        "Tax Rate For Calcs": NaN,
        "Normalized EBITDA": NaN,
        "Total Unusual Items": NaN,
        "Total Unusual Items Excluding Goodwill": NaN,
        "Net Income From Continuing Operation Net Minority Interest": NaN,
        "Reconciled Depreciation": NaN,
        "Reconciled Cost Of Revenue": NaN,
        "EBITDA": NaN,
        "EBIT": NaN,
        "Net Interest Income": NaN,
        "Interest Expense": NaN,
        "Interest Income": NaN,
        "Normalized Income": NaN,
        "Net Income From Continuing And Discontinued Operation": NaN,
        "Total Expenses": NaN,
        "Total Operating Income As Reported": NaN,
        "Diluted Average Shares": 20081000.0,
        "Basic Average Shares": 20081000.0,
        "Diluted EPS": 7.32,
        "Basic EPS": 7.32,
        "Diluted NI Availto Com Stockholders": NaN,
        "Net Income Common Stockholders": NaN,
        "Net Income": NaN,
        "Net Income Including Noncontrolling Interests": NaN,
        "Net Income Continuous Operations": NaN,
        "Tax Provision": 0.0,
        "Pretax Income": NaN,
        "Other Income Expense": NaN,
        "Other Non Operating Income Expenses": NaN,
        "Special Income Charges": NaN,
        "Gain On Sale Of Ppe": NaN,
        "Other Special Charges": 2254000.0,
        "Earnings From Equity Interest": NaN,
        "Gain On Sale Of Security": NaN,
        "Net Non Operating Interest Income Expense": NaN,
        "Total Other Finance Cost": NaN,
        "Interest Expense Non Operating": NaN,
        "Interest Income Non Operating": NaN,
        "Operating Income": NaN,
        "Operating Expense": NaN,
        "Other Operating Expenses": NaN,
        "Selling General And Administration": NaN,
        "General And Administrative Expense": NaN,
        "Other Gand A": NaN,
        "Gross Profit": NaN,
        "Cost Of Revenue": NaN,
        "Total Revenue": NaN,
        "Operating Revenue": NaN
    },
    "2023-09-30": {
        "Tax Effect Of Unusual Items": NaN,
        "Tax Rate For Calcs": NaN,
        "Normalized EBITDA": NaN,
        "Total Unusual Items": NaN,
        "Total Unusual Items Excluding Goodwill": NaN,
        "Net Income From Continuing Operation Net Minority Interest": NaN,
        "Reconciled Depreciation": NaN,
        "Reconciled Cost Of Revenue": NaN,
        "EBITDA": NaN,
        "EBIT": NaN,
        "Net Interest Income": NaN,
        "Interest Expense": NaN,
        "Interest Income": NaN,
        "Normalized Income": NaN,
        "Net Income From Continuing And Discontinued Operation": NaN,
        "Total Expenses": NaN,
        "Total Operating Income As Reported": NaN,
        "Diluted Average Shares": 19693000.0,
        "Basic Average Shares": 19693000.0,
        "Diluted EPS": 6.76,
        "Basic EPS": 6.76,
        "Diluted NI Availto Com Stockholders": NaN,
        "Net Income Common Stockholders": NaN,
        "Net Income": NaN,
        "Net Income Including Noncontrolling Interests": NaN,
        "Net Income Continuous Operations": NaN,
        "Tax Provision": 0.0,
        "Pretax Income": NaN,
        "Other Income Expense": NaN,
        "Other Non Operating Income Expenses": NaN,
        "Special Income Charges": NaN,
        "Gain On Sale Of Ppe": NaN,
        "Other Special Charges": NaN,
        "Earnings From Equity Interest": NaN,
        "Gain On Sale Of Security": NaN,
        "Net Non Operating Interest Income Expense": NaN,
        "Total Other Finance Cost": NaN,
        "Interest Expense Non Operating": NaN,
        "Interest Income Non Operating": NaN,
        "Operating Income": NaN,
        "Operating Expense": NaN,
        "Other Operating Expenses": NaN,
        "Selling General And Administration": NaN,
        "General And Administrative Expense": NaN,
        "Other Gand A": NaN,
        "Gross Profit": NaN,
        "Cost Of Revenue": NaN,
        "Total Revenue": NaN,
        "Operating Revenue": NaN
    },
    "2023-12-31": {
        "Tax Effect Of Unusual Items": NaN,
        "Tax Rate For Calcs": NaN,
        "Normalized EBITDA": NaN,
        "Total Unusual Items": NaN,
        "Total Unusual Items Excluding Goodwill": NaN,
        "Net Income From Continuing Operation Net Minority Interest": NaN,
        "Reconciled Depreciation": NaN,
        "Reconciled Cost Of Revenue": NaN,
        "EBITDA": NaN,
        "EBIT": NaN,
        "Net Interest Income": NaN,
        "Interest Expense": NaN,
        "Interest Income": NaN,
        "Normalized Income": NaN,
        "Net Income From Continuing And Discontinued Operation": NaN,
        "Total Expenses": NaN,
        "Total Operating Income As Reported": NaN,
        "Diluted Average Shares": NaN,
        "Basic Average Shares": NaN,
        "Diluted EPS": NaN,
        "Basic EPS": NaN,
        "Diluted NI Availto Com Stockholders": NaN,
        "Net Income Common Stockholders": NaN,
        "Net Income": NaN,
        "Net Income Including Noncontrolling Interests": NaN,
        "Net Income Continuous Operations": NaN,
        "Tax Provision": 0.0,
        "Pretax Income": NaN,
        "Other Income Expense": NaN,
        "Other Non Operating Income Expenses": NaN,
        "Special Income Charges": NaN,
        "Gain On Sale Of Ppe": NaN,
        "Other Special Charges": 0.0,
        "Earnings From Equity Interest": NaN,
        "Gain On Sale Of Security": NaN,
        "Net Non Operating Interest Income Expense": NaN,
        "Total Other Finance Cost": NaN,
        "Interest Expense Non Operating": NaN,
        "Interest Income Non Operating": NaN,
        "Operating Income": NaN,
        "Operating Expense": NaN,
        "Other Operating Expenses": NaN,
        "Selling General And Administration": NaN,
        "General And Administrative Expense": NaN,
        "Other Gand A": NaN,
        "Gross Profit": NaN,
        "Cost Of Revenue": NaN,
        "Total Revenue": NaN,
        "Operating Revenue": NaN
    },
    "2024-03-31": {
        "Tax Effect Of Unusual Items": NaN,
        "Tax Rate For Calcs": NaN,
        "Normalized EBITDA": NaN,
        "Total Unusual Items": NaN,
        "Total Unusual Items Excluding Goodwill": NaN,
        "Net Income From Continuing Operation Net Minority Interest": NaN,
        "Reconciled Depreciation": NaN,
        "Reconciled Cost Of Revenue": NaN,
        "EBITDA": NaN,
        "EBIT": NaN,
        "Net Interest Income": NaN,
        "Interest Expense": NaN,
        "Interest Income": NaN,
        "Normalized Income": NaN,
        "Net Income From Continuing And Discontinued Operation": NaN,
        "Total Expenses": NaN,
        "Total Operating Income As Reported": NaN,
        "Diluted Average Shares": 19584000.0,
        "Basic Average Shares": 19412000.0,
        "Diluted EPS": 7.68,
        "Basic EPS": 7.75,
        "Diluted NI Availto Com Stockholders": NaN,
        "Net Income Common Stockholders": NaN,
        "Net Income": NaN,
        "Net Income Including Noncontrolling Interests": NaN,
        "Net Income Continuous Operations": NaN,
        "Tax Provision": NaN,
        "Pretax Income": NaN,
        "Other Income Expense": NaN,
        "Other Non Operating Income Expenses": NaN,
        "Special Income Charges": 0.0,
        "Gain On Sale Of Ppe": 0.0,
        "Other Special Charges": NaN,
        "Earnings From Equity Interest": NaN,
        "Gain On Sale Of Security": NaN,
        "Net Non Operating Interest Income Expense": NaN,
        "Total Other Finance Cost": NaN,
        "Interest Expense Non Operating": NaN,
        "Interest Income Non Operating": NaN,
        "Operating Income": NaN,
        "Operating Expense": NaN,
        "Other Operating Expenses": NaN,
        "Selling General And Administration": NaN,
        "General And Administrative Expense": NaN,
        "Other Gand A": NaN,
        "Gross Profit": NaN,
        "Cost Of Revenue": NaN,
        "Total Revenue": NaN,
        "Operating Revenue": NaN
    },
    "2024-06-30": {
        "Tax Effect Of Unusual Items": 3440100.0,
        "Tax Rate For Calcs": 0.3,
        "Normalized EBITDA": 169135000.0,
        "Total Unusual Items": 11467000.0,
        "Total Unusual Items Excluding Goodwill": 11467000.0,
        "Net Income From Continuing Operation Net Minority Interest": 141152000.0,
        "Reconciled Depreciation": 34344000.0,
        "Reconciled Cost Of Revenue": 95148000.0,
        "EBITDA": 180602000.0,
        "EBIT": 146258000.0,
        "Net Interest Income": -3051000.0,
        "Interest Expense": 5106000.0,
        "Interest Income": 2923000.0,
        "Normalized Income": 133125100.0,
        "Net Income From Continuing And Discontinued Operation": 141152000.0,
        "Total Expenses": 113417000.0,
        "Total Operating Income As Reported": 139983000.0,
        "Diluted Average Shares": 19520000.0,
        "Basic Average Shares": 19348000.0,
        "Diluted EPS": 7.23,
        "Basic EPS": 7.3,
        "Diluted NI Availto Com Stockholders": 141152000.0,
        "Net Income Common Stockholders": 141152000.0,
        "Net Income": 141152000.0,
        "Net Income Including Noncontrolling Interests": 141152000.0,
        "Net Income Continuous Operations": 141152000.0,
        "Tax Provision": NaN,
        "Pretax Income": 141152000.0,
        "Other Income Expense": 11314000.0,
        "Other Non Operating Income Expenses": -56000.0,
        "Special Income Charges": 7094000.0,
        "Gain On Sale Of Ppe": 7094000.0,
        "Other Special Charges": NaN,
        "Earnings From Equity Interest": -97000.0,
        "Gain On Sale Of Security": 4373000.0,
        "Net Non Operating Interest Income Expense": -3051000.0,
        "Total Other Finance Cost": 868000.0,
        "Interest Expense Non Operating": 5106000.0,
        "Interest Income Non Operating": 2923000.0,
        "Operating Income": 132889000.0,
        "Operating Expense": 18269000.0,
        "Other Operating Expenses": 6972000.0,
        "Selling General And Administration": 11297000.0,
        "General And Administrative Expense": 11297000.0,
        "Other Gand A": 11297000.0,
        "Gross Profit": 151158000.0,
        "Cost Of Revenue": 95148000.0,
        "Total Revenue": 246306000.0,
        "Operating Revenue": 246306000.0
    },
    "2024-09-30": {
        "Tax Effect Of Unusual Items": -394500.0,
        "Tax Rate For Calcs": 0.3,
        "Normalized EBITDA": 171050000.0,
        "Total Unusual Items": -1315000.0,
        "Total Unusual Items Excluding Goodwill": -1315000.0,
        "Net Income From Continuing Operation Net Minority Interest": 122996000.0,
        "Reconciled Depreciation": 38726000.0,
        "Reconciled Cost Of Revenue": 105591000.0,
        "EBITDA": 169735000.0,
        "EBIT": 131009000.0,
        "Net Interest Income": -5833000.0,
        "Interest Expense": 8013000.0,
        "Interest Income": 3124000.0,
        "Normalized Income": 123916500.0,
        "Net Income From Continuing And Discontinued Operation": 122996000.0,
        "Total Expenses": 124054000.0,
        "Total Operating Income As Reported": 131679000.0,
        "Diluted Average Shares": 19517000.0,
        "Basic Average Shares": 19345000.0,
        "Diluted EPS": 6.3,
        "Basic EPS": 6.36,
        "Diluted NI Availto Com Stockholders": 122996000.0,
        "Net Income Common Stockholders": 122996000.0,
        "Net Income": 122996000.0,
        "Net Income Including Noncontrolling Interests": 122996000.0,
        "Net Income Continuous Operations": 122996000.0,
        "Tax Provision": NaN,
        "Pretax Income": 122996000.0,
        "Other Income Expense": -3293000.0,
        "Other Non Operating Income Expenses": -746000.0,
        "Special Income Charges": -443000.0,
        "Gain On Sale Of Ppe": -443000.0,
        "Other Special Charges": NaN,
        "Earnings From Equity Interest": -1232000.0,
        "Gain On Sale Of Security": -872000.0,
        "Net Non Operating Interest Income Expense": -5833000.0,
        "Total Other Finance Cost": 944000.0,
        "Interest Expense Non Operating": 8013000.0,
        "Interest Income Non Operating": 3124000.0,
        "Operating Income": 132122000.0,
        "Operating Expense": 18463000.0,
        "Other Operating Expenses": 7485000.0,
        "Selling General And Administration": 10978000.0,
        "General And Administrative Expense": 10978000.0,
        "Other Gand A": 10978000.0,
        "Gross Profit": 150585000.0,
        "Cost Of Revenue": 105591000.0,
        "Total Revenue": 256176000.0,
        "Operating Revenue": 256176000.0
    },
    "2024-12-31": {
        "Tax Effect Of Unusual Items": -9708900.0,
        "Tax Rate For Calcs": 0.3,
        "Normalized EBITDA": 173107000.0,
        "Total Unusual Items": -32363000.0,
        "Total Unusual Items Excluding Goodwill": -32363000.0,
        "Net Income From Continuing Operation Net Minority Interest": 90427000.0,
        "Reconciled Depreciation": 40375000.0,
        "Reconciled Cost Of Revenue": 100111000.0,
        "EBITDA": 140744000.0,
        "EBIT": 100369000.0,
        "Net Interest Income": -6934000.0,
        "Interest Expense": 9942000.0,
        "Interest Income": 3907000.0,
        "Normalized Income": 113081100.0,
        "Net Income From Continuing And Discontinued Operation": 90427000.0,
        "Total Expenses": 131072000.0,
        "Total Operating Income As Reported": 128788000.0,
        "Diluted Average Shares": NaN,
        "Basic Average Shares": NaN,
        "Diluted EPS": NaN,
        "Basic EPS": NaN,
        "Diluted NI Availto Com Stockholders": 90427000.0,
        "Net Income Common Stockholders": 90427000.0,
        "Net Income": 90427000.0,
        "Net Income Including Noncontrolling Interests": 90427000.0,
        "Net Income Continuous Operations": 90427000.0,
        "Tax Provision": NaN,
        "Pretax Income": 90427000.0,
        "Other Income Expense": -29746000.0,
        "Other Non Operating Income Expenses": 2808000.0,
        "Special Income Charges": 1681000.0,
        "Gain On Sale Of Ppe": 1681000.0,
        "Other Special Charges": NaN,
        "Earnings From Equity Interest": -191000.0,
        "Gain On Sale Of Security": -34044000.0,
        "Net Non Operating Interest Income Expense": -6934000.0,
        "Total Other Finance Cost": 899000.0,
        "Interest Expense Non Operating": 9942000.0,
        "Interest Income Non Operating": 3907000.0,
        "Operating Income": 127107000.0,
        "Operating Expense": 30961000.0,
        "Other Operating Expenses": 9252000.0,
        "Selling General And Administration": 21709000.0,
        "General And Administrative Expense": 21709000.0,
        "Other Gand A": 21709000.0,
        "Gross Profit": 158068000.0,
        "Cost Of Revenue": 100111000.0,
        "Total Revenue": 258179000.0,
        "Operating Revenue": 258179000.0
    },
    "2025-03-31": {
        "Tax Effect Of Unusual Items": 586800.0,
        "Tax Rate For Calcs": 0.3,
        "Normalized EBITDA": 163222000.0,
        "Total Unusual Items": 1956000.0,
        "Total Unusual Items Excluding Goodwill": 1956000.0,
        "Net Income From Continuing Operation Net Minority Interest": 115147000.0,
        "Reconciled Depreciation": 40028000.0,
        "Reconciled Cost Of Revenue": 109865000.0,
        "EBITDA": 165178000.0,
        "EBIT": 125150000.0,
        "Net Interest Income": -7385000.0,
        "Interest Expense": 10003000.0,
        "Interest Income": 3605000.0,
        "Normalized Income": 113777800.0,
        "Net Income From Continuing And Discontinued Operation": 115147000.0,
        "Total Expenses": 133057000.0,
        "Total Operating Income As Reported": 120250000.0,
        "Diluted Average Shares": 18781000.0,
        "Basic Average Shares": 18750000.0,
        "Diluted EPS": 6.13,
        "Basic EPS": 6.14,
        "Diluted NI Availto Com Stockholders": 115147000.0,
        "Net Income Common Stockholders": 115147000.0,
        "Net Income": 115147000.0,
        "Net Income Including Noncontrolling Interests": 115147000.0,
        "Net Income Continuous Operations": 115147000.0,
        "Tax Provision": NaN,
        "Pretax Income": 115147000.0,
        "Other Income Expense": 2282000.0,
        "Other Non Operating Income Expenses": 558000.0,
        "Special Income Charges": NaN,
        "Gain On Sale Of Ppe": NaN,
        "Other Special Charges": NaN,
        "Earnings From Equity Interest": -232000.0,
        "Gain On Sale Of Security": 1956000.0,
        "Net Non Operating Interest Income Expense": -7385000.0,
        "Total Other Finance Cost": 987000.0,
        "Interest Expense Non Operating": 10003000.0,
        "Interest Income Non Operating": 3605000.0,
        "Operating Income": 120250000.0,
        "Operating Expense": 23192000.0,
        "Other Operating Expenses": 10970000.0,
        "Selling General And Administration": 12222000.0,
        "General And Administrative Expense": 12222000.0,
        "Other Gand A": 12222000.0,
        "Gross Profit": 143442000.0,
        "Cost Of Revenue": 109865000.0,
        "Total Revenue": 253307000.0,
        "Operating Revenue": 253307000.0
    },
    "2025-06-30": {
        "Tax Effect Of Unusual Items": 4243200.0,
        "Tax Rate For Calcs": 0.3,
        "Normalized EBITDA": 167169000.0,
        "Total Unusual Items": 14144000.0,
        "Total Unusual Items Excluding Goodwill": 14144000.0,
        "Net Income From Continuing Operation Net Minority Interest": 130904000.0,
        "Reconciled Depreciation": 40698000.0,
        "Reconciled Cost Of Revenue": 113893000.0,
        "EBITDA": 181313000.0,
        "EBIT": 140615000.0,
        "Net Interest Income": -7023000.0,
        "Interest Expense": 9711000.0,
        "Interest Income": 3661000.0,
        "Normalized Income": 121003200.0,
        "Net Income From Continuing And Discontinued Operation": 130904000.0,
        "Total Expenses": 136614000.0,
        "Total Operating Income As Reported": 125540000.0,
        "Diluted Average Shares": 18396000.0,
        "Basic Average Shares": 18344000.0,
        "Diluted EPS": 7.12,
        "Basic EPS": 7.14,
        "Diluted NI Availto Com Stockholders": 130904000.0,
        "Net Income Common Stockholders": 130904000.0,
        "Net Income": 130904000.0,
        "Net Income Including Noncontrolling Interests": 130904000.0,
        "Net Income Continuous Operations": 130904000.0,
        "Tax Provision": NaN,
        "Pretax Income": 130904000.0,
        "Other Income Expense": 12387000.0,
        "Other Non Operating Income Expenses": -1424000.0,
        "Special Income Charges": 0.0,
        "Gain On Sale Of Ppe": 0.0,
        "Other Special Charges": NaN,
        "Earnings From Equity Interest": -333000.0,
        "Gain On Sale Of Security": 14144000.0,
        "Net Non Operating Interest Income Expense": -7023000.0,
        "Total Other Finance Cost": 973000.0,
        "Interest Expense Non Operating": 9711000.0,
        "Interest Income Non Operating": 3661000.0,
        "Operating Income": 125540000.0,
        "Operating Expense": 22721000.0,
        "Other Operating Expenses": 11515000.0,
        "Selling General And Administration": 11206000.0,
        "General And Administrative Expense": 11206000.0,
        "Other Gand A": 11206000.0,
        "Gross Profit": 148261000.0,
        "Cost Of Revenue": 113893000.0,
        "Total Revenue": 262154000.0,
        "Operating Revenue": 262154000.0
    }
}