{
    "2023-04-30": {
        "Tax Effect Of Unusual Items": NaN,
        "Tax Rate For Calcs": NaN,
        "Normalized EBITDA": NaN,
        "Total Unusual Items": NaN,
        "Total Unusual Items Excluding Goodwill": NaN,
        "Net Income From Continuing Operation Net Minority Interest": NaN,
        "Reconciled Depreciation": NaN,
        "Reconciled Cost Of Revenue": NaN,
        "EBITDA": NaN,
        "EBIT": NaN,
        "Net Interest Income": NaN,
        "Interest Expense": NaN,
        "Interest Income": NaN,
        "Normalized Income": NaN,
        "Net Income From Continuing And Discontinued Operation": NaN,
        "Total Expenses": NaN,
        "Total Operating Income As Reported": NaN,
        "Diluted Average Shares": NaN,
        "Basic Average Shares": NaN,
        "Diluted EPS": NaN,
        "Basic EPS": NaN,
        "Diluted NI Availto Com Stockholders": NaN,
        "Average Dilution Earnings": NaN,
        "Net Income Common Stockholders": NaN,
        "Net Income": NaN,
        "Net Income Including Noncontrolling Interests": NaN,
        "Net Income Continuous Operations": NaN,
        "Tax Provision": NaN,
        "Pretax Income": NaN,
        "Other Income Expense": NaN,
        "Other Non Operating Income Expenses": NaN,
        "Special Income Charges": -4473000.0,
        "Impairment Of Capital Assets": 0.0,
        "Gain On Sale Of Security": NaN,
        "Net Non Operating Interest Income Expense": NaN,
        "Total Other Finance Cost": 199000.0,
        "Interest Expense Non Operating": NaN,
        "Interest Income Non Operating": NaN,
        "Operating Income": NaN,
        "Operating Expense": NaN,
        "Research And Development": NaN,
        "Selling General And Administration": NaN,
        "Selling And Marketing Expense": NaN,
        "General And Administrative Expense": NaN,
        "Other Gand A": NaN,
        "Gross Profit": NaN,
        "Cost Of Revenue": NaN,
        "Total Revenue": NaN,
        "Operating Revenue": NaN
    },
    "2023-01-31": {
        "Tax Effect Of Unusual Items": NaN,
        "Tax Rate For Calcs": NaN,
        "Normalized EBITDA": NaN,
        "Total Unusual Items": -4576000.0,
        "Total Unusual Items Excluding Goodwill": -4576000.0,
        "Net Income From Continuing Operation Net Minority Interest": NaN,
        "Reconciled Depreciation": NaN,
        "Reconciled Cost Of Revenue": NaN,
        "EBITDA": NaN,
        "EBIT": NaN,
        "Net Interest Income": NaN,
        "Interest Expense": 398000.0,
        "Normalized Income": NaN,
        "Net Income From Continuing And Discontinued Operation": NaN,
        "Total Expenses": NaN,
        "Total Operating Income As Reported": NaN,
        "Diluted Average Shares": NaN,
        "Basic Average Shares": NaN,
        "Diluted EPS": NaN,
        "Basic EPS": NaN,
        "Diluted NI Availto Com Stockholders": NaN,
        "Average Dilution Earnings": 0.0,
        "Net Income Common Stockholders": NaN,
        "Net Income": NaN,
        "Net Income Including Noncontrolling Interests": NaN,
        "Net Income Continuous Operations": NaN,
        "Tax Provision": NaN,
        "Pretax Income": NaN,
        "Other Income Expense": NaN,
        "Other Non Operating Income Expenses": NaN,
        "Special Income Charges": -4576000.0,
        "Impairment Of Capital Assets": 4576000.0,
        "Net Non Operating Interest Income Expense": NaN,
        "Total Other Finance Cost": 398000.0,
        "Interest Expense Non Operating": 398000.0,
        "Operating Income": NaN,
        "Operating Expense": NaN,
        "Research And Development": NaN,
        "Selling General And Administration": NaN,
        "Selling And Marketing Expense": NaN,
        "General And Administrative Expense": NaN,
        "Other Gand A": NaN,
        "Gross Profit": NaN,
        "Cost Of Revenue": NaN,
        "Total Revenue": NaN,
        "Operating Revenue": NaN
    },
    "2022-10-31": {
        "Tax Effect Of Unusual Items": NaN,
        "Tax Rate For Calcs": NaN,
        "Normalized EBITDA": NaN,
        "Total Unusual Items": NaN,
        "Total Unusual Items Excluding Goodwill": NaN,
        "Net Income From Continuing Operation Net Minority Interest": NaN,
        "Reconciled Depreciation": NaN,
        "Reconciled Cost Of Revenue": NaN,
        "EBITDA": NaN,
        "EBIT": NaN,
        "Net Interest Income": NaN,
        "Interest Expense": 263000.0,
        "Normalized Income": NaN,
        "Net Income From Continuing And Discontinued Operation": NaN,
        "Total Expenses": NaN,
        "Total Operating Income As Reported": NaN,
        "Diluted Average Shares": NaN,
        "Basic Average Shares": NaN,
        "Diluted EPS": NaN,
        "Basic EPS": NaN,
        "Diluted NI Availto Com Stockholders": NaN,
        "Average Dilution Earnings": NaN,
        "Net Income Common Stockholders": NaN,
        "Net Income": NaN,
        "Net Income Including Noncontrolling Interests": NaN,
        "Net Income Continuous Operations": NaN,
        "Tax Provision": NaN,
        "Pretax Income": NaN,
        "Other Income Expense": NaN,
        "Other Non Operating Income Expenses": NaN,
        "Special Income Charges": NaN,
        "Impairment Of Capital Assets": NaN,
        "Net Non Operating Interest Income Expense": NaN,
        "Total Other Finance Cost": NaN,
        "Interest Expense Non Operating": 263000.0,
        "Operating Income": NaN,
        "Operating Expense": NaN,
        "Research And Development": NaN,
        "Selling General And Administration": NaN,
        "Selling And Marketing Expense": NaN,
        "General And Administrative Expense": NaN,
        "Other Gand A": NaN,
        "Gross Profit": NaN,
        "Cost Of Revenue": NaN,
        "Total Revenue": NaN,
        "Operating Revenue": NaN
    },
    "2022-07-31": {
        "Tax Effect Of Unusual Items": 0.0,
        "Tax Rate For Calcs": 0.158,
        "Normalized EBITDA": -1494000.0,
        "Total Unusual Items": NaN,
        "Total Unusual Items Excluding Goodwill": NaN,
        "Net Income From Continuing Operation Net Minority Interest": -5326000.0,
        "Reconciled Depreciation": 4025000.0,
        "Reconciled Cost Of Revenue": 146126000.0,
        "EBITDA": -1494000.0,
        "EBIT": -5519000.0,
        "Net Interest Income": -60000.0,
        "Interest Expense": NaN,
        "Normalized Income": -5326000.0,
        "Net Income From Continuing And Discontinued Operation": -5326000.0,
        "Total Expenses": 177439000.0,
        "Total Operating Income As Reported": -5519000.0,
        "Diluted Average Shares": 45097000.0,
        "Basic Average Shares": 45097000.0,
        "Diluted EPS": -0.12,
        "Basic EPS": -0.12,
        "Diluted NI Availto Com Stockholders": -5326000.0,
        "Net Income Common Stockholders": -5326000.0,
        "Net Income": -5326000.0,
        "Net Income Including Noncontrolling Interests": -5326000.0,
        "Net Income Continuous Operations": -5326000.0,
        "Tax Provision": -1000000.0,
        "Pretax Income": -6326000.0,
        "Other Income Expense": -747000.0,
        "Other Non Operating Income Expenses": -747000.0,
        "Special Income Charges": NaN,
        "Impairment Of Capital Assets": NaN,
        "Net Non Operating Interest Income Expense": -60000.0,
        "Total Other Finance Cost": 60000.0,
        "Interest Expense Non Operating": NaN,
        "Operating Income": -5519000.0,
        "Operating Expense": 31313000.0,
        "Research And Development": 7439000.0,
        "Selling General And Administration": 23874000.0,
        "Selling And Marketing Expense": 14433000.0,
        "General And Administrative Expense": 9441000.0,
        "Other Gand A": 9441000.0,
        "Gross Profit": 25794000.0,
        "Cost Of Revenue": 146126000.0,
        "Total Revenue": 171920000.0,
        "Operating Revenue": 171920000.0
    },
    "2022-04-30": {
        "Diluted EPS": -0.02,
        "Total Revenue": 162,
        "Gross Profit": 30,
        "Operating Income": 0,
        "EBIT": 4,
        "Net Income": -1
    },
    "2022-01-31": {
        "Diluted EPS": -0.1,
        "Total Revenue": 140,
        "Gross Profit": 22,
        "Operating Income": -6,
        "EBIT": -2,
        "Net Income": -4
    },
    "2021-10-31": {
        "Diluted EPS": 0.05,
        "Total Revenue": 164,
        "Gross Profit": 32,
        "Operating Income": 4,
        "EBIT": 8,
        "Net Income": 2
    },
    "2021-07-31": {
        "Diluted EPS": 0.08,
        "Total Revenue": 145,
        "Gross Profit": 32,
        "Operating Income": 6,
        "EBIT": 10,
        "Net Income": 4
    },
    "2021-04-30": {
        "Diluted EPS": -0.01,
        "Total Revenue": 117,
        "Gross Profit": 28,
        "Operating Income": 1,
        "EBIT": 5,
        "Net Income": 0
    },
    "2021-01-31": {
        "Diluted EPS": 0.0,
        "Total Revenue": 94,
        "Gross Profit": 24,
        "Operating Income": 0,
        "EBIT": 4,
        "Net Income": 0
    },
    "2020-10-31": {
        "Diluted EPS": 0.08,
        "Total Revenue": 127,
        "Gross Profit": 33,
        "Operating Income": 7,
        "EBIT": 11,
        "Net Income": 3
    },
    "2020-07-31": {
        "Diluted EPS": 0.17,
        "Total Revenue": 144,
        "Gross Profit": 36,
        "Operating Income": 10,
        "EBIT": 14,
        "Net Income": 7
    },
    "2020-04-30": {
        "Diluted EPS": -0.03,
        "Total Revenue": 126,
        "Gross Profit": 29,
        "Operating Income": -3,
        "EBIT": 1,
        "Net Income": -1
    },
    "2020-01-31": {
        "Diluted EPS": -0.28,
        "Total Revenue": 128,
        "Gross Profit": 24,
        "Operating Income": -9,
        "EBIT": -5,
        "Net Income": -13
    },
    "2019-10-31": {
        "Diluted EPS": 0.16,
        "Total Revenue": 175,
        "Gross Profit": 40,
        "Operating Income": 5,
        "EBIT": 9,
        "Net Income": 7
    },
    "2019-07-31": {
        "Diluted EPS": 0.16,
        "Total Revenue": 180,
        "Gross Profit": 46,
        "Operating Income": 8,
        "EBIT": 12,
        "Net Income": 7
    },
    "2019-04-30": {
        "Diluted EPS": -0.24,
        "Total Revenue": 128,
        "Gross Profit": 24,
        "Operating Income": -10,
        "EBIT": -6,
        "Net Income": -11
    },
    "2019-01-31": {
        "Diluted EPS": -0.07,
        "Total Revenue": 115,
        "Gross Profit": 25,
        "Operating Income": -8,
        "EBIT": -3,
        "Net Income": -3
    },
    "2018-10-31": {
        "Diluted EPS": 0.19,
        "Total Revenue": 173,
        "Gross Profit": 43,
        "Operating Income": 9,
        "EBIT": 14,
        "Net Income": 9
    },
    "2018-07-31": {
        "Diluted EPS": 0.1,
        "Total Revenue": 154,
        "Gross Profit": 38,
        "Operating Income": 4,
        "EBIT": 9,
        "Net Income": 5
    },
    "2018-04-30": {
        "Diluted EPS": -0.09,
        "Total Revenue": 138,
        "Gross Profit": 30,
        "Operating Income": -5,
        "EBIT": -1,
        "Net Income": -4
    },
    "2018-01-31": {
        "Diluted EPS": -0.14,
        "Total Revenue": 130,
        "Gross Profit": 29,
        "Operating Income": -3,
        "EBIT": 1,
        "Net Income": -6
    },
    "2017-10-31": {
        "Diluted EPS": 0.16,
        "Total Revenue": 169,
        "Gross Profit": 43,
        "Operating Income": 9,
        "EBIT": 14,
        "Net Income": 7
    },
    "2017-07-31": {
        "Diluted EPS": 0.19,
        "Total Revenue": 173,
        "Gross Profit": 45,
        "Operating Income": 12,
        "EBIT": 16,
        "Net Income": 8
    },
    "2017-04-30": {
        "Diluted EPS": 0.02,
        "Total Revenue": 144,
        "Gross Profit": 34,
        "Operating Income": 2,
        "EBIT": 6,
        "Net Income": 1
    },
    "2017-01-31": {
        "Diluted EPS": -0.12,
        "Total Revenue": 116,
        "Gross Profit": 23,
        "Operating Income": -7,
        "EBIT": -2,
        "Net Income": -5
    },
    "2016-10-31": {
        "Diluted EPS": 0.2,
        "Total Revenue": 170,
        "Gross Profit": 44,
        "Operating Income": 13,
        "EBIT": 17,
        "Net Income": 9
    },
    "2016-07-31": {
        "Diluted EPS": 0.13,
        "Total Revenue": 157,
        "Gross Profit": 39,
        "Operating Income": 8,
        "EBIT": 13,
        "Net Income": 6
    },
    "2016-04-30": {
        "Diluted EPS": -0.07,
        "Total Revenue": 138,
        "Gross Profit": 28,
        "Operating Income": -4,
        "EBIT": 1,
        "Net Income": -3
    },
    "2016-01-31": {
        "Diluted EPS": -0.04,
        "Total Revenue": 124,
        "Gross Profit": 22,
        "Operating Income": -6,
        "EBIT": -1,
        "Net Income": -2
    },
    "2015-10-31": {
        "Diluted EPS": 0.07,
        "Total Revenue": 158,
        "Gross Profit": 36,
        "Operating Income": 6,
        "EBIT": 10,
        "Net Income": 3
    },
    "2015-07-31": {
        "Diluted EPS": 0.09,
        "Total Revenue": 150,
        "Gross Profit": 36,
        "Operating Income": 6,
        "EBIT": 10,
        "Net Income": 4
    },
    "2015-04-30": {
        "Diluted EPS": 0.08,
        "Total Revenue": 158,
        "Gross Profit": 35,
        "Operating Income": 7,
        "EBIT": 11,
        "Net Income": 4
    },
    "2015-01-31": {
        "Diluted EPS": 0.01,
        "Total Revenue": 118,
        "Gross Profit": 25,
        "Operating Income": -2,
        "EBIT": 2,
        "Net Income": 1
    },
    "2014-10-31": {
        "Diluted EPS": 0.18,
        "Total Revenue": 173,
        "Gross Profit": 41,
        "Operating Income": 12,
        "EBIT": 16,
        "Net Income": 8
    },
    "2014-07-31": {
        "Diluted EPS": 0.2,
        "Total Revenue": 167,
        "Gross Profit": 43,
        "Operating Income": 14,
        "EBIT": 17,
        "Net Income": 9
    },
    "2014-04-30": {
        "Diluted EPS": 0.04,
        "Total Revenue": 136,
        "Gross Profit": 34,
        "Operating Income": 7,
        "EBIT": 10,
        "Net Income": 2
    },
    "2014-01-31": {
        "Diluted EPS": 0.07,
        "Total Revenue": 115,
        "Gross Profit": 29,
        "Operating Income": 4,
        "EBIT": 7,
        "Net Income": 3
    },
    "2013-10-31": {
        "Diluted EPS": 0.27,
        "Total Revenue": 162,
        "Gross Profit": 43,
        "Operating Income": 18,
        "EBIT": 21,
        "Net Income": 12
    },
    "2013-07-31": {
        "Diluted EPS": 0.13,
        "Total Revenue": 139,
        "Gross Profit": 36,
        "Operating Income": 9,
        "EBIT": 12,
        "Net Income": 6
    },
    "2013-04-30": {
        "Diluted EPS": 0.04,
        "Total Revenue": 124,
        "Gross Profit": 28,
        "Operating Income": 2,
        "EBIT": 6,
        "Net Income": 2
    },
    "2013-01-31": {
        "Diluted EPS": 0.06,
        "Total Revenue": 111,
        "Gross Profit": 27,
        "Operating Income": 1,
        "EBIT": 5,
        "Net Income": 3
    },
    "2012-10-31": {
        "Diluted EPS": 0.27,
        "Total Revenue": 150,
        "Gross Profit": 42,
        "Operating Income": 17,
        "EBIT": 21,
        "Net Income": 12
    },
    "2012-07-31": {
        "Diluted EPS": 0.16,
        "Total Revenue": 133,
        "Gross Profit": 36,
        "Operating Income": 11,
        "EBIT": 15,
        "Net Income": 7
    },
    "2012-04-30": {
        "Diluted EPS": -0.01,
        "Total Revenue": 112,
        "Gross Profit": 25,
        "Operating Income": -3,
        "EBIT": 2,
        "Net Income": -1
    },
    "2012-01-31": {
        "Diluted EPS": 0.04,
        "Total Revenue": 123,
        "Gross Profit": 28,
        "Operating Income": 2,
        "EBIT": 6,
        "Net Income": 2
    },
    "2011-10-31": {
        "Diluted EPS": 0.09,
        "Total Revenue": 136,
        "Gross Profit": 31,
        "Operating Income": 6,
        "EBIT": 10,
        "Net Income": 4
    },
    "2011-07-31": {
        "Diluted EPS": 0.08,
        "Total Revenue": 119,
        "Gross Profit": 30,
        "Operating Income": 5,
        "EBIT": 10,
        "Net Income": 3
    },
    "2011-04-30": {
        "Diluted EPS": 0.07,
        "Total Revenue": 114,
        "Gross Profit": 28,
        "Operating Income": 5,
        "EBIT": 9,
        "Net Income": 3
    },
    "2011-01-31": {
        "Diluted EPS": 0.04,
        "Total Revenue": 100,
        "Gross Profit": 24,
        "Operating Income": 1,
        "EBIT": 6,
        "Net Income": 2
    },
    "2010-10-31": {
        "Diluted EPS": 0.17,
        "Total Revenue": 127,
        "Gross Profit": 33,
        "Operating Income": 10,
        "EBIT": 15,
        "Net Income": 7
    },
    "2010-07-31": {
        "Diluted EPS": 0.06,
        "Total Revenue": 101,
        "Gross Profit": 27,
        "Operating Income": 4,
        "EBIT": 9,
        "Net Income": 2
    },
    "2010-04-30": {
        "Diluted EPS": -0.12,
        "Total Revenue": 92,
        "Gross Profit": 20,
        "Operating Income": -5,
        "EBIT": 0,
        "Net Income": -5
    },
    "2010-01-31": {
        "Diluted EPS": -0.2,
        "Total Revenue": 72,
        "Gross Profit": 11,
        "Operating Income": -14,
        "EBIT": -7,
        "Net Income": -8
    },
    "2009-10-31": {
        "Diluted EPS": 0.12,
        "Total Revenue": 115,
        "Gross Profit": 34,
        "Operating Income": 9,
        "EBIT": 15,
        "Net Income": 5
    },
    "2009-07-31": {
        "Diluted EPS": 0.03,
        "Total Revenue": 113,
        "Gross Profit": 30,
        "Operating Income": 3,
        "EBIT": 9,
        "Net Income": 1
    },
    "2009-04-30": {
        "Diluted EPS": 0.0,
        "Total Revenue": 120,
        "Gross Profit": 28,
        "Operating Income": 1,
        "EBIT": 7,
        "Net Income": 0
    },
    "2009-01-31": {
        "Diluted EPS": 0.1,
        "Total Revenue": 129,
        "Gross Profit": 34,
        "Operating Income": 7,
        "EBIT": 13,
        "Net Income": 4
    },
    "2023-07-31": {
        "Tax Effect Of Unusual Items": NaN,
        "Tax Rate For Calcs": NaN,
        "Normalized EBITDA": NaN,
        "Total Unusual Items": NaN,
        "Total Unusual Items Excluding Goodwill": NaN,
        "Net Income From Continuing Operation Net Minority Interest": NaN,
        "Reconciled Depreciation": NaN,
        "Reconciled Cost Of Revenue": NaN,
        "EBITDA": NaN,
        "EBIT": NaN,
        "Net Interest Income": NaN,
        "Interest Expense": 881000.0,
        "Interest Income": NaN,
        "Normalized Income": NaN,
        "Net Income From Continuing And Discontinued Operation": NaN,
        "Total Expenses": NaN,
        "Total Operating Income As Reported": NaN,
        "Diluted Average Shares": NaN,
        "Basic Average Shares": NaN,
        "Diluted EPS": NaN,
        "Basic EPS": NaN,
        "Diluted NI Availto Com Stockholders": NaN,
        "Average Dilution Earnings": NaN,
        "Net Income Common Stockholders": NaN,
        "Net Income": NaN,
        "Net Income Including Noncontrolling Interests": NaN,
        "Net Income Continuous Operations": NaN,
        "Tax Provision": NaN,
        "Pretax Income": NaN,
        "Other Income Expense": NaN,
        "Other Non Operating Income Expenses": NaN,
        "Special Income Charges": NaN,
        "Impairment Of Capital Assets": NaN,
        "Gain On Sale Of Security": NaN,
        "Net Non Operating Interest Income Expense": NaN,
        "Total Other Finance Cost": 881000.0,
        "Interest Expense Non Operating": 881000.0,
        "Interest Income Non Operating": NaN,
        "Operating Income": NaN,
        "Operating Expense": NaN,
        "Research And Development": NaN,
        "Selling General And Administration": NaN,
        "Selling And Marketing Expense": NaN,
        "General And Administrative Expense": NaN,
        "Other Gand A": NaN,
        "Gross Profit": NaN,
        "Cost Of Revenue": NaN,
        "Total Revenue": NaN,
        "Operating Revenue": NaN
    },
    "2023-10-31": {
        "Tax Effect Of Unusual Items": NaN,
        "Tax Rate For Calcs": NaN,
        "Normalized EBITDA": NaN,
        "Total Unusual Items": NaN,
        "Total Unusual Items Excluding Goodwill": NaN,
        "Net Income From Continuing Operation Net Minority Interest": NaN,
        "Reconciled Depreciation": NaN,
        "Reconciled Cost Of Revenue": NaN,
        "EBITDA": NaN,
        "EBIT": NaN,
        "Net Interest Income": NaN,
        "Interest Expense": 1326000.0,
        "Interest Income": NaN,
        "Normalized Income": NaN,
        "Net Income From Continuing And Discontinued Operation": NaN,
        "Total Expenses": NaN,
        "Total Operating Income As Reported": NaN,
        "Diluted Average Shares": NaN,
        "Basic Average Shares": NaN,
        "Diluted EPS": NaN,
        "Basic EPS": NaN,
        "Diluted NI Availto Com Stockholders": NaN,
        "Average Dilution Earnings": 0.0,
        "Net Income Common Stockholders": NaN,
        "Net Income": NaN,
        "Net Income Including Noncontrolling Interests": NaN,
        "Net Income Continuous Operations": NaN,
        "Tax Provision": NaN,
        "Pretax Income": NaN,
        "Other Income Expense": NaN,
        "Other Non Operating Income Expenses": NaN,
        "Special Income Charges": NaN,
        "Impairment Of Capital Assets": NaN,
        "Gain On Sale Of Security": NaN,
        "Net Non Operating Interest Income Expense": NaN,
        "Total Other Finance Cost": NaN,
        "Interest Expense Non Operating": 1326000.0,
        "Interest Income Non Operating": NaN,
        "Operating Income": NaN,
        "Operating Expense": NaN,
        "Research And Development": NaN,
        "Selling General And Administration": NaN,
        "Selling And Marketing Expense": NaN,
        "General And Administrative Expense": NaN,
        "Other Gand A": NaN,
        "Gross Profit": NaN,
        "Cost Of Revenue": NaN,
        "Total Revenue": NaN,
        "Operating Revenue": NaN
    },
    "2024-01-31": {
        "Tax Effect Of Unusual Items": NaN,
        "Tax Rate For Calcs": NaN,
        "Normalized EBITDA": NaN,
        "Total Unusual Items": 6340000.0,
        "Total Unusual Items Excluding Goodwill": 6340000.0,
        "Net Income From Continuing Operation Net Minority Interest": NaN,
        "Reconciled Depreciation": NaN,
        "Reconciled Cost Of Revenue": NaN,
        "EBITDA": NaN,
        "EBIT": NaN,
        "Net Interest Income": NaN,
        "Interest Expense": 745000.0,
        "Interest Income": NaN,
        "Normalized Income": NaN,
        "Net Income From Continuing And Discontinued Operation": NaN,
        "Total Expenses": NaN,
        "Total Operating Income As Reported": NaN,
        "Diluted Average Shares": NaN,
        "Basic Average Shares": NaN,
        "Diluted EPS": NaN,
        "Basic EPS": NaN,
        "Diluted NI Availto Com Stockholders": NaN,
        "Average Dilution Earnings": -5936000.0,
        "Net Income Common Stockholders": NaN,
        "Net Income": NaN,
        "Net Income Including Noncontrolling Interests": NaN,
        "Net Income Continuous Operations": NaN,
        "Tax Provision": NaN,
        "Pretax Income": NaN,
        "Other Income Expense": NaN,
        "Other Non Operating Income Expenses": NaN,
        "Special Income Charges": 0.0,
        "Impairment Of Capital Assets": 0.0,
        "Gain On Sale Of Security": 6340000.0,
        "Net Non Operating Interest Income Expense": NaN,
        "Total Other Finance Cost": NaN,
        "Interest Expense Non Operating": 745000.0,
        "Interest Income Non Operating": NaN,
        "Operating Income": NaN,
        "Operating Expense": NaN,
        "Research And Development": NaN,
        "Selling General And Administration": NaN,
        "Selling And Marketing Expense": NaN,
        "General And Administrative Expense": NaN,
        "Other Gand A": NaN,
        "Gross Profit": NaN,
        "Cost Of Revenue": NaN,
        "Total Revenue": NaN,
        "Operating Revenue": NaN
    },
    "2024-04-30": {
        "Tax Effect Of Unusual Items": NaN,
        "Tax Rate For Calcs": NaN,
        "Normalized EBITDA": NaN,
        "Total Unusual Items": -9428000.0,
        "Total Unusual Items Excluding Goodwill": -9428000.0,
        "Net Income From Continuing Operation Net Minority Interest": NaN,
        "Reconciled Depreciation": NaN,
        "Reconciled Cost Of Revenue": NaN,
        "EBITDA": NaN,
        "EBIT": NaN,
        "Net Interest Income": NaN,
        "Interest Income": NaN,
        "Normalized Income": NaN,
        "Net Income From Continuing And Discontinued Operation": NaN,
        "Total Expenses": NaN,
        "Total Operating Income As Reported": NaN,
        "Diluted Average Shares": NaN,
        "Basic Average Shares": NaN,
        "Diluted EPS": NaN,
        "Basic EPS": NaN,
        "Diluted NI Availto Com Stockholders": NaN,
        "Average Dilution Earnings": NaN,
        "Net Income Common Stockholders": NaN,
        "Net Income": NaN,
        "Net Income Including Noncontrolling Interests": NaN,
        "Net Income Continuous Operations": NaN,
        "Tax Provision": NaN,
        "Pretax Income": NaN,
        "Other Income Expense": NaN,
        "Other Non Operating Income Expenses": NaN,
        "Special Income Charges": -9712000.0,
        "Impairment Of Capital Assets": 0.0,
        "Gain On Sale Of Security": -4696000.0,
        "Net Non Operating Interest Income Expense": NaN,
        "Total Other Finance Cost": NaN,
        "Interest Income Non Operating": NaN,
        "Operating Income": NaN,
        "Operating Expense": NaN,
        "Research And Development": NaN,
        "Selling General And Administration": NaN,
        "Selling And Marketing Expense": NaN,
        "General And Administrative Expense": NaN,
        "Other Gand A": NaN,
        "Gross Profit": NaN,
        "Cost Of Revenue": NaN,
        "Total Revenue": NaN,
        "Operating Revenue": NaN
    },
    "2024-07-31": {
        "Tax Effect Of Unusual Items": NaN,
        "Tax Rate For Calcs": NaN,
        "Normalized EBITDA": NaN,
        "Total Unusual Items": -21590000.0,
        "Total Unusual Items Excluding Goodwill": -21590000.0,
        "Net Income From Continuing Operation Net Minority Interest": NaN,
        "Reconciled Depreciation": NaN,
        "Reconciled Cost Of Revenue": NaN,
        "EBITDA": NaN,
        "EBIT": NaN,
        "Net Interest Income": NaN,
        "Interest Income": NaN,
        "Normalized Income": NaN,
        "Net Income From Continuing And Discontinued Operation": NaN,
        "Total Expenses": NaN,
        "Total Operating Income As Reported": NaN,
        "Diluted Average Shares": NaN,
        "Basic Average Shares": NaN,
        "Diluted EPS": NaN,
        "Basic EPS": NaN,
        "Diluted NI Availto Com Stockholders": NaN,
        "Average Dilution Earnings": NaN,
        "Net Income Common Stockholders": NaN,
        "Net Income": NaN,
        "Net Income Including Noncontrolling Interests": NaN,
        "Net Income Continuous Operations": NaN,
        "Tax Provision": NaN,
        "Pretax Income": NaN,
        "Other Income Expense": NaN,
        "Other Non Operating Income Expenses": NaN,
        "Special Income Charges": NaN,
        "Impairment Of Capital Assets": NaN,
        "Gain On Sale Of Security": -21590000.0,
        "Net Non Operating Interest Income Expense": NaN,
        "Total Other Finance Cost": 71000.0,
        "Interest Income Non Operating": NaN,
        "Operating Income": NaN,
        "Operating Expense": NaN,
        "Research And Development": NaN,
        "Selling General And Administration": NaN,
        "Selling And Marketing Expense": NaN,
        "General And Administrative Expense": NaN,
        "Other Gand A": NaN,
        "Gross Profit": NaN,
        "Cost Of Revenue": NaN,
        "Total Revenue": NaN,
        "Operating Revenue": NaN
    },
    "2024-10-31": {
        "Tax Effect Of Unusual Items": 0.0,
        "Tax Rate For Calcs": 0.15,
        "Normalized EBITDA": 20671000.0,
        "Total Unusual Items": 10304000.0,
        "Total Unusual Items Excluding Goodwill": 10304000.0,
        "Net Income From Continuing Operation Net Minority Interest": 21406000.0,
        "Reconciled Depreciation": 4901000.0,
        "Reconciled Cost Of Revenue": 152468000.0,
        "EBITDA": 20671000.0,
        "EBIT": 15770000.0,
        "Net Interest Income": 273000.0,
        "Interest Income": 273000.0,
        "Normalized Income": 21406000.0,
        "Net Income From Continuing And Discontinued Operation": 21406000.0,
        "Total Expenses": 192561000.0,
        "Total Operating Income As Reported": 15770000.0,
        "Diluted Average Shares": 51715000.0,
        "Basic Average Shares": 46796000.0,
        "Diluted EPS": 0.22,
        "Basic EPS": 0.46,
        "Diluted NI Availto Com Stockholders": 11520000.0,
        "Average Dilution Earnings": -9886000.0,
        "Net Income Common Stockholders": 21406000.0,
        "Net Income": 21406000.0,
        "Net Income Including Noncontrolling Interests": 21406000.0,
        "Net Income Continuous Operations": 21406000.0,
        "Tax Provision": 3777000.0,
        "Pretax Income": 25183000.0,
        "Other Income Expense": 9140000.0,
        "Other Non Operating Income Expenses": 9140000.0,
        "Special Income Charges": NaN,
        "Impairment Of Capital Assets": NaN,
        "Gain On Sale Of Security": 10304000.0,
        "Net Non Operating Interest Income Expense": 273000.0,
        "Total Other Finance Cost": -273000.0,
        "Interest Income Non Operating": 273000.0,
        "Operating Income": 15770000.0,
        "Operating Expense": 40093000.0,
        "Research And Development": 9839000.0,
        "Selling General And Administration": 30254000.0,
        "Selling And Marketing Expense": 14704000.0,
        "General And Administrative Expense": 15550000.0,
        "Other Gand A": 15550000.0,
        "Gross Profit": 55863000.0,
        "Cost Of Revenue": 152468000.0,
        "Total Revenue": 208331000.0,
        "Operating Revenue": 208331000.0
    },
    "2025-01-31": {
        "Tax Effect Of Unusual Items": 0.0,
        "Tax Rate For Calcs": 0.037,
        "Normalized EBITDA": 1285000.0,
        "Total Unusual Items": -14083000.0,
        "Total Unusual Items Excluding Goodwill": -14083000.0,
        "Net Income From Continuing Operation Net Minority Interest": -17156000.0,
        "Reconciled Depreciation": 4913000.0,
        "Reconciled Cost Of Revenue": 112726000.0,
        "EBITDA": 1285000.0,
        "EBIT": -3628000.0,
        "Net Interest Income": 508000.0,
        "Interest Income": 508000.0,
        "Normalized Income": -17156000.0,
        "Net Income From Continuing And Discontinued Operation": -17156000.0,
        "Total Expenses": 153135000.0,
        "Total Operating Income As Reported": 3628000.0,
        "Diluted Average Shares": 47764000.0,
        "Basic Average Shares": 47764000.0,
        "Diluted EPS": -0.36,
        "Basic EPS": -0.36,
        "Diluted NI Availto Com Stockholders": -17156000.0,
        "Average Dilution Earnings": 0.0,
        "Net Income Common Stockholders": -17156000.0,
        "Net Income": -17156000.0,
        "Net Income Including Noncontrolling Interests": -17156000.0,
        "Net Income Continuous Operations": -17156000.0,
        "Tax Provision": -660000.0,
        "Pretax Income": -17816000.0,
        "Other Income Expense": -14696000.0,
        "Other Non Operating Income Expenses": -14696000.0,
        "Special Income Charges": NaN,
        "Impairment Of Capital Assets": NaN,
        "Gain On Sale Of Security": -14083000.0,
        "Net Non Operating Interest Income Expense": 508000.0,
        "Total Other Finance Cost": NaN,
        "Interest Income Non Operating": 508000.0,
        "Operating Income": -3628000.0,
        "Operating Expense": 40409000.0,
        "Research And Development": 9440000.0,
        "Selling General And Administration": 30969000.0,
        "Selling And Marketing Expense": 14471000.0,
        "General And Administrative Expense": 16498000.0,
        "Other Gand A": 16498000.0,
        "Gross Profit": 36781000.0,
        "Cost Of Revenue": 112726000.0,
        "Total Revenue": 149507000.0,
        "Operating Revenue": 149507000.0
    },
    "2025-04-30": {
        "Tax Effect Of Unusual Items": 0.0,
        "Tax Rate For Calcs": 0.298631,
        "Normalized EBITDA": -32996000.0,
        "Total Unusual Items": NaN,
        "Total Unusual Items Excluding Goodwill": NaN,
        "Net Income From Continuing Operation Net Minority Interest": -9425000.0,
        "Reconciled Depreciation": 4840000.0,
        "Reconciled Cost Of Revenue": 129406000.0,
        "EBITDA": -32996000.0,
        "EBIT": -37836000.0,
        "Net Interest Income": 637000.0,
        "Interest Income": 5124000.0,
        "Normalized Income": -9425000.0,
        "Net Income From Continuing And Discontinued Operation": -9425000.0,
        "Total Expenses": 189771000.0,
        "Total Operating Income As Reported": 67976000.0,
        "Diluted Average Shares": 49516000.0,
        "Basic Average Shares": 49516000.0,
        "Diluted EPS": -0.19,
        "Basic EPS": -0.19,
        "Diluted NI Availto Com Stockholders": -9425000.0,
        "Average Dilution Earnings": NaN,
        "Net Income Common Stockholders": -9425000.0,
        "Net Income": -9425000.0,
        "Net Income Including Noncontrolling Interests": -9425000.0,
        "Net Income Continuous Operations": -9425000.0,
        "Tax Provision": -4013000.0,
        "Pretax Income": -13438000.0,
        "Other Income Expense": 3145000.0,
        "Other Non Operating Income Expenses": 5540000.0,
        "Special Income Charges": NaN,
        "Impairment Of Capital Assets": NaN,
        "Gain On Sale Of Security": NaN,
        "Net Non Operating Interest Income Expense": 637000.0,
        "Total Other Finance Cost": NaN,
        "Interest Income Non Operating": 5124000.0,
        "Operating Income": -17220000.0,
        "Operating Expense": 60365000.0,
        "Research And Development": 9958000.0,
        "Selling General And Administration": 34927000.0,
        "Selling And Marketing Expense": 15200000.0,
        "General And Administrative Expense": 19727000.0,
        "Other Gand A": 19727000.0,
        "Gross Profit": 43145000.0,
        "Cost Of Revenue": 129406000.0,
        "Total Revenue": 172551000.0,
        "Operating Revenue": 172551000.0
    },
    "2025-07-31": {
        "Tax Effect Of Unusual Items": 0.0,
        "Tax Rate For Calcs": 0.258876,
        "Normalized EBITDA": 28076000.0,
        "Total Unusual Items": NaN,
        "Total Unusual Items Excluding Goodwill": NaN,
        "Net Income From Continuing Operation Net Minority Interest": 16470000.0,
        "Reconciled Depreciation": 4804000.0,
        "Reconciled Cost Of Revenue": 153900000.0,
        "EBITDA": 28076000.0,
        "EBIT": 23272000.0,
        "Net Interest Income": 893000.0,
        "Interest Income": NaN,
        "Normalized Income": 16470000.0,
        "Net Income From Continuing And Discontinued Operation": 16470000.0,
        "Total Expenses": 195700000.0,
        "Total Operating Income As Reported": 23272000.0,
        "Diluted Average Shares": 49736000.0,
        "Basic Average Shares": 48902000.0,
        "Diluted EPS": 0.33,
        "Basic EPS": 0.34,
        "Diluted NI Availto Com Stockholders": 16470000.0,
        "Average Dilution Earnings": NaN,
        "Net Income Common Stockholders": 16470000.0,
        "Net Income": 16470000.0,
        "Net Income Including Noncontrolling Interests": 16470000.0,
        "Net Income Continuous Operations": 16470000.0,
        "Tax Provision": 5753000.0,
        "Pretax Income": 22223000.0,
        "Other Income Expense": -1942000.0,
        "Other Non Operating Income Expenses": -1942000.0,
        "Special Income Charges": NaN,
        "Impairment Of Capital Assets": NaN,
        "Gain On Sale Of Security": NaN,
        "Net Non Operating Interest Income Expense": 893000.0,
        "Total Other Finance Cost": -893000.0,
        "Interest Income Non Operating": NaN,
        "Operating Income": 23272000.0,
        "Operating Expense": 41800000.0,
        "Research And Development": 10671000.0,
        "Selling General And Administration": 31129000.0,
        "Selling And Marketing Expense": 16834000.0,
        "General And Administrative Expense": 14295000.0,
        "Other Gand A": 14295000.0,
        "Gross Profit": 65072000.0,
        "Cost Of Revenue": 153900000.0,
        "Total Revenue": 218972000.0,
        "Operating Revenue": 218972000.0
    },
    "2025-10-31": {
        "Tax Effect Of Unusual Items": 0.0,
        "Tax Rate For Calcs": 0.2,
        "Normalized EBITDA": 26347000.0,
        "Total Unusual Items": NaN,
        "Total Unusual Items Excluding Goodwill": NaN,
        "Net Income From Continuing Operation Net Minority Interest": 17481000.0,
        "Reconciled Depreciation": 4784000.0,
        "Reconciled Cost Of Revenue": 167428000.0,
        "EBITDA": 26347000.0,
        "EBIT": 21563000.0,
        "Net Interest Income": 558000.0,
        "Interest Income": NaN,
        "Normalized Income": 17481000.0,
        "Net Income From Continuing And Discontinued Operation": 17481000.0,
        "Total Expenses": 207690000.0,
        "Total Operating Income As Reported": 21563000.0,
        "Diluted Average Shares": 49391000.0,
        "Basic Average Shares": 48565000.0,
        "Diluted EPS": 0.35,
        "Basic EPS": 0.36,
        "Diluted NI Availto Com Stockholders": 17481000.0,
        "Average Dilution Earnings": 0.0,
        "Net Income Common Stockholders": 17481000.0,
        "Net Income": 17481000.0,
        "Net Income Including Noncontrolling Interests": 17481000.0,
        "Net Income Continuous Operations": 17481000.0,
        "Tax Provision": 4381000.0,
        "Pretax Income": 21862000.0,
        "Other Income Expense": -259000.0,
        "Other Non Operating Income Expenses": -259000.0,
        "Special Income Charges": NaN,
        "Impairment Of Capital Assets": NaN,
        "Gain On Sale Of Security": NaN,
        "Net Non Operating Interest Income Expense": 558000.0,
        "Total Other Finance Cost": -558000.0,
        "Interest Income Non Operating": NaN,
        "Operating Income": 21563000.0,
        "Operating Expense": 40262000.0,
        "Research And Development": 10444000.0,
        "Selling General And Administration": 29818000.0,
        "Selling And Marketing Expense": 16056000.0,
        "General And Administrative Expense": 13762000.0,
        "Other Gand A": 13762000.0,
        "Gross Profit": 61825000.0,
        "Cost Of Revenue": 167428000.0,
        "Total Revenue": 229253000.0,
        "Operating Revenue": 229253000.0
    }
}