{
    "2023-03-31": {
        "Tax Effect Of Unusual Items": NaN,
        "Tax Rate For Calcs": NaN,
        "Normalized EBITDA": NaN,
        "Net Income From Continuing Operation Net Minority Interest": NaN,
        "Reconciled Cost Of Revenue": NaN,
        "EBITDA": NaN,
        "EBIT": NaN,
        "Net Interest Income": NaN,
        "Interest Expense": NaN,
        "Interest Income": NaN,
        "Normalized Income": NaN,
        "Net Income From Continuing And Discontinued Operation": NaN,
        "Total Expenses": NaN,
        "Total Operating Income As Reported": NaN,
        "Diluted Average Shares": NaN,
        "Basic Average Shares": NaN,
        "Diluted EPS": NaN,
        "Basic EPS": NaN,
        "Diluted NI Availto Com Stockholders": NaN,
        "Net Income Common Stockholders": NaN,
        "Net Income": NaN,
        "Minority Interests": NaN,
        "Net Income Including Noncontrolling Interests": NaN,
        "Net Income Discontinuous Operations": 0.0,
        "Net Income Continuous Operations": NaN,
        "Tax Provision": NaN,
        "Pretax Income": NaN,
        "Other Income Expense": NaN,
        "Other Non Operating Income Expenses": NaN,
        "Net Non Operating Interest Income Expense": NaN,
        "Interest Expense Non Operating": NaN,
        "Interest Income Non Operating": NaN,
        "Operating Income": NaN,
        "Operating Expense": NaN,
        "Research And Development": NaN,
        "Selling General And Administration": NaN,
        "Selling And Marketing Expense": NaN,
        "General And Administrative Expense": NaN,
        "Other Gand A": NaN,
        "Salaries And Wages": NaN,
        "Gross Profit": NaN,
        "Cost Of Revenue": NaN,
        "Total Revenue": NaN,
        "Operating Revenue": NaN
    },
    "2022-12-31": {
        "Tax Effect Of Unusual Items": NaN,
        "Tax Rate For Calcs": NaN,
        "Normalized EBITDA": NaN,
        "Net Income From Continuing Operation Net Minority Interest": NaN,
        "Reconciled Cost Of Revenue": NaN,
        "EBITDA": NaN,
        "EBIT": NaN,
        "Net Interest Income": NaN,
        "Interest Expense": NaN,
        "Interest Income": NaN,
        "Normalized Income": NaN,
        "Net Income From Continuing And Discontinued Operation": NaN,
        "Total Expenses": NaN,
        "Total Operating Income As Reported": NaN,
        "Diluted Average Shares": NaN,
        "Basic Average Shares": NaN,
        "Diluted EPS": NaN,
        "Basic EPS": NaN,
        "Diluted NI Availto Com Stockholders": NaN,
        "Net Income Common Stockholders": NaN,
        "Net Income": NaN,
        "Minority Interests": NaN,
        "Net Income Including Noncontrolling Interests": NaN,
        "Net Income Discontinuous Operations": 0.0,
        "Net Income Continuous Operations": NaN,
        "Tax Provision": NaN,
        "Pretax Income": NaN,
        "Other Income Expense": NaN,
        "Other Non Operating Income Expenses": NaN,
        "Net Non Operating Interest Income Expense": NaN,
        "Interest Expense Non Operating": NaN,
        "Interest Income Non Operating": NaN,
        "Operating Income": NaN,
        "Operating Expense": NaN,
        "Research And Development": NaN,
        "Selling General And Administration": NaN,
        "Selling And Marketing Expense": NaN,
        "General And Administrative Expense": NaN,
        "Other Gand A": NaN,
        "Salaries And Wages": NaN,
        "Gross Profit": NaN,
        "Cost Of Revenue": NaN,
        "Total Revenue": NaN,
        "Operating Revenue": NaN
    },
    "2022-09-30": {
        "Tax Effect Of Unusual Items": NaN,
        "Tax Rate For Calcs": NaN,
        "Normalized EBITDA": NaN,
        "Net Income From Continuing Operation Net Minority Interest": NaN,
        "Reconciled Cost Of Revenue": NaN,
        "EBITDA": NaN,
        "EBIT": NaN,
        "Net Interest Income": NaN,
        "Interest Expense": NaN,
        "Interest Income": NaN,
        "Normalized Income": NaN,
        "Net Income From Continuing And Discontinued Operation": NaN,
        "Total Expenses": NaN,
        "Total Operating Income As Reported": NaN,
        "Diluted Average Shares": NaN,
        "Basic Average Shares": NaN,
        "Diluted EPS": NaN,
        "Basic EPS": NaN,
        "Diluted NI Availto Com Stockholders": NaN,
        "Net Income Common Stockholders": NaN,
        "Net Income": NaN,
        "Minority Interests": NaN,
        "Net Income Including Noncontrolling Interests": NaN,
        "Net Income Discontinuous Operations": NaN,
        "Net Income Continuous Operations": NaN,
        "Tax Provision": NaN,
        "Pretax Income": NaN,
        "Other Income Expense": NaN,
        "Other Non Operating Income Expenses": NaN,
        "Net Non Operating Interest Income Expense": NaN,
        "Interest Expense Non Operating": NaN,
        "Interest Income Non Operating": NaN,
        "Operating Income": NaN,
        "Operating Expense": NaN,
        "Research And Development": NaN,
        "Selling General And Administration": NaN,
        "Selling And Marketing Expense": NaN,
        "General And Administrative Expense": NaN,
        "Other Gand A": NaN,
        "Salaries And Wages": 7680000.0,
        "Gross Profit": NaN,
        "Cost Of Revenue": NaN,
        "Total Revenue": NaN,
        "Operating Revenue": NaN
    },
    "2022-06-30": {
        "Tax Effect Of Unusual Items": 0.0,
        "Tax Rate For Calcs": 0.4,
        "Normalized EBITDA": -449877000.0,
        "Total Unusual Items": NaN,
        "Total Unusual Items Excluding Goodwill": NaN,
        "Net Income From Continuing Operation Net Minority Interest": -453886000.0,
        "Reconciled Cost Of Revenue": 546498000.0,
        "EBITDA": -449877000.0,
        "EBIT": -449877000.0,
        "Net Interest Income": -6333000.0,
        "Interest Expense": 10102000.0,
        "Interest Income": 3769000.0,
        "Normalized Income": -453886000.0,
        "Net Income From Continuing And Discontinued Operation": -453886000.0,
        "Total Expenses": 1411438000.0,
        "Total Operating Income As Reported": -455213000.0,
        "Diluted Average Shares": 123703353.0,
        "Basic Average Shares": 123703353.0,
        "Diluted EPS": -3.67,
        "Basic EPS": -3.67,
        "Diluted NI Availto Com Stockholders": -453886000.0,
        "Net Income Common Stockholders": -453886000.0,
        "Net Income": -453886000.0,
        "Minority Interests": 6646000.0,
        "Net Income Including Noncontrolling Interests": -460532000.0,
        "Net Income Discontinuous Operations": 0.0,
        "Net Income Continuous Operations": -460532000.0,
        "Tax Provision": 553000.0,
        "Pretax Income": -459979000.0,
        "Other Income Expense": 1567000.0,
        "Other Non Operating Income Expenses": 1567000.0,
        "Special Income Charges": NaN,
        "Impairment Of Capital Assets": NaN,
        "Net Non Operating Interest Income Expense": -6333000.0,
        "Interest Expense Non Operating": 10102000.0,
        "Interest Income Non Operating": 3769000.0,
        "Operating Income": -455213000.0,
        "Operating Expense": 864940000.0,
        "Research And Development": 208411000.0,
        "Selling General And Administration": 656529000.0,
        "Selling And Marketing Expense": 595997000.0,
        "General And Administrative Expense": 60532000.0,
        "Other Gand A": 60532000.0,
        "Gross Profit": 409727000.0,
        "Cost Of Revenue": 546498000.0,
        "Total Revenue": 956225000.0,
        "Operating Revenue": 956225000.0
    },
    "2022-03-31": {
        "Diluted EPS": -0.13,
        "Total Revenue": 189,
        "Gross Profit": 101,
        "Operating Income": -20,
        "EBIT": -20,
        "Net Income": -16
    },
    "2021-12-31": {
        "Diluted EPS": -0.04,
        "Total Revenue": 10,
        "Gross Profit": -32,
        "Operating Income": 5,
        "EBIT": 5,
        "Net Income": -5
    },
    "2021-09-30": {
        "Diluted EPS": -0.16,
        "Total Revenue": 215,
        "Gross Profit": 122,
        "Operating Income": -20,
        "EBIT": -20,
        "Net Income": -20
    },
    "2021-06-30": {
        "Diluted EPS": -0.66,
        "Total Revenue": 200,
        "Gross Profit": 105,
        "Operating Income": -84,
        "EBIT": -84,
        "Net Income": -81
    },
    "2021-03-31": {
        "Diluted EPS": -0.42,
        "Total Revenue": 205,
        "Gross Profit": 117,
        "Operating Income": -49,
        "EBIT": -49,
        "Net Income": -50
    },
    "2020-12-31": {
        "Diluted EPS": -0.7,
        "Total Revenue": 189,
        "Gross Profit": 89,
        "Operating Income": -80,
        "EBIT": -79,
        "Net Income": -79
    },
    "2020-09-30": {
        "Diluted EPS": -1.14,
        "Total Revenue": 132,
        "Gross Profit": 61,
        "Operating Income": -132,
        "EBIT": -132,
        "Net Income": -129
    },
    "2020-06-30": {
        "Diluted EPS": -0.33,
        "Total Revenue": 88,
        "Gross Profit": 40,
        "Operating Income": -40,
        "EBIT": -40,
        "Net Income": -36
    },
    "2020-03-31": {
        "Diluted EPS": -0.21,
        "Total Revenue": 76,
        "Gross Profit": 33,
        "Operating Income": -25,
        "EBIT": -25,
        "Net Income": -24
    },
    "2019-09-30": {
        "Diluted EPS": -0.37,
        "Total Revenue": 48,
        "Gross Profit": 12,
        "Operating Income": -33,
        "EBIT": -33,
        "Net Income": -34
    },
    "2018-12-31": {
        "Diluted EPS": 0.0,
        "Total Revenue": NaN,
        "Gross Profit": NaN,
        "Operating Income": NaN,
        "EBIT": NaN,
        "Net Income": NaN
    },
    "2023-06-30": {
        "Tax Effect Of Unusual Items": NaN,
        "Tax Rate For Calcs": NaN,
        "Normalized EBITDA": NaN,
        "Net Income From Continuing Operation Net Minority Interest": NaN,
        "Reconciled Cost Of Revenue": NaN,
        "EBITDA": NaN,
        "EBIT": NaN,
        "Net Interest Income": NaN,
        "Interest Expense": NaN,
        "Interest Income": NaN,
        "Normalized Income": NaN,
        "Net Income From Continuing And Discontinued Operation": NaN,
        "Total Expenses": NaN,
        "Total Operating Income As Reported": NaN,
        "Diluted Average Shares": NaN,
        "Basic Average Shares": NaN,
        "Diluted EPS": NaN,
        "Basic EPS": NaN,
        "Diluted NI Availto Com Stockholders": NaN,
        "Net Income Common Stockholders": NaN,
        "Net Income": NaN,
        "Minority Interests": NaN,
        "Net Income Including Noncontrolling Interests": NaN,
        "Net Income Discontinuous Operations": 0.0,
        "Net Income Continuous Operations": NaN,
        "Tax Provision": NaN,
        "Pretax Income": NaN,
        "Other Income Expense": NaN,
        "Other Non Operating Income Expenses": NaN,
        "Net Non Operating Interest Income Expense": NaN,
        "Interest Expense Non Operating": NaN,
        "Interest Income Non Operating": NaN,
        "Operating Income": NaN,
        "Operating Expense": NaN,
        "Research And Development": NaN,
        "Selling General And Administration": NaN,
        "Selling And Marketing Expense": NaN,
        "General And Administrative Expense": NaN,
        "Other Gand A": NaN,
        "Salaries And Wages": NaN,
        "Gross Profit": NaN,
        "Cost Of Revenue": NaN,
        "Total Revenue": NaN,
        "Operating Revenue": NaN
    },
    "2023-09-30": {
        "Tax Effect Of Unusual Items": NaN,
        "Tax Rate For Calcs": NaN,
        "Normalized EBITDA": NaN,
        "Net Income From Continuing Operation Net Minority Interest": NaN,
        "Reconciled Cost Of Revenue": NaN,
        "EBITDA": NaN,
        "EBIT": NaN,
        "Net Interest Income": NaN,
        "Interest Expense": NaN,
        "Interest Income": NaN,
        "Normalized Income": NaN,
        "Net Income From Continuing And Discontinued Operation": NaN,
        "Total Expenses": NaN,
        "Total Operating Income As Reported": NaN,
        "Diluted Average Shares": NaN,
        "Basic Average Shares": NaN,
        "Diluted EPS": NaN,
        "Basic EPS": NaN,
        "Diluted NI Availto Com Stockholders": NaN,
        "Net Income Common Stockholders": NaN,
        "Net Income": NaN,
        "Minority Interests": NaN,
        "Net Income Including Noncontrolling Interests": NaN,
        "Net Income Discontinuous Operations": 0.0,
        "Net Income Continuous Operations": NaN,
        "Tax Provision": NaN,
        "Pretax Income": NaN,
        "Other Income Expense": NaN,
        "Other Non Operating Income Expenses": NaN,
        "Net Non Operating Interest Income Expense": NaN,
        "Interest Expense Non Operating": NaN,
        "Interest Income Non Operating": NaN,
        "Operating Income": NaN,
        "Operating Expense": NaN,
        "Research And Development": NaN,
        "Selling General And Administration": NaN,
        "Selling And Marketing Expense": NaN,
        "General And Administrative Expense": NaN,
        "Other Gand A": NaN,
        "Salaries And Wages": 4914000.0,
        "Gross Profit": NaN,
        "Cost Of Revenue": NaN,
        "Total Revenue": NaN,
        "Operating Revenue": NaN
    },
    "2023-12-31": {
        "Tax Effect Of Unusual Items": NaN,
        "Tax Rate For Calcs": NaN,
        "Normalized EBITDA": NaN,
        "Net Income From Continuing Operation Net Minority Interest": NaN,
        "Reconciled Cost Of Revenue": NaN,
        "EBITDA": NaN,
        "EBIT": NaN,
        "Net Interest Income": NaN,
        "Interest Expense": NaN,
        "Interest Income": NaN,
        "Normalized Income": NaN,
        "Net Income From Continuing And Discontinued Operation": NaN,
        "Total Expenses": NaN,
        "Total Operating Income As Reported": NaN,
        "Diluted Average Shares": NaN,
        "Basic Average Shares": NaN,
        "Diluted EPS": NaN,
        "Basic EPS": NaN,
        "Diluted NI Availto Com Stockholders": NaN,
        "Net Income Common Stockholders": NaN,
        "Net Income": NaN,
        "Minority Interests": NaN,
        "Net Income Including Noncontrolling Interests": NaN,
        "Net Income Discontinuous Operations": 0.0,
        "Net Income Continuous Operations": NaN,
        "Tax Provision": NaN,
        "Pretax Income": NaN,
        "Other Income Expense": NaN,
        "Other Non Operating Income Expenses": NaN,
        "Net Non Operating Interest Income Expense": NaN,
        "Interest Expense Non Operating": NaN,
        "Interest Income Non Operating": NaN,
        "Operating Income": NaN,
        "Operating Expense": NaN,
        "Research And Development": NaN,
        "Selling General And Administration": NaN,
        "Selling And Marketing Expense": NaN,
        "General And Administrative Expense": NaN,
        "Other Gand A": NaN,
        "Gross Profit": NaN,
        "Cost Of Revenue": NaN,
        "Total Revenue": NaN,
        "Operating Revenue": NaN
    },
    "2024-03-31": {
        "Tax Effect Of Unusual Items": 0.0,
        "Tax Rate For Calcs": 0.25,
        "Normalized EBITDA": 33791000.0,
        "Net Income From Continuing Operation Net Minority Interest": 12432000.0,
        "Reconciled Cost Of Revenue": 710356000.0,
        "EBITDA": 33791000.0,
        "EBIT": 33791000.0,
        "Net Interest Income": -19359000.0,
        "Interest Expense": 20334000.0,
        "Interest Income": 975000.0,
        "Normalized Income": 12432000.0,
        "Net Income From Continuing And Discontinued Operation": 12432000.0,
        "Total Expenses": 1361935000.0,
        "Total Operating Income As Reported": 29924000.0,
        "Diluted Average Shares": 118928848.0,
        "Basic Average Shares": 118317220.0,
        "Diluted EPS": 0.1,
        "Basic EPS": 0.11,
        "Diluted NI Availto Com Stockholders": 12432000.0,
        "Net Income Common Stockholders": 12432000.0,
        "Net Income": 12432000.0,
        "Minority Interests": -2053000.0,
        "Net Income Including Noncontrolling Interests": 14485000.0,
        "Net Income Discontinuous Operations": NaN,
        "Net Income Continuous Operations": 14485000.0,
        "Tax Provision": -1028000.0,
        "Pretax Income": 13457000.0,
        "Other Income Expense": 2892000.0,
        "Other Non Operating Income Expenses": 2892000.0,
        "Net Non Operating Interest Income Expense": -19359000.0,
        "Interest Expense Non Operating": 20334000.0,
        "Interest Income Non Operating": 975000.0,
        "Operating Income": 29924000.0,
        "Operating Expense": 651579000.0,
        "Research And Development": 146723000.0,
        "Selling General And Administration": 504856000.0,
        "Selling And Marketing Expense": 455440000.0,
        "General And Administrative Expense": 49416000.0,
        "Other Gand A": 49416000.0,
        "Gross Profit": 681503000.0,
        "Cost Of Revenue": 710356000.0,
        "Total Revenue": 1391859000.0,
        "Operating Revenue": 1391859000.0
    },
    "2024-06-30": {
        "Tax Effect Of Unusual Items": 0.0,
        "Tax Rate For Calcs": 0.25,
        "Normalized EBITDA": -72545000.0,
        "Net Income From Continuing Operation Net Minority Interest": -99475000.0,
        "Reconciled Cost Of Revenue": 684942000.0,
        "EBITDA": -72545000.0,
        "EBIT": -72545000.0,
        "Net Interest Income": -19899000.0,
        "Interest Expense": 20816000.0,
        "Interest Income": 917000.0,
        "Normalized Income": -99475000.0,
        "Net Income From Continuing And Discontinued Operation": -99475000.0,
        "Total Expenses": 1394274000.0,
        "Total Operating Income As Reported": -72553000.0,
        "Diluted Average Shares": 117173272.0,
        "Basic Average Shares": 117173272.0,
        "Diluted EPS": -0.85,
        "Basic EPS": -0.85,
        "Diluted NI Availto Com Stockholders": -99475000.0,
        "Net Income Common Stockholders": -99475000.0,
        "Net Income": -99475000.0,
        "Minority Interests": 939000.0,
        "Net Income Including Noncontrolling Interests": -100414000.0,
        "Net Income Continuous Operations": -100414000.0,
        "Tax Provision": 7053000.0,
        "Pretax Income": -93361000.0,
        "Other Income Expense": -909000.0,
        "Other Non Operating Income Expenses": -909000.0,
        "Net Non Operating Interest Income Expense": -19899000.0,
        "Interest Expense Non Operating": 20816000.0,
        "Interest Income Non Operating": 917000.0,
        "Operating Income": -72553000.0,
        "Operating Expense": 709332000.0,
        "Research And Development": 152987000.0,
        "Selling General And Administration": 556345000.0,
        "Selling And Marketing Expense": 515711000.0,
        "General And Administrative Expense": 40634000.0,
        "Other Gand A": 40634000.0,
        "Gross Profit": 636779000.0,
        "Cost Of Revenue": 684942000.0,
        "Total Revenue": 1321721000.0,
        "Operating Revenue": 1321721000.0
    },
    "2024-09-30": {
        "Tax Effect Of Unusual Items": 0.0,
        "Tax Rate For Calcs": 0.025979,
        "Normalized EBITDA": 106339000.0,
        "Net Income From Continuing Operation Net Minority Interest": 86253000.0,
        "Reconciled Cost Of Revenue": 783085000.0,
        "EBITDA": 106339000.0,
        "EBIT": 106339000.0,
        "Net Interest Income": -14055000.0,
        "Interest Expense": 15112000.0,
        "Interest Income": 1057000.0,
        "Normalized Income": 86253000.0,
        "Net Income From Continuing And Discontinued Operation": 86253000.0,
        "Total Expenses": 1465267000.0,
        "Total Operating Income As Reported": 107274000.0,
        "Diluted Average Shares": 117343848.0,
        "Basic Average Shares": 116965181.0,
        "Diluted EPS": 0.74,
        "Basic EPS": 0.74,
        "Diluted NI Availto Com Stockholders": 86253000.0,
        "Net Income Common Stockholders": 86253000.0,
        "Net Income": 86253000.0,
        "Minority Interests": -2604000.0,
        "Net Income Including Noncontrolling Interests": 88857000.0,
        "Net Income Continuous Operations": 88857000.0,
        "Tax Provision": 2370000.0,
        "Pretax Income": 91227000.0,
        "Other Income Expense": -1992000.0,
        "Other Non Operating Income Expenses": -1992000.0,
        "Net Non Operating Interest Income Expense": -14055000.0,
        "Interest Expense Non Operating": 15112000.0,
        "Interest Income Non Operating": 1057000.0,
        "Operating Income": 107274000.0,
        "Operating Expense": 682182000.0,
        "Research And Development": 119594000.0,
        "Selling General And Administration": 562588000.0,
        "Selling And Marketing Expense": 519620000.0,
        "General And Administrative Expense": 42968000.0,
        "Other Gand A": 42968000.0,
        "Gross Profit": 789456000.0,
        "Cost Of Revenue": 783085000.0,
        "Total Revenue": 1572541000.0,
        "Operating Revenue": 1572541000.0
    },
    "2024-12-31": {
        "Tax Effect Of Unusual Items": 0.0,
        "Tax Rate For Calcs": 0.25,
        "Normalized EBITDA": 86740000.0,
        "Net Income From Continuing Operation Net Minority Interest": 83003000.0,
        "Reconciled Cost Of Revenue": 699045000.0,
        "EBITDA": 86740000.0,
        "EBIT": 86740000.0,
        "Net Interest Income": -15858000.0,
        "Interest Expense": 16828000.0,
        "Interest Income": 970000.0,
        "Normalized Income": 83003000.0,
        "Net Income From Continuing And Discontinued Operation": 83003000.0,
        "Total Expenses": 1243586000.0,
        "Total Operating Income As Reported": 84176000.0,
        "Diluted Average Shares": 118705233.0,
        "Basic Average Shares": 117259091.0,
        "Diluted EPS": 0.7,
        "Basic EPS": 0.71,
        "Diluted NI Availto Com Stockholders": 83003000.0,
        "Net Income Common Stockholders": 83003000.0,
        "Net Income": 83003000.0,
        "Minority Interests": 10705000.0,
        "Net Income Including Noncontrolling Interests": 72298000.0,
        "Net Income Continuous Operations": 72298000.0,
        "Tax Provision": -2386000.0,
        "Pretax Income": 69912000.0,
        "Other Income Expense": -10442000.0,
        "Other Non Operating Income Expenses": 4117000.0,
        "Net Non Operating Interest Income Expense": -15858000.0,
        "Interest Expense Non Operating": 16828000.0,
        "Interest Income Non Operating": 970000.0,
        "Operating Income": 96212000.0,
        "Operating Expense": 544541000.0,
        "Research And Development": 120694000.0,
        "Selling General And Administration": 435883000.0,
        "Selling And Marketing Expense": 381815000.0,
        "General And Administrative Expense": 54068000.0,
        "Other Gand A": 54068000.0,
        "Gross Profit": 640753000.0,
        "Cost Of Revenue": 699045000.0,
        "Total Revenue": 1339798000.0,
        "Operating Revenue": 1339798000.0
    },
    "2025-03-31": {
        "Tax Effect Of Unusual Items": 0.0,
        "Tax Rate For Calcs": 0.113093,
        "Normalized EBITDA": 103598000.0,
        "Net Income From Continuing Operation Net Minority Interest": 76743000.0,
        "Reconciled Cost Of Revenue": 684035000.0,
        "EBITDA": 103598000.0,
        "EBIT": 103598000.0,
        "Net Interest Income": -15587000.0,
        "Interest Expense": 16104000.0,
        "Interest Income": 517000.0,
        "Normalized Income": 76743000.0,
        "Net Income From Continuing And Discontinued Operation": 76743000.0,
        "Total Expenses": 1194221000.0,
        "Total Operating Income As Reported": 104041000.0,
        "Diluted Average Shares": 119504097.0,
        "Basic Average Shares": 117594976.0,
        "Diluted EPS": 0.64,
        "Basic EPS": 0.65,
        "Diluted NI Availto Com Stockholders": 76743000.0,
        "Net Income Common Stockholders": 76743000.0,
        "Net Income": 76743000.0,
        "Minority Interests": -856000.0,
        "Net Income Including Noncontrolling Interests": 77599000.0,
        "Net Income Continuous Operations": 77599000.0,
        "Tax Provision": 9895000.0,
        "Pretax Income": 87494000.0,
        "Other Income Expense": -960000.0,
        "Other Non Operating Income Expenses": -960000.0,
        "Net Non Operating Interest Income Expense": -15587000.0,
        "Interest Expense Non Operating": 16104000.0,
        "Interest Income Non Operating": 517000.0,
        "Operating Income": 104041000.0,
        "Operating Expense": 510186000.0,
        "Research And Development": 115474000.0,
        "Selling General And Administration": 394712000.0,
        "Selling And Marketing Expense": 357641000.0,
        "General And Administrative Expense": 37071000.0,
        "Other Gand A": 37071000.0,
        "Gross Profit": 614227000.0,
        "Cost Of Revenue": 684035000.0,
        "Total Revenue": 1298262000.0,
        "Operating Revenue": 1298262000.0
    },
    "2025-06-30": {
        "Tax Effect Of Unusual Items": 0.0,
        "Tax Rate For Calcs": 0.25,
        "Normalized EBITDA": 309000.0,
        "Net Income From Continuing Operation Net Minority Interest": -17763000.0,
        "Reconciled Cost Of Revenue": 808181000.0,
        "EBITDA": 309000.0,
        "EBIT": 309000.0,
        "Net Interest Income": -15938000.0,
        "Interest Expense": 16566000.0,
        "Interest Income": 628000.0,
        "Normalized Income": -17763000.0,
        "Net Income From Continuing And Discontinued Operation": -17763000.0,
        "Total Expenses": 1388742000.0,
        "Total Operating Income As Reported": 28799000.0,
        "Diluted Average Shares": 117868295.0,
        "Basic Average Shares": 117868295.0,
        "Diluted EPS": -0.15,
        "Basic EPS": -0.15,
        "Diluted NI Availto Com Stockholders": -17763000.0,
        "Net Income Common Stockholders": -17763000.0,
        "Net Income": -17763000.0,
        "Minority Interests": 2773000.0,
        "Net Income Including Noncontrolling Interests": -20536000.0,
        "Net Income Continuous Operations": -20536000.0,
        "Tax Provision": 4279000.0,
        "Pretax Income": -16257000.0,
        "Other Income Expense": -29118000.0,
        "Other Non Operating Income Expenses": -29118000.0,
        "Net Non Operating Interest Income Expense": -15938000.0,
        "Interest Expense Non Operating": 16566000.0,
        "Interest Income Non Operating": 628000.0,
        "Operating Income": 28799000.0,
        "Operating Expense": 580561000.0,
        "Research And Development": 128321000.0,
        "Selling General And Administration": 452240000.0,
        "Selling And Marketing Expense": 401826000.0,
        "General And Administrative Expense": 50414000.0,
        "Other Gand A": 50414000.0,
        "Gross Profit": 609360000.0,
        "Cost Of Revenue": 808181000.0,
        "Total Revenue": 1417541000.0,
        "Operating Revenue": 1417541000.0
    },
    "2025-09-30": {
        "Tax Effect Of Unusual Items": 0.0,
        "Tax Rate For Calcs": 0.25,
        "Normalized EBITDA": 22333000.0,
        "Net Income From Continuing Operation Net Minority Interest": 120000.0,
        "Reconciled Cost Of Revenue": 940661000.0,
        "EBITDA": 22333000.0,
        "EBIT": 22333000.0,
        "Net Interest Income": -14925000.0,
        "Interest Expense": 15383000.0,
        "Interest Income": 458000.0,
        "Normalized Income": 120000.0,
        "Net Income From Continuing And Discontinued Operation": 120000.0,
        "Total Expenses": 1600258000.0,
        "Total Operating Income As Reported": 28266000.0,
        "Diluted Average Shares": 119938028.0,
        "Basic Average Shares": 118259975.0,
        "Diluted EPS": 0.0,
        "Basic EPS": 0.0,
        "Diluted NI Availto Com Stockholders": 120000.0,
        "Net Income Common Stockholders": 120000.0,
        "Net Income": 120000.0,
        "Minority Interests": -3905000.0,
        "Net Income Including Noncontrolling Interests": 4025000.0,
        "Net Income Continuous Operations": 4025000.0,
        "Tax Provision": 2925000.0,
        "Pretax Income": 6950000.0,
        "Other Income Expense": -6391000.0,
        "Other Non Operating Income Expenses": -6391000.0,
        "Net Non Operating Interest Income Expense": -14925000.0,
        "Interest Expense Non Operating": 15383000.0,
        "Interest Income Non Operating": 458000.0,
        "Operating Income": 28266000.0,
        "Operating Expense": 659597000.0,
        "Research And Development": 127792000.0,
        "Selling General And Administration": 531805000.0,
        "Selling And Marketing Expense": 487713000.0,
        "General And Administrative Expense": 44092000.0,
        "Other Gand A": 44092000.0,
        "Gross Profit": 687863000.0,
        "Cost Of Revenue": 940661000.0,
        "Total Revenue": 1628524000.0,
        "Operating Revenue": 1628524000.0
    }
}