{
    "2023-03-31": {
        "Tax Effect Of Unusual Items": -770660.0,
        "Tax Rate For Calcs": 0.124,
        "Normalized EBITDA": 389349000.0,
        "Total Unusual Items": -6215000.0,
        "Total Unusual Items Excluding Goodwill": -6215000.0,
        "Net Income From Continuing Operation Net Minority Interest": 185801000.0,
        "Reconciled Depreciation": 116006000.0,
        "Reconciled Cost Of Revenue": 1366973000.0,
        "EBITDA": 383134000.0,
        "EBIT": 267128000.0,
        "Net Interest Income": -50299000.0,
        "Interest Expense": 50299000.0,
        "Normalized Income": 191245340.0,
        "Net Income From Continuing And Discontinued Operation": 185801000.0,
        "Total Expenses": 1618445000.0,
        "Total Operating Income As Reported": 255845000.0,
        "Diluted Average Shares": 162817000.0,
        "Basic Average Shares": 160145000.0,
        "Diluted EPS": 1.14,
        "Basic EPS": 1.16,
        "Diluted NI Availto Com Stockholders": 185801000.0,
        "Net Income Common Stockholders": 185801000.0,
        "Net Income": 185801000.0,
        "Minority Interests": -4054000.0,
        "Net Income Including Noncontrolling Interests": 189855000.0,
        "Net Income Continuous Operations": 189855000.0,
        "Tax Provision": 26974000.0,
        "Pretax Income": 216829000.0,
        "Other Income Expense": 94401000.0,
        "Other Non Operating Income Expenses": 6159000.0,
        "Special Income Charges": -11219000.0,
        "Gain On Sale Of Ppe": 327000.0,
        "Restructuring And Mergern Acquisition": 11546000.0,
        "Earnings From Equity Interest": 94457000.0,
        "Gain On Sale Of Security": 5004000.0,
        "Net Non Operating Interest Income Expense": -50299000.0,
        "Interest Expense Non Operating": 50299000.0,
        "Operating Income": 172727000.0,
        "Operating Expense": 251472000.0,
        "Depreciation Amortization Depletion Income Statement": 116006000.0,
        "Depreciation And Amortization In Income Statement": 116006000.0,
        "Selling General And Administration": 135466000.0,
        "Gross Profit": 424199000.0,
        "Cost Of Revenue": 1366973000.0,
        "Total Revenue": 1791172000.0,
        "Operating Revenue": 1791172000.0
    },
    "2022-12-31": {
        "Tax Effect Of Unusual Items": -5622403.106081,
        "Tax Rate For Calcs": 0.192647,
        "Normalized EBITDA": 389934000.0,
        "Total Unusual Items": -29185000.0,
        "Total Unusual Items Excluding Goodwill": -29185000.0,
        "Net Income From Continuing Operation Net Minority Interest": 156560000.0,
        "Reconciled Depreciation": 117384000.0,
        "Reconciled Cost Of Revenue": 1379288000.0,
        "EBITDA": 360749000.0,
        "EBIT": 243365000.0,
        "Net Interest Income": -46139000.0,
        "Interest Expense": 46139000.0,
        "Normalized Income": 180122596.893919,
        "Net Income From Continuing And Discontinued Operation": 156560000.0,
        "Total Expenses": 1618392000.0,
        "Total Operating Income As Reported": 249226000.0,
        "Diluted Average Shares": 163504000.0,
        "Basic Average Shares": 159755102.0,
        "Diluted EPS": 0.96,
        "Basic EPS": 0.98,
        "Diluted NI Availto Com Stockholders": 156560000.0,
        "Net Income Common Stockholders": 156560000.0,
        "Net Income": 156560000.0,
        "Minority Interests": -2671000.0,
        "Net Income Including Noncontrolling Interests": 159231000.0,
        "Net Income Continuous Operations": 159231000.0,
        "Tax Provision": 37995000.0,
        "Pretax Income": 197226000.0,
        "Other Income Expense": 93674000.0,
        "Other Non Operating Income Expenses": 242000.0,
        "Special Income Charges": -23913000.0,
        "Gain On Sale Of Ppe": -66000.0,
        "Restructuring And Mergern Acquisition": 23847000.0,
        "Earnings From Equity Interest": 122617000.0,
        "Gain On Sale Of Security": -5272000.0,
        "Net Non Operating Interest Income Expense": -46139000.0,
        "Interest Expense Non Operating": 46139000.0,
        "Operating Income": 149691000.0,
        "Operating Expense": 239104000.0,
        "Depreciation Amortization Depletion Income Statement": 117384000.0,
        "Depreciation And Amortization In Income Statement": 117384000.0,
        "Selling General And Administration": 121720000.0,
        "Gross Profit": 388795000.0,
        "Cost Of Revenue": 1379288000.0,
        "Total Revenue": 1768083000.0,
        "Operating Revenue": 1768083000.0
    },
    "2022-09-30": {
        "Tax Effect Of Unusual Items": -291400.0,
        "Tax Rate For Calcs": 0.155,
        "Normalized EBITDA": 374190000.0,
        "Total Unusual Items": -1880000.0,
        "Total Unusual Items Excluding Goodwill": -1880000.0,
        "Net Income From Continuing Operation Net Minority Interest": 191081000.0,
        "Reconciled Depreciation": 104978000.0,
        "Reconciled Cost Of Revenue": 1371237000.0,
        "EBITDA": 372310000.0,
        "EBIT": 267332000.0,
        "Net Interest Income": -39816000.0,
        "Interest Expense": 39816000.0,
        "Normalized Income": 192669600.0,
        "Net Income From Continuing And Discontinued Operation": 191081000.0,
        "Total Expenses": 1581295000.0,
        "Total Operating Income As Reported": 268331000.0,
        "Diluted Average Shares": 163635000.0,
        "Basic Average Shares": 160587000.0,
        "Diluted EPS": 1.17,
        "Basic EPS": 1.19,
        "Diluted NI Availto Com Stockholders": 191081000.0,
        "Net Income Common Stockholders": 191081000.0,
        "Net Income": 191081000.0,
        "Minority Interests": -1220000.0,
        "Net Income Including Noncontrolling Interests": 192301000.0,
        "Net Income Continuous Operations": 192301000.0,
        "Tax Provision": 35215000.0,
        "Pretax Income": 227516000.0,
        "Other Income Expense": 101028000.0,
        "Other Non Operating Income Expenses": -2807000.0,
        "Special Income Charges": -1387000.0,
        "Gain On Sale Of Ppe": 3116000.0,
        "Restructuring And Mergern Acquisition": 4503000.0,
        "Earnings From Equity Interest": 105715000.0,
        "Gain On Sale Of Security": -493000.0,
        "Net Non Operating Interest Income Expense": -39816000.0,
        "Interest Expense Non Operating": 39816000.0,
        "Operating Income": 166304000.0,
        "Operating Expense": 210058000.0,
        "Depreciation Amortization Depletion Income Statement": 104978000.0,
        "Depreciation And Amortization In Income Statement": 104978000.0,
        "Selling General And Administration": 105080000.0,
        "Gross Profit": 376362000.0,
        "Cost Of Revenue": 1371237000.0,
        "Total Revenue": 1747599000.0,
        "Operating Revenue": 1747599000.0
    },
    "2022-06-30": {
        "Tax Effect Of Unusual Items": -3247136.0,
        "Tax Rate For Calcs": 0.188,
        "Normalized EBITDA": 386555000.0,
        "Total Unusual Items": -17272000.0,
        "Total Unusual Items Excluding Goodwill": -17272000.0,
        "Net Income From Continuing Operation Net Minority Interest": 201996000.0,
        "Reconciled Depreciation": 93113000.0,
        "Reconciled Cost Of Revenue": 1231507000.0,
        "EBITDA": 369283000.0,
        "EBIT": 276170000.0,
        "Net Interest Income": -24008000.0,
        "Interest Expense": 24008000.0,
        "Normalized Income": 216020864.0,
        "Net Income From Continuing And Discontinued Operation": 201996000.0,
        "Total Expenses": 1432396000.0,
        "Total Operating Income As Reported": 278612000.0,
        "Diluted Average Shares": 164745000.0,
        "Basic Average Shares": 161632000.0,
        "Diluted EPS": 1.23,
        "Basic EPS": 1.25,
        "Diluted NI Availto Com Stockholders": 201996000.0,
        "Net Income Common Stockholders": 201996000.0,
        "Net Income": 201996000.0,
        "Minority Interests": -2833000.0,
        "Net Income Including Noncontrolling Interests": 204829000.0,
        "Net Income Continuous Operations": 204829000.0,
        "Tax Provision": 47333000.0,
        "Pretax Income": 252162000.0,
        "Other Income Expense": 58378000.0,
        "Other Non Operating Income Expenses": -302000.0,
        "Special Income Charges": -12860000.0,
        "Gain On Sale Of Ppe": 1055000.0,
        "Restructuring And Mergern Acquisition": 13915000.0,
        "Earnings From Equity Interest": 75952000.0,
        "Gain On Sale Of Security": -4412000.0,
        "Net Non Operating Interest Income Expense": -24008000.0,
        "Interest Expense Non Operating": 24008000.0,
        "Operating Income": 217792000.0,
        "Operating Expense": 200889000.0,
        "Depreciation Amortization Depletion Income Statement": 93113000.0,
        "Depreciation And Amortization In Income Statement": 93113000.0,
        "Selling General And Administration": 107776000.0,
        "Gross Profit": 418681000.0,
        "Cost Of Revenue": 1231507000.0,
        "Total Revenue": 1650188000.0,
        "Operating Revenue": 1650188000.0
    },
    "2022-03-31": {
        "Diluted EPS": 1.14,
        "Total Revenue": NaN,
        "Gross Profit": 346,
        "Operating Income": 233,
        "EBIT": 313,
        "Net Income": 188
    },
    "2021-12-31": {
        "Diluted EPS": 0.95,
        "Total Revenue": NaN,
        "Gross Profit": 321,
        "Operating Income": 211,
        "EBIT": 293,
        "Net Income": 156
    },
    "2021-09-30": {
        "Diluted EPS": 0.88,
        "Total Revenue": NaN,
        "Gross Profit": 326,
        "Operating Income": 206,
        "EBIT": 284,
        "Net Income": 147
    },
    "2021-06-30": {
        "Diluted EPS": 1.17,
        "Total Revenue": NaN,
        "Gross Profit": 321,
        "Operating Income": 268,
        "EBIT": 348,
        "Net Income": 197
    },
    "2021-03-31": {
        "Diluted EPS": 0.9,
        "Total Revenue": NaN,
        "Gross Profit": 274,
        "Operating Income": 200,
        "EBIT": 279,
        "Net Income": 152
    },
    "2020-12-31": {
        "Diluted EPS": 0.27,
        "Total Revenue": NaN,
        "Gross Profit": 249,
        "Operating Income": 74,
        "EBIT": 172,
        "Net Income": 45
    },
    "2020-09-30": {
        "Diluted EPS": 0.61,
        "Total Revenue": 851,
        "Gross Profit": 212,
        "Operating Income": 127,
        "EBIT": 215,
        "Net Income": 101
    },
    "2020-06-30": {
        "Diluted EPS": 0.39,
        "Total Revenue": 849,
        "Gross Profit": 216,
        "Operating Income": 106,
        "EBIT": 191,
        "Net Income": 65
    },
    "2020-03-31": {
        "Diluted EPS": 0.51,
        "Total Revenue": 853,
        "Gross Profit": 206,
        "Operating Income": 123,
        "EBIT": 209,
        "Net Income": 86
    },
    "2019-12-31": {
        "Diluted EPS": 1.44,
        "Total Revenue": 859,
        "Gross Profit": 219,
        "Operating Income": 293,
        "EBIT": 381,
        "Net Income": 243
    },
    "2019-09-30": {
        "Diluted EPS": 0.15,
        "Total Revenue": 842,
        "Gross Profit": 189,
        "Operating Income": 60,
        "EBIT": 142,
        "Net Income": 26
    },
    "2019-06-30": {
        "Diluted EPS": 0.16,
        "Total Revenue": 827,
        "Gross Profit": 183,
        "Operating Income": 74,
        "EBIT": 155,
        "Net Income": 26
    },
    "2019-03-31": {
        "Diluted EPS": 0.11,
        "Total Revenue": 835,
        "Gross Profit": 184,
        "Operating Income": 49,
        "EBIT": 129,
        "Net Income": 18
    },
    "2018-12-31": {
        "Diluted EPS": 0.24,
        "Total Revenue": 853,
        "Gross Profit": 185,
        "Operating Income": 186,
        "EBIT": 273,
        "Net Income": 41
    },
    "2018-09-30": {
        "Diluted EPS": -0.04,
        "Total Revenue": 813,
        "Gross Profit": 165,
        "Operating Income": 16,
        "EBIT": 96,
        "Net Income": -6
    },
    "2018-06-30": {
        "Diluted EPS": -0.18,
        "Total Revenue": 847,
        "Gross Profit": 194,
        "Operating Income": 22,
        "EBIT": 102,
        "Net Income": -30
    },
    "2018-03-31": {
        "Diluted EPS": 0.58,
        "Total Revenue": 875,
        "Gross Profit": 197,
        "Operating Income": 32,
        "EBIT": 113,
        "Net Income": 97
    },
    "2017-12-31": {
        "Diluted EPS": 0.63,
        "Total Revenue": 953,
        "Gross Profit": 207,
        "Operating Income": 64,
        "EBIT": 147,
        "Net Income": 106
    },
    "2017-09-30": {
        "Diluted EPS": 0.05,
        "Total Revenue": 936,
        "Gross Profit": 194,
        "Operating Income": 34,
        "EBIT": 114,
        "Net Income": 8
    },
    "2017-06-30": {
        "Diluted EPS": 0.05,
        "Total Revenue": 895,
        "Gross Profit": 196,
        "Operating Income": 38,
        "EBIT": 113,
        "Net Income": 9
    },
    "2017-03-31": {
        "Diluted EPS": 0.04,
        "Total Revenue": 879,
        "Gross Profit": 191,
        "Operating Income": 33,
        "EBIT": 106,
        "Net Income": 6
    },
    "2016-12-31": {
        "Diluted EPS": 0.25,
        "Total Revenue": 881,
        "Gross Profit": 193,
        "Operating Income": 38,
        "EBIT": 118,
        "Net Income": 41
    },
    "2016-09-30": {
        "Diluted EPS": 0.17,
        "Total Revenue": 854,
        "Gross Profit": 183,
        "Operating Income": 36,
        "EBIT": 109,
        "Net Income": 29
    },
    "2016-06-30": {
        "Diluted EPS": 0.19,
        "Total Revenue": 877,
        "Gross Profit": 200,
        "Operating Income": 54,
        "EBIT": 130,
        "Net Income": 32
    },
    "2016-03-31": {
        "Diluted EPS": 0.01,
        "Total Revenue": 780,
        "Gross Profit": 181,
        "Operating Income": 27,
        "EBIT": 99,
        "Net Income": 1
    },
    "2015-12-31": {
        "Diluted EPS": 0.52,
        "Total Revenue": 803,
        "Gross Profit": 174,
        "Operating Income": 33,
        "EBIT": 113,
        "Net Income": 84
    },
    "2015-09-30": {
        "Diluted EPS": -0.06,
        "Total Revenue": 854,
        "Gross Profit": 182,
        "Operating Income": 39,
        "EBIT": 106,
        "Net Income": -9
    },
    "2015-06-30": {
        "Diluted EPS": 0.02,
        "Total Revenue": 859,
        "Gross Profit": 191,
        "Operating Income": 39,
        "EBIT": 106,
        "Net Income": 3
    },
    "2015-03-31": {
        "Diluted EPS": 0.0,
        "Total Revenue": 875,
        "Gross Profit": 190,
        "Operating Income": 32,
        "EBIT": 98,
        "Net Income": 0
    },
    "2014-12-31": {
        "Diluted EPS": 0.42,
        "Total Revenue": NaN,
        "Gross Profit": 206,
        "Operating Income": 40,
        "EBIT": 109,
        "Net Income": 70
    },
    "2014-09-30": {
        "Diluted EPS": 0.09,
        "Total Revenue": 979,
        "Gross Profit": 215,
        "Operating Income": 50,
        "EBIT": 117,
        "Net Income": 14
    },
    "2014-06-30": {
        "Diluted EPS": 0.2,
        "Total Revenue": NaN,
        "Gross Profit": 242,
        "Operating Income": 75,
        "EBIT": 143,
        "Net Income": 33
    },
    "2014-03-31": {
        "Diluted EPS": -0.32,
        "Total Revenue": 946,
        "Gross Profit": 171,
        "Operating Income": -1,
        "EBIT": 65,
        "Net Income": -53
    },
    "2013-12-31": {
        "Diluted EPS": 0.19,
        "Total Revenue": 507,
        "Gross Profit": 110,
        "Operating Income": 19,
        "EBIT": 50,
        "Net Income": 22
    },
    "2013-09-30": {
        "Diluted EPS": 0.23,
        "Total Revenue": 426,
        "Gross Profit": 116,
        "Operating Income": 42,
        "EBIT": 65,
        "Net Income": 28
    },
    "2013-06-30": {
        "Diluted EPS": 0.22,
        "Total Revenue": 424,
        "Gross Profit": 114,
        "Operating Income": 51,
        "EBIT": 73,
        "Net Income": 26
    },
    "2013-03-31": {
        "Diluted EPS": 0.27,
        "Total Revenue": 445,
        "Gross Profit": 123,
        "Operating Income": 59,
        "EBIT": 80,
        "Net Income": 32
    },
    "2012-12-31": {
        "Diluted EPS": 0.25,
        "Total Revenue": 496,
        "Gross Profit": 111,
        "Operating Income": 49,
        "EBIT": 72,
        "Net Income": 29
    },
    "2012-09-30": {
        "Diluted EPS": 0.31,
        "Total Revenue": 453,
        "Gross Profit": 125,
        "Operating Income": 66,
        "EBIT": 86,
        "Net Income": 37
    },
    "2012-06-30": {
        "Diluted EPS": 0.31,
        "Total Revenue": 437,
        "Gross Profit": 123,
        "Operating Income": 64,
        "EBIT": 86,
        "Net Income": 36
    },
    "2012-03-31": {
        "Diluted EPS": 0.24,
        "Total Revenue": 387,
        "Gross Profit": 111,
        "Operating Income": 53,
        "EBIT": 73,
        "Net Income": 29
    },
    "2011-12-31": {
        "Diluted EPS": 0.25,
        "Total Revenue": 431,
        "Gross Profit": 116,
        "Operating Income": 59,
        "EBIT": 80,
        "Net Income": 29
    },
    "2011-09-30": {
        "Diluted EPS": 0.35,
        "Total Revenue": 456,
        "Gross Profit": 129,
        "Operating Income": 75,
        "EBIT": 94,
        "Net Income": 41
    },
    "2011-06-30": {
        "Diluted EPS": 0.44,
        "Total Revenue": 471,
        "Gross Profit": 145,
        "Operating Income": 92,
        "EBIT": 111,
        "Net Income": 52
    },
    "2011-03-31": {
        "Diluted EPS": 0.43,
        "Total Revenue": 440,
        "Gross Profit": 139,
        "Operating Income": 88,
        "EBIT": 108,
        "Net Income": 47
    },
    "2010-12-31": {
        "Diluted EPS": 0.11,
        "Total Revenue": 227,
        "Gross Profit": 65,
        "Operating Income": 25,
        "EBIT": 35,
        "Net Income": 10
    },
    "2010-09-30": {
        "Diluted EPS": 0.14,
        "Total Revenue": 169,
        "Gross Profit": 43,
        "Operating Income": 19,
        "EBIT": 27,
        "Net Income": 11
    },
    "2010-06-30": {
        "Diluted EPS": 0.14,
        "Total Revenue": 166,
        "Gross Profit": 42,
        "Operating Income": 19,
        "EBIT": 26,
        "Net Income": 11
    },
    "2010-03-31": {
        "Diluted EPS": 0.14,
        "Total Revenue": 163,
        "Gross Profit": 42,
        "Operating Income": 20,
        "EBIT": 27,
        "Net Income": 11
    },
    "2009-12-31": {
        "Diluted EPS": 0.12,
        "Total Revenue": 150,
        "Gross Profit": 40,
        "Operating Income": 17,
        "EBIT": 24,
        "Net Income": 9
    },
    "2009-09-30": {
        "Diluted EPS": 0.19,
        "Total Revenue": 160,
        "Gross Profit": 47,
        "Operating Income": 25,
        "EBIT": 31,
        "Net Income": 16
    },
    "2009-06-30": {
        "Diluted EPS": 0.14,
        "Total Revenue": 155,
        "Gross Profit": 42,
        "Operating Income": 20,
        "EBIT": 26,
        "Net Income": 12
    },
    "2009-03-31": {
        "Diluted EPS": 0.06,
        "Total Revenue": 133,
        "Gross Profit": 29,
        "Operating Income": 9,
        "EBIT": 15,
        "Net Income": 5
    },
    "2023-06-30": {
        "Tax Effect Of Unusual Items": 983664.0,
        "Tax Rate For Calcs": 0.138,
        "Normalized EBITDA": 481060000.0,
        "Total Unusual Items": 7128000.0,
        "Total Unusual Items Excluding Goodwill": 7128000.0,
        "Net Income From Continuing Operation Net Minority Interest": 252383000.0,
        "Reconciled Depreciation": 122086000.0,
        "Reconciled Cost Of Revenue": 1359702000.0,
        "EBITDA": 488188000.0,
        "EBIT": 366102000.0,
        "Net Interest Income": -70193000.0,
        "Interest Expense": 70193000.0,
        "Normalized Income": 246238664.0,
        "Net Income From Continuing And Discontinued Operation": 252383000.0,
        "Total Expenses": 1618539000.0,
        "Total Operating Income As Reported": 356684000.0,
        "Diluted Average Shares": 162370000.0,
        "Basic Average Shares": 159810000.0,
        "Diluted EPS": 1.55,
        "Basic EPS": 1.58,
        "Diluted NI Availto Com Stockholders": 252383000.0,
        "Net Income Common Stockholders": 252383000.0,
        "Net Income": 252383000.0,
        "Minority Interests": -2814000.0,
        "Net Income Including Noncontrolling Interests": 255197000.0,
        "Net Income Continuous Operations": 255197000.0,
        "Tax Provision": 40712000.0,
        "Pretax Income": 295909000.0,
        "Other Income Expense": 227020000.0,
        "Other Non Operating Income Expenses": 5079000.0,
        "Special Income Charges": 4638000.0,
        "Gain On Sale Of Ppe": -259000.0,
        "Restructuring And Mergern Acquisition": -4897000.0,
        "Earnings From Equity Interest": 214813000.0,
        "Gain On Sale Of Security": 2490000.0,
        "Net Non Operating Interest Income Expense": -70193000.0,
        "Interest Expense Non Operating": 70193000.0,
        "Operating Income": 139082000.0,
        "Operating Expense": 258837000.0,
        "Depreciation Amortization Depletion Income Statement": 122086000.0,
        "Depreciation And Amortization In Income Statement": 122086000.0,
        "Selling General And Administration": 136751000.0,
        "Gross Profit": 397919000.0,
        "Cost Of Revenue": 1359702000.0,
        "Total Revenue": 1757621000.0,
        "Operating Revenue": 1757621000.0
    },
    "2023-09-30": {
        "Tax Effect Of Unusual Items": NaN,
        "Tax Rate For Calcs": NaN,
        "Normalized EBITDA": NaN,
        "Total Unusual Items": NaN,
        "Total Unusual Items Excluding Goodwill": NaN,
        "Net Income From Continuing Operation Net Minority Interest": NaN,
        "Reconciled Depreciation": NaN,
        "Reconciled Cost Of Revenue": NaN,
        "EBITDA": NaN,
        "EBIT": NaN,
        "Net Interest Income": NaN,
        "Interest Expense": NaN,
        "Normalized Income": NaN,
        "Net Income From Continuing And Discontinued Operation": NaN,
        "Total Expenses": NaN,
        "Total Operating Income As Reported": NaN,
        "Diluted Average Shares": 162425000.0,
        "Basic Average Shares": 159727000.0,
        "Diluted EPS": 0.77,
        "Basic EPS": 0.78,
        "Diluted NI Availto Com Stockholders": NaN,
        "Net Income Common Stockholders": NaN,
        "Net Income": NaN,
        "Minority Interests": NaN,
        "Net Income Including Noncontrolling Interests": NaN,
        "Net Income Continuous Operations": NaN,
        "Tax Provision": NaN,
        "Pretax Income": NaN,
        "Other Income Expense": NaN,
        "Other Non Operating Income Expenses": NaN,
        "Special Income Charges": NaN,
        "Gain On Sale Of Ppe": NaN,
        "Restructuring And Mergern Acquisition": NaN,
        "Earnings From Equity Interest": NaN,
        "Gain On Sale Of Security": NaN,
        "Net Non Operating Interest Income Expense": NaN,
        "Interest Expense Non Operating": NaN,
        "Operating Income": NaN,
        "Operating Expense": NaN,
        "Depreciation Amortization Depletion Income Statement": NaN,
        "Depreciation And Amortization In Income Statement": NaN,
        "Selling General And Administration": NaN,
        "Gross Profit": NaN,
        "Cost Of Revenue": NaN,
        "Total Revenue": NaN,
        "Operating Revenue": NaN
    },
    "2023-12-31": {
        "Tax Effect Of Unusual Items": -916273.729657,
        "Tax Rate For Calcs": 0.076676,
        "Normalized EBITDA": 312834000.0,
        "Total Unusual Items": -11950000.0,
        "Total Unusual Items Excluding Goodwill": -11950000.0,
        "Net Income From Continuing Operation Net Minority Interest": 84516000.0,
        "Reconciled Depreciation": 137929000.0,
        "Reconciled Cost Of Revenue": 1177652000.0,
        "EBITDA": 300884000.0,
        "EBIT": 162955000.0,
        "Net Interest Income": -68453000.0,
        "Interest Expense": 68453000.0,
        "Normalized Income": 95549726.270343,
        "Net Income From Continuing And Discontinued Operation": 84516000.0,
        "Total Expenses": 1448201000.0,
        "Total Operating Income As Reported": 158828000.0,
        "Diluted Average Shares": 161935000.0,
        "Basic Average Shares": 159464151.0,
        "Diluted EPS": 0.52,
        "Basic EPS": 0.53,
        "Diluted NI Availto Com Stockholders": 84516000.0,
        "Net Income Common Stockholders": 84516000.0,
        "Net Income": 84516000.0,
        "Minority Interests": -2740000.0,
        "Net Income Including Noncontrolling Interests": 87256000.0,
        "Net Income Continuous Operations": 87256000.0,
        "Tax Provision": 7246000.0,
        "Pretax Income": 94502000.0,
        "Other Income Expense": -2927000.0,
        "Other Non Operating Income Expenses": 2825000.0,
        "Special Income Charges": -11744000.0,
        "Gain On Sale Of Ppe": 8282000.0,
        "Restructuring And Mergern Acquisition": 20026000.0,
        "Earnings From Equity Interest": 6198000.0,
        "Gain On Sale Of Security": -206000.0,
        "Net Non Operating Interest Income Expense": -68453000.0,
        "Interest Expense Non Operating": 68453000.0,
        "Operating Income": 165882000.0,
        "Operating Expense": 270549000.0,
        "Depreciation Amortization Depletion Income Statement": 137929000.0,
        "Depreciation And Amortization In Income Statement": 137929000.0,
        "Selling General And Administration": 132620000.0,
        "Gross Profit": 436431000.0,
        "Cost Of Revenue": 1177652000.0,
        "Total Revenue": 1614083000.0,
        "Operating Revenue": 1614083000.0
    },
    "2024-03-31": {
        "Tax Effect Of Unusual Items": 1005597.227908,
        "Tax Rate For Calcs": 0.045699,
        "Normalized EBITDA": 253875000.0,
        "Total Unusual Items": 22005000.0,
        "Total Unusual Items Excluding Goodwill": 22005000.0,
        "Net Income From Continuing Operation Net Minority Interest": 81157000.0,
        "Reconciled Depreciation": 127509000.0,
        "Reconciled Cost Of Revenue": 1116666000.0,
        "EBITDA": 275880000.0,
        "EBIT": 148371000.0,
        "Net Interest Income": -62876000.0,
        "Interest Expense": 62876000.0,
        "Normalized Income": 60157597.227908,
        "Net Income From Continuing And Discontinued Operation": 81157000.0,
        "Total Expenses": 1383318000.0,
        "Total Operating Income As Reported": 137169000.0,
        "Diluted Average Shares": 161905000.0,
        "Basic Average Shares": 159812000.0,
        "Diluted EPS": 0.5,
        "Basic EPS": 0.51,
        "Diluted NI Availto Com Stockholders": 81157000.0,
        "Net Income Common Stockholders": 81157000.0,
        "Net Income": 81157000.0,
        "Minority Interests": -431000.0,
        "Net Income Including Noncontrolling Interests": 81588000.0,
        "Net Income Continuous Operations": 81588000.0,
        "Tax Provision": 3907000.0,
        "Pretax Income": 85495000.0,
        "Other Income Expense": 111390000.0,
        "Other Non Operating Income Expenses": 8656000.0,
        "Special Income Charges": 21769000.0,
        "Gain On Sale Of Ppe": 574000.0,
        "Restructuring And Mergern Acquisition": -21195000.0,
        "Earnings From Equity Interest": 80729000.0,
        "Gain On Sale Of Security": 236000.0,
        "Net Non Operating Interest Income Expense": -62876000.0,
        "Interest Expense Non Operating": 62876000.0,
        "Operating Income": 36981000.0,
        "Operating Expense": 266652000.0,
        "Depreciation Amortization Depletion Income Statement": 127509000.0,
        "Depreciation And Amortization In Income Statement": 127509000.0,
        "Selling General And Administration": 139143000.0,
        "Gross Profit": 303633000.0,
        "Cost Of Revenue": 1116666000.0,
        "Total Revenue": 1420299000.0,
        "Operating Revenue": 1420299000.0
    },
    "2024-06-30": {
        "Tax Effect Of Unusual Items": 289647.0,
        "Tax Rate For Calcs": 0.009,
        "Normalized EBITDA": 243786000.0,
        "Total Unusual Items": 32183000.0,
        "Total Unusual Items Excluding Goodwill": 32183000.0,
        "Net Income From Continuing Operation Net Minority Interest": 78866000.0,
        "Reconciled Depreciation": 124605000.0,
        "Reconciled Cost Of Revenue": 1128421000.0,
        "EBITDA": 275969000.0,
        "EBIT": 151364000.0,
        "Net Interest Income": -69225000.0,
        "Interest Expense": 69225000.0,
        "Normalized Income": 46972647.0,
        "Net Income From Continuing And Discontinued Operation": 78866000.0,
        "Total Expenses": 1382757000.0,
        "Total Operating Income As Reported": 148502000.0,
        "Diluted Average Shares": 161705000.0,
        "Basic Average Shares": 160951020.0,
        "Diluted EPS": 0.49,
        "Basic EPS": 0.49,
        "Diluted NI Availto Com Stockholders": 78866000.0,
        "Net Income Common Stockholders": 78866000.0,
        "Net Income": 78866000.0,
        "Minority Interests": -2499000.0,
        "Net Income Including Noncontrolling Interests": 81365000.0,
        "Net Income Continuous Operations": 81365000.0,
        "Tax Provision": 774000.0,
        "Pretax Income": 82139000.0,
        "Other Income Expense": 78829000.0,
        "Other Non Operating Income Expenses": -568000.0,
        "Special Income Charges": 31770000.0,
        "Gain On Sale Of Ppe": -222000.0,
        "Other Special Charges": NaN,
        "Restructuring And Mergern Acquisition": -31992000.0,
        "Earnings From Equity Interest": 47214000.0,
        "Gain On Sale Of Security": 413000.0,
        "Net Non Operating Interest Income Expense": -69225000.0,
        "Interest Expense Non Operating": 69225000.0,
        "Operating Income": 72535000.0,
        "Operating Expense": 254336000.0,
        "Depreciation Amortization Depletion Income Statement": 124605000.0,
        "Depreciation And Amortization In Income Statement": 124605000.0,
        "Selling General And Administration": 129731000.0,
        "Gross Profit": 326871000.0,
        "Cost Of Revenue": 1128421000.0,
        "Total Revenue": 1455292000.0,
        "Operating Revenue": 1455292000.0
    },
    "2024-09-30": {
        "Tax Effect Of Unusual Items": -3519390.0,
        "Tax Rate For Calcs": 0.21,
        "Normalized EBITDA": 208802000.0,
        "Total Unusual Items": -16759000.0,
        "Total Unusual Items Excluding Goodwill": -16759000.0,
        "Net Income From Continuing Operation Net Minority Interest": 16949000.0,
        "Reconciled Depreciation": 123553000.0,
        "Reconciled Cost Of Revenue": 1108319000.0,
        "EBITDA": 192043000.0,
        "EBIT": 68490000.0,
        "Net Interest Income": -66846000.0,
        "Interest Expense": 66846000.0,
        "Normalized Income": 30188610.0,
        "Net Income From Continuing And Discontinued Operation": 16949000.0,
        "Total Expenses": 1347589000.0,
        "Total Operating Income As Reported": 60107000.0,
        "Diluted Average Shares": 160991000.0,
        "Basic Average Shares": 154081818.0,
        "Diluted EPS": 0.11,
        "Basic EPS": 0.11,
        "Diluted NI Availto Com Stockholders": 16949000.0,
        "Net Income Common Stockholders": 16949000.0,
        "Net Income": 16949000.0,
        "Minority Interests": -2166000.0,
        "Net Income Including Noncontrolling Interests": 19115000.0,
        "Net Income Continuous Operations": 19115000.0,
        "Tax Provision": -17471000.0,
        "Pretax Income": 1644000.0,
        "Other Income Expense": -5812000.0,
        "Other Non Operating Income Expenses": 4735000.0,
        "Special Income Charges": -16625000.0,
        "Gain On Sale Of Ppe": -251000.0,
        "Other Special Charges": NaN,
        "Restructuring And Mergern Acquisition": 16374000.0,
        "Earnings From Equity Interest": 6212000.0,
        "Gain On Sale Of Security": -134000.0,
        "Net Non Operating Interest Income Expense": -66846000.0,
        "Interest Expense Non Operating": 66846000.0,
        "Operating Income": 74302000.0,
        "Operating Expense": 239270000.0,
        "Depreciation Amortization Depletion Income Statement": 123553000.0,
        "Depreciation And Amortization In Income Statement": 123553000.0,
        "Selling General And Administration": 115717000.0,
        "Gross Profit": 313572000.0,
        "Cost Of Revenue": 1108319000.0,
        "Total Revenue": 1421891000.0,
        "Operating Revenue": 1421891000.0
    },
    "2024-12-31": {
        "Tax Effect Of Unusual Items": -284760.0,
        "Tax Rate For Calcs": 0.21,
        "Normalized EBITDA": 262655000.0,
        "Total Unusual Items": -1356000.0,
        "Total Unusual Items Excluding Goodwill": -1356000.0,
        "Net Income From Continuing Operation Net Minority Interest": 101908000.0,
        "Reconciled Depreciation": 128158000.0,
        "Reconciled Cost Of Revenue": 1083931000.0,
        "EBITDA": 261299000.0,
        "EBIT": 133141000.0,
        "Net Interest Income": -54911000.0,
        "Interest Expense": 54911000.0,
        "Normalized Income": 102979240.0,
        "Net Income From Continuing And Discontinued Operation": 101908000.0,
        "Total Expenses": 1319603000.0,
        "Total Operating Income As Reported": 122439000.0,
        "Diluted Average Shares": 161071000.0,
        "Basic Average Shares": 159231250.0,
        "Diluted EPS": 0.63,
        "Basic EPS": 0.64,
        "Diluted NI Availto Com Stockholders": 101908000.0,
        "Net Income Common Stockholders": 101908000.0,
        "Net Income": 101908000.0,
        "Minority Interests": -1869000.0,
        "Net Income Including Noncontrolling Interests": 103777000.0,
        "Net Income Continuous Operations": 103777000.0,
        "Tax Provision": -25547000.0,
        "Pretax Income": 78230000.0,
        "Other Income Expense": 35051000.0,
        "Other Non Operating Income Expenses": 9486000.0,
        "Special Income Charges": 313000.0,
        "Gain On Sale Of Ppe": 4056000.0,
        "Other Special Charges": NaN,
        "Restructuring And Mergern Acquisition": 3743000.0,
        "Earnings From Equity Interest": 26921000.0,
        "Gain On Sale Of Security": -1669000.0,
        "Net Non Operating Interest Income Expense": -54911000.0,
        "Interest Expense Non Operating": 54911000.0,
        "Operating Income": 98090000.0,
        "Operating Expense": 235672000.0,
        "Depreciation Amortization Depletion Income Statement": 128158000.0,
        "Depreciation And Amortization In Income Statement": 128158000.0,
        "Selling General And Administration": 107514000.0,
        "Gross Profit": 333762000.0,
        "Cost Of Revenue": 1083931000.0,
        "Total Revenue": 1417693000.0,
        "Operating Revenue": 1417693000.0
    },
    "2025-03-31": {
        "Tax Effect Of Unusual Items": -386354.0,
        "Tax Rate For Calcs": 0.046,
        "Normalized EBITDA": 165233000.0,
        "Total Unusual Items": -8399000.0,
        "Total Unusual Items Excluding Goodwill": -8399000.0,
        "Net Income From Continuing Operation Net Minority Interest": -26160000.0,
        "Reconciled Depreciation": 123835000.0,
        "Reconciled Cost Of Revenue": 1069243000.0,
        "EBITDA": 156834000.0,
        "EBIT": 32999000.0,
        "Net Interest Income": -57967000.0,
        "Interest Expense": 57967000.0,
        "Normalized Income": -18147354.0,
        "Net Income From Continuing And Discontinued Operation": -26160000.0,
        "Total Expenses": 1314634000.0,
        "Total Operating Income As Reported": 28400000.0,
        "Diluted Average Shares": 163500000.0,
        "Basic Average Shares": 163500000.0,
        "Diluted EPS": -0.16,
        "Basic EPS": -0.16,
        "Diluted NI Availto Com Stockholders": -26160000.0,
        "Net Income Common Stockholders": -26160000.0,
        "Net Income": -26160000.0,
        "Minority Interests": -2346000.0,
        "Net Income Including Noncontrolling Interests": -23814000.0,
        "Net Income Continuous Operations": -23814000.0,
        "Tax Provision": -1154000.0,
        "Pretax Income": -24968000.0,
        "Other Income Expense": -32961000.0,
        "Other Non Operating Income Expenses": 3333000.0,
        "Special Income Charges": -7037000.0,
        "Gain On Sale Of Ppe": -62000.0,
        "Other Special Charges": NaN,
        "Restructuring And Mergern Acquisition": 6975000.0,
        "Earnings From Equity Interest": -27895000.0,
        "Gain On Sale Of Security": -1362000.0,
        "Net Non Operating Interest Income Expense": -57967000.0,
        "Interest Expense Non Operating": 57967000.0,
        "Operating Income": 65960000.0,
        "Operating Expense": 245391000.0,
        "Depreciation Amortization Depletion Income Statement": 123835000.0,
        "Depreciation And Amortization In Income Statement": 123835000.0,
        "Selling General And Administration": 121556000.0,
        "Gross Profit": 311351000.0,
        "Cost Of Revenue": 1069243000.0,
        "Total Revenue": 1380594000.0,
        "Operating Revenue": 1380594000.0
    },
    "2025-06-30": {
        "Tax Effect Of Unusual Items": -4125426.0,
        "Tax Rate For Calcs": 0.222,
        "Normalized EBITDA": 209848000.0,
        "Total Unusual Items": -18583000.0,
        "Total Unusual Items Excluding Goodwill": -18583000.0,
        "Net Income From Continuing Operation Net Minority Interest": 12661000.0,
        "Reconciled Depreciation": 121062000.0,
        "Reconciled Cost Of Revenue": 1135601000.0,
        "EBITDA": 191265000.0,
        "EBIT": 70203000.0,
        "Net Interest Income": -51873000.0,
        "Interest Expense": 51873000.0,
        "Normalized Income": 27118574.0,
        "Net Income From Continuing And Discontinued Operation": 12661000.0,
        "Total Expenses": 1394732000.0,
        "Total Operating Income As Reported": 75868000.0,
        "Diluted Average Shares": 159734000.0,
        "Basic Average Shares": 158262500.0,
        "Diluted EPS": 0.08,
        "Basic EPS": 0.08,
        "Diluted NI Availto Com Stockholders": 12661000.0,
        "Net Income Common Stockholders": 12661000.0,
        "Net Income": 12661000.0,
        "Minority Interests": -1604000.0,
        "Net Income Including Noncontrolling Interests": 14265000.0,
        "Net Income Continuous Operations": 14265000.0,
        "Tax Provision": 4065000.0,
        "Pretax Income": 18330000.0,
        "Other Income Expense": -16583000.0,
        "Other Non Operating Income Expenses": -6526000.0,
        "Special Income Charges": -19896000.0,
        "Gain On Sale Of Ppe": -952000.0,
        "Other Special Charges": 2978000.0,
        "Restructuring And Mergern Acquisition": 15966000.0,
        "Earnings From Equity Interest": 8526000.0,
        "Gain On Sale Of Security": 1313000.0,
        "Net Non Operating Interest Income Expense": -51873000.0,
        "Interest Expense Non Operating": 51873000.0,
        "Operating Income": 86786000.0,
        "Operating Expense": 259131000.0,
        "Depreciation Amortization Depletion Income Statement": 121062000.0,
        "Depreciation And Amortization In Income Statement": 121062000.0,
        "Selling General And Administration": 138069000.0,
        "Gross Profit": 345917000.0,
        "Cost Of Revenue": 1135601000.0,
        "Total Revenue": 1481518000.0,
        "Operating Revenue": 1481518000.0
    }
}