{
    "2023-03-31": {
        "Tax Effect Of Unusual Items": NaN,
        "Tax Rate For Calcs": NaN,
        "Normalized EBITDA": NaN,
        "Total Unusual Items": 3379000.0,
        "Total Unusual Items Excluding Goodwill": 3379000.0,
        "Net Income From Continuing Operation Net Minority Interest": NaN,
        "Reconciled Cost Of Revenue": NaN,
        "EBITDA": NaN,
        "EBIT": NaN,
        "Net Interest Income": NaN,
        "Interest Income": NaN,
        "Normalized Income": NaN,
        "Net Income From Continuing And Discontinued Operation": NaN,
        "Total Expenses": NaN,
        "Total Operating Income As Reported": NaN,
        "Diluted Average Shares": NaN,
        "Basic Average Shares": NaN,
        "Diluted EPS": NaN,
        "Basic EPS": NaN,
        "Diluted NI Availto Com Stockholders": NaN,
        "Net Income Common Stockholders": NaN,
        "Net Income": NaN,
        "Net Income Including Noncontrolling Interests": NaN,
        "Net Income Continuous Operations": NaN,
        "Tax Provision": NaN,
        "Pretax Income": NaN,
        "Other Income Expense": 3379000.0,
        "Special Income Charges": 3379000.0,
        "Write Off": -3379000.0,
        "Net Non Operating Interest Income Expense": NaN,
        "Total Other Finance Cost": NaN,
        "Interest Income Non Operating": NaN,
        "Operating Income": NaN,
        "Operating Expense": NaN,
        "Selling General And Administration": NaN,
        "Gross Profit": NaN,
        "Cost Of Revenue": NaN,
        "Total Revenue": NaN,
        "Operating Revenue": NaN
    },
    "2022-12-31": {
        "Tax Effect Of Unusual Items": NaN,
        "Tax Rate For Calcs": NaN,
        "Normalized EBITDA": NaN,
        "Total Unusual Items": -2340000.0,
        "Total Unusual Items Excluding Goodwill": -2340000.0,
        "Net Income From Continuing Operation Net Minority Interest": NaN,
        "Reconciled Cost Of Revenue": NaN,
        "EBITDA": NaN,
        "EBIT": NaN,
        "Net Interest Income": NaN,
        "Interest Income": NaN,
        "Normalized Income": NaN,
        "Net Income From Continuing And Discontinued Operation": NaN,
        "Total Expenses": NaN,
        "Total Operating Income As Reported": NaN,
        "Diluted Average Shares": NaN,
        "Basic Average Shares": NaN,
        "Diluted EPS": NaN,
        "Basic EPS": NaN,
        "Diluted NI Availto Com Stockholders": NaN,
        "Net Income Common Stockholders": NaN,
        "Net Income": NaN,
        "Net Income Including Noncontrolling Interests": NaN,
        "Net Income Continuous Operations": NaN,
        "Tax Provision": NaN,
        "Pretax Income": NaN,
        "Other Income Expense": -2340000.0,
        "Special Income Charges": -2340000.0,
        "Write Off": 2340000.0,
        "Net Non Operating Interest Income Expense": NaN,
        "Total Other Finance Cost": NaN,
        "Interest Income Non Operating": NaN,
        "Operating Income": NaN,
        "Operating Expense": NaN,
        "Selling General And Administration": NaN,
        "Gross Profit": NaN,
        "Cost Of Revenue": NaN,
        "Total Revenue": NaN,
        "Operating Revenue": NaN
    },
    "2022-09-30": {
        "Tax Effect Of Unusual Items": NaN,
        "Tax Rate For Calcs": NaN,
        "Normalized EBITDA": NaN,
        "Total Unusual Items": -1304000.0,
        "Total Unusual Items Excluding Goodwill": -1304000.0,
        "Net Income From Continuing Operation Net Minority Interest": NaN,
        "Reconciled Cost Of Revenue": NaN,
        "EBITDA": NaN,
        "EBIT": NaN,
        "Net Interest Income": NaN,
        "Interest Income": 11335000.0,
        "Normalized Income": NaN,
        "Net Income From Continuing And Discontinued Operation": NaN,
        "Total Expenses": NaN,
        "Total Operating Income As Reported": NaN,
        "Diluted Average Shares": NaN,
        "Basic Average Shares": NaN,
        "Diluted EPS": NaN,
        "Basic EPS": NaN,
        "Diluted NI Availto Com Stockholders": NaN,
        "Net Income Common Stockholders": NaN,
        "Net Income": NaN,
        "Net Income Including Noncontrolling Interests": NaN,
        "Net Income Continuous Operations": NaN,
        "Tax Provision": NaN,
        "Pretax Income": NaN,
        "Other Income Expense": -1304000.0,
        "Special Income Charges": -1304000.0,
        "Write Off": 1304000.0,
        "Net Non Operating Interest Income Expense": NaN,
        "Total Other Finance Cost": NaN,
        "Interest Income Non Operating": 11335000.0,
        "Operating Income": NaN,
        "Operating Expense": NaN,
        "Selling General And Administration": NaN,
        "Gross Profit": NaN,
        "Cost Of Revenue": NaN,
        "Total Revenue": NaN,
        "Operating Revenue": NaN
    },
    "2022-06-30": {
        "Tax Effect Of Unusual Items": 182398.941245,
        "Tax Rate For Calcs": 0.1678,
        "Normalized EBITDA": 24477000.0,
        "Total Unusual Items": 1087000.0,
        "Total Unusual Items Excluding Goodwill": 1087000.0,
        "Net Income From Continuing Operation Net Minority Interest": 27039000.0,
        "Reconciled Depreciation": NaN,
        "Reconciled Cost Of Revenue": 122645000.0,
        "EBITDA": 25564000.0,
        "EBIT": 25564000.0,
        "Net Interest Income": 5840000.0,
        "Normalized Income": 26134398.941245,
        "Net Income From Continuing And Discontinued Operation": 27039000.0,
        "Total Expenses": 154840000.0,
        "Total Operating Income As Reported": 26651000.0,
        "Diluted Average Shares": 58236153.0,
        "Basic Average Shares": 56680204.0,
        "Diluted EPS": 0.47,
        "Basic EPS": 0.48,
        "Diluted NI Availto Com Stockholders": 27039000.0,
        "Net Income Common Stockholders": 27039000.0,
        "Net Income": 27039000.0,
        "Net Income Including Noncontrolling Interests": 27039000.0,
        "Net Income Continuous Operations": 27039000.0,
        "Tax Provision": 5452000.0,
        "Pretax Income": 32491000.0,
        "Other Income Expense": 1087000.0,
        "Special Income Charges": 1087000.0,
        "Write Off": -1087000.0,
        "Net Non Operating Interest Income Expense": 5840000.0,
        "Total Other Finance Cost": -5840000.0,
        "Operating Income": 25564000.0,
        "Operating Expense": 32195000.0,
        "Depreciation Amortization Depletion Income Statement": NaN,
        "Depreciation And Amortization In Income Statement": NaN,
        "Selling General And Administration": 32195000.0,
        "General And Administrative Expense": NaN,
        "Other Gand A": NaN,
        "Salaries And Wages": NaN,
        "Gross Profit": 57759000.0,
        "Cost Of Revenue": 122645000.0,
        "Total Revenue": 180404000.0,
        "Operating Revenue": 180404000.0
    },
    "2022-03-31": {
        "Diluted EPS": 0.47,
        "Total Revenue": 227,
        "Gross Profit": 74,
        "Operating Income": 34,
        "EBIT": 34,
        "Net Income": 27
    },
    "2021-12-31": {
        "Diluted EPS": 0.36,
        "Total Revenue": 213,
        "Gross Profit": 70,
        "Operating Income": 27,
        "EBIT": 27,
        "Net Income": 21
    },
    "2021-09-30": {
        "Diluted EPS": 0.5,
        "Total Revenue": 203,
        "Gross Profit": 73,
        "Operating Income": 35,
        "EBIT": 35,
        "Net Income": 28
    },
    "2021-06-30": {
        "Diluted EPS": 0.37,
        "Total Revenue": 184,
        "Gross Profit": 62,
        "Operating Income": 27,
        "EBIT": 27,
        "Net Income": 22
    },
    "2021-03-31": {
        "Diluted EPS": 0.32,
        "Total Revenue": 155,
        "Gross Profit": 53,
        "Operating Income": 25,
        "EBIT": 25,
        "Net Income": 18
    },
    "2020-12-31": {
        "Diluted EPS": 0.19,
        "Total Revenue": 139,
        "Gross Profit": 49,
        "Operating Income": 19,
        "EBIT": 19,
        "Net Income": 10
    },
    "2020-09-30": {
        "Diluted EPS": 0.16,
        "Total Revenue": 123,
        "Gross Profit": 43,
        "Operating Income": 15,
        "EBIT": 15,
        "Net Income": 9
    },
    "2020-06-30": {
        "Diluted EPS": 0.15,
        "Total Revenue": 112,
        "Gross Profit": 34,
        "Operating Income": 9,
        "EBIT": 9,
        "Net Income": 8
    },
    "2020-03-31": {
        "Diluted EPS": 0.33,
        "Total Revenue": 118,
        "Gross Profit": 46,
        "Operating Income": 18,
        "EBIT": 18,
        "Net Income": 19
    },
    "2019-12-31": {
        "Diluted EPS": -0.32,
        "Total Revenue": 111,
        "Gross Profit": 10,
        "Operating Income": -15,
        "EBIT": -15,
        "Net Income": -18
    },
    "2019-09-30": {
        "Diluted EPS": 0.32,
        "Total Revenue": 102,
        "Gross Profit": 37,
        "Operating Income": 15,
        "EBIT": 15,
        "Net Income": 18
    },
    "2019-06-30": {
        "Diluted EPS": 0.19,
        "Total Revenue": 98,
        "Gross Profit": 33,
        "Operating Income": 11,
        "EBIT": 11,
        "Net Income": 11
    },
    "2019-03-31": {
        "Diluted EPS": 0.14,
        "Total Revenue": 95,
        "Gross Profit": 33,
        "Operating Income": 10,
        "EBIT": 10,
        "Net Income": 8
    },
    "2018-12-31": {
        "Diluted EPS": 0.18,
        "Total Revenue": 92,
        "Gross Profit": 33,
        "Operating Income": 12,
        "EBIT": 12,
        "Net Income": 10
    },
    "2018-09-30": {
        "Diluted EPS": 0.05,
        "Total Revenue": 87,
        "Gross Profit": 29,
        "Operating Income": 10,
        "EBIT": 10,
        "Net Income": 3
    },
    "2018-06-30": {
        "Diluted EPS": 0.14,
        "Total Revenue": 8,
        "Gross Profit": 8,
        "Operating Income": 8,
        "EBIT": 11,
        "Net Income": 7
    },
    "2018-03-31": {
        "Diluted EPS": 0.0,
        "Total Revenue": NaN,
        "Gross Profit": NaN,
        "Operating Income": NaN,
        "EBIT": NaN,
        "Net Income": NaN
    },
    "2017-06-30": {
        "Diluted EPS": 0.0,
        "Total Revenue": NaN,
        "Gross Profit": NaN,
        "Operating Income": NaN,
        "EBIT": NaN,
        "Net Income": NaN
    },
    "2016-06-30": {
        "Diluted EPS": 0.0,
        "Total Revenue": NaN,
        "Gross Profit": NaN,
        "Operating Income": NaN,
        "EBIT": NaN,
        "Net Income": NaN
    },
    "2023-06-30": {
        "Tax Effect Of Unusual Items": NaN,
        "Tax Rate For Calcs": NaN,
        "Normalized EBITDA": NaN,
        "Total Unusual Items": -11394000.0,
        "Total Unusual Items Excluding Goodwill": -11394000.0,
        "Net Income From Continuing Operation Net Minority Interest": NaN,
        "Reconciled Cost Of Revenue": NaN,
        "EBITDA": NaN,
        "EBIT": NaN,
        "Net Interest Income": NaN,
        "Interest Income": NaN,
        "Normalized Income": NaN,
        "Net Income From Continuing And Discontinued Operation": NaN,
        "Total Expenses": NaN,
        "Total Operating Income As Reported": NaN,
        "Diluted Average Shares": NaN,
        "Basic Average Shares": NaN,
        "Diluted EPS": NaN,
        "Basic EPS": NaN,
        "Diluted NI Availto Com Stockholders": NaN,
        "Net Income Common Stockholders": NaN,
        "Net Income": NaN,
        "Net Income Including Noncontrolling Interests": NaN,
        "Net Income Continuous Operations": NaN,
        "Tax Provision": NaN,
        "Pretax Income": NaN,
        "Other Income Expense": -11394000.0,
        "Special Income Charges": -667000.0,
        "Write Off": 667000.0,
        "Net Non Operating Interest Income Expense": NaN,
        "Total Other Finance Cost": NaN,
        "Interest Income Non Operating": NaN,
        "Operating Income": NaN,
        "Operating Expense": NaN,
        "Selling General And Administration": NaN,
        "Gross Profit": NaN,
        "Cost Of Revenue": NaN,
        "Total Revenue": NaN,
        "Operating Revenue": NaN
    },
    "2023-09-30": {
        "Tax Effect Of Unusual Items": NaN,
        "Tax Rate For Calcs": NaN,
        "Normalized EBITDA": NaN,
        "Net Income From Continuing Operation Net Minority Interest": NaN,
        "Reconciled Cost Of Revenue": NaN,
        "EBITDA": NaN,
        "EBIT": NaN,
        "Net Interest Income": NaN,
        "Interest Income": 1206000.0,
        "Normalized Income": NaN,
        "Net Income From Continuing And Discontinued Operation": NaN,
        "Total Expenses": NaN,
        "Total Operating Income As Reported": NaN,
        "Diluted Average Shares": NaN,
        "Basic Average Shares": NaN,
        "Diluted EPS": NaN,
        "Basic EPS": NaN,
        "Diluted NI Availto Com Stockholders": NaN,
        "Net Income Common Stockholders": NaN,
        "Net Income": NaN,
        "Net Income Including Noncontrolling Interests": NaN,
        "Net Income Continuous Operations": NaN,
        "Tax Provision": NaN,
        "Pretax Income": NaN,
        "Net Non Operating Interest Income Expense": NaN,
        "Total Other Finance Cost": NaN,
        "Interest Income Non Operating": 1206000.0,
        "Operating Income": NaN,
        "Operating Expense": NaN,
        "Selling General And Administration": NaN,
        "Gross Profit": NaN,
        "Cost Of Revenue": NaN,
        "Total Revenue": NaN,
        "Operating Revenue": NaN
    },
    "2023-12-31": {
        "Tax Effect Of Unusual Items": NaN,
        "Tax Rate For Calcs": NaN,
        "Normalized EBITDA": NaN,
        "Net Income From Continuing Operation Net Minority Interest": NaN,
        "Reconciled Cost Of Revenue": NaN,
        "EBITDA": NaN,
        "EBIT": NaN,
        "Net Interest Income": NaN,
        "Normalized Income": NaN,
        "Net Income From Continuing And Discontinued Operation": NaN,
        "Total Expenses": NaN,
        "Total Operating Income As Reported": NaN,
        "Diluted Average Shares": 58602535.0,
        "Basic Average Shares": 58300691.0,
        "Diluted EPS": 0.14,
        "Basic EPS": 0.14,
        "Diluted NI Availto Com Stockholders": NaN,
        "Net Income Common Stockholders": NaN,
        "Net Income": NaN,
        "Net Income Including Noncontrolling Interests": NaN,
        "Net Income Continuous Operations": NaN,
        "Tax Provision": NaN,
        "Pretax Income": NaN,
        "Net Non Operating Interest Income Expense": NaN,
        "Total Other Finance Cost": NaN,
        "Operating Income": NaN,
        "Operating Expense": NaN,
        "Selling General And Administration": NaN,
        "Gross Profit": NaN,
        "Cost Of Revenue": NaN,
        "Total Revenue": NaN,
        "Operating Revenue": NaN
    },
    "2024-03-31": {
        "Tax Effect Of Unusual Items": NaN,
        "Tax Rate For Calcs": NaN,
        "Normalized EBITDA": NaN,
        "Net Income From Continuing Operation Net Minority Interest": NaN,
        "Reconciled Cost Of Revenue": NaN,
        "EBITDA": NaN,
        "EBIT": NaN,
        "Net Interest Income": NaN,
        "Normalized Income": NaN,
        "Net Income From Continuing And Discontinued Operation": NaN,
        "Total Expenses": NaN,
        "Total Operating Income As Reported": NaN,
        "Diluted Average Shares": 58799599.0,
        "Basic Average Shares": 58439085.0,
        "Diluted EPS": -0.03,
        "Basic EPS": -0.03,
        "Diluted NI Availto Com Stockholders": NaN,
        "Net Income Common Stockholders": NaN,
        "Net Income": NaN,
        "Net Income Including Noncontrolling Interests": NaN,
        "Net Income Continuous Operations": NaN,
        "Tax Provision": NaN,
        "Pretax Income": NaN,
        "Net Non Operating Interest Income Expense": NaN,
        "Total Other Finance Cost": NaN,
        "Operating Income": NaN,
        "Operating Expense": NaN,
        "Selling General And Administration": NaN,
        "Gross Profit": NaN,
        "Cost Of Revenue": NaN,
        "Total Revenue": NaN,
        "Operating Revenue": NaN
    },
    "2024-06-30": {
        "Tax Effect Of Unusual Items": 0.0,
        "Tax Rate For Calcs": 0.25,
        "Normalized EBITDA": 14354000.0,
        "Net Income From Continuing Operation Net Minority Interest": -1854000.0,
        "Reconciled Cost Of Revenue": 151246000.0,
        "EBITDA": 14354000.0,
        "EBIT": 14354000.0,
        "Net Interest Income": 561000.0,
        "Normalized Income": -1854000.0,
        "Net Income From Continuing And Discontinued Operation": -1854000.0,
        "Total Expenses": 193171000.0,
        "Total Operating Income As Reported": 1247000.0,
        "Diluted Average Shares": NaN,
        "Basic Average Shares": NaN,
        "Diluted EPS": NaN,
        "Basic EPS": NaN,
        "Diluted NI Availto Com Stockholders": -1854000.0,
        "Net Income Common Stockholders": -1854000.0,
        "Net Income": -1854000.0,
        "Net Income Including Noncontrolling Interests": -1854000.0,
        "Net Income Continuous Operations": -1854000.0,
        "Tax Provision": 1445000.0,
        "Pretax Income": -409000.0,
        "Net Non Operating Interest Income Expense": 561000.0,
        "Total Other Finance Cost": -637000.0,
        "Operating Income": 1247000.0,
        "Operating Expense": 41925000.0,
        "Selling General And Administration": 41925000.0,
        "Gross Profit": 43172000.0,
        "Cost Of Revenue": 151246000.0,
        "Total Revenue": 194418000.0,
        "Operating Revenue": 194418000.0
    },
    "2024-09-30": {
        "Tax Effect Of Unusual Items": 0.0,
        "Tax Rate For Calcs": 0.21,
        "Normalized EBITDA": 4690000.0,
        "Net Income From Continuing Operation Net Minority Interest": 2247000.0,
        "Reconciled Cost Of Revenue": 146393000.0,
        "EBITDA": 4690000.0,
        "EBIT": 4690000.0,
        "Net Interest Income": -477000.0,
        "Normalized Income": 2247000.0,
        "Net Income From Continuing And Discontinued Operation": 2247000.0,
        "Total Expenses": 190362000.0,
        "Total Operating Income As Reported": 4690000.0,
        "Diluted Average Shares": 59430225.0,
        "Basic Average Shares": 59051116.0,
        "Diluted EPS": 0.04,
        "Basic EPS": 0.04,
        "Diluted NI Availto Com Stockholders": 2247000.0,
        "Net Income Common Stockholders": 2247000.0,
        "Net Income": 2247000.0,
        "Net Income Including Noncontrolling Interests": 2247000.0,
        "Net Income Continuous Operations": 2247000.0,
        "Tax Provision": 1966000.0,
        "Pretax Income": 4213000.0,
        "Net Non Operating Interest Income Expense": -477000.0,
        "Total Other Finance Cost": 477000.0,
        "Operating Income": 4690000.0,
        "Operating Expense": 43969000.0,
        "Selling General And Administration": 43969000.0,
        "Gross Profit": 48659000.0,
        "Cost Of Revenue": 146393000.0,
        "Total Revenue": 195052000.0,
        "Operating Revenue": 195052000.0
    },
    "2024-12-31": {
        "Tax Effect Of Unusual Items": 0.0,
        "Tax Rate For Calcs": 0.21,
        "Normalized EBITDA": 1673000.0,
        "Net Income From Continuing Operation Net Minority Interest": 6851000.0,
        "Reconciled Cost Of Revenue": 150571000.0,
        "EBITDA": 1673000.0,
        "EBIT": 1673000.0,
        "Net Interest Income": 831000.0,
        "Normalized Income": 6851000.0,
        "Net Income From Continuing And Discontinued Operation": 6851000.0,
        "Total Expenses": 193916000.0,
        "Total Operating Income As Reported": 1673000.0,
        "Diluted Average Shares": 59628436.0,
        "Basic Average Shares": 59488389.0,
        "Diluted EPS": 0.11,
        "Basic EPS": 0.12,
        "Diluted NI Availto Com Stockholders": 6851000.0,
        "Net Income Common Stockholders": 6851000.0,
        "Net Income": 6851000.0,
        "Net Income Including Noncontrolling Interests": 6851000.0,
        "Net Income Continuous Operations": 6851000.0,
        "Tax Provision": -4347000.0,
        "Pretax Income": 2504000.0,
        "Net Non Operating Interest Income Expense": 831000.0,
        "Total Other Finance Cost": -831000.0,
        "Operating Income": 1673000.0,
        "Operating Expense": 43345000.0,
        "Selling General And Administration": 43345000.0,
        "Gross Profit": 45018000.0,
        "Cost Of Revenue": 150571000.0,
        "Total Revenue": 195589000.0,
        "Operating Revenue": 195589000.0
    },
    "2025-03-31": {
        "Tax Effect Of Unusual Items": 0.0,
        "Tax Rate For Calcs": 0.194969,
        "Normalized EBITDA": 16454000.0,
        "Net Income From Continuing Operation Net Minority Interest": 10946000.0,
        "Reconciled Cost Of Revenue": 141249000.0,
        "EBITDA": 16454000.0,
        "EBIT": 16454000.0,
        "Net Interest Income": -2857000.0,
        "Normalized Income": 10946000.0,
        "Net Income From Continuing And Discontinued Operation": 10946000.0,
        "Total Expenses": 178384000.0,
        "Total Operating Income As Reported": 16454000.0,
        "Diluted Average Shares": 59434080.0,
        "Basic Average Shares": 59164297.0,
        "Diluted EPS": 0.18,
        "Basic EPS": 0.19,
        "Diluted NI Availto Com Stockholders": 10946000.0,
        "Net Income Common Stockholders": 10946000.0,
        "Net Income": 10946000.0,
        "Net Income Including Noncontrolling Interests": 10946000.0,
        "Net Income Continuous Operations": 10946000.0,
        "Tax Provision": 2651000.0,
        "Pretax Income": 13597000.0,
        "Net Non Operating Interest Income Expense": -2857000.0,
        "Total Other Finance Cost": 2857000.0,
        "Operating Income": 16454000.0,
        "Operating Expense": 37135000.0,
        "Selling General And Administration": 37135000.0,
        "Gross Profit": 53589000.0,
        "Cost Of Revenue": 141249000.0,
        "Total Revenue": 194838000.0,
        "Operating Revenue": 194838000.0
    },
    "2025-06-30": {
        "Tax Effect Of Unusual Items": 0.0,
        "Tax Rate For Calcs": 0.21,
        "Normalized EBITDA": 11994000.0,
        "Net Income From Continuing Operation Net Minority Interest": 1168000.0,
        "Reconciled Cost Of Revenue": 140340000.0,
        "EBITDA": 11994000.0,
        "EBIT": 11994000.0,
        "Net Interest Income": -1183000.0,
        "Normalized Income": 1168000.0,
        "Net Income From Continuing And Discontinued Operation": 1168000.0,
        "Total Expenses": 178086000.0,
        "Total Operating Income As Reported": 8690000.0,
        "Diluted Average Shares": 56219024.0,
        "Basic Average Shares": 56142682.0,
        "Diluted EPS": 0.02,
        "Basic EPS": 0.02,
        "Diluted NI Availto Com Stockholders": 1168000.0,
        "Net Income Common Stockholders": 1168000.0,
        "Net Income": 1168000.0,
        "Net Income Including Noncontrolling Interests": 1168000.0,
        "Net Income Continuous Operations": 1168000.0,
        "Tax Provision": 2631000.0,
        "Pretax Income": 3799000.0,
        "Net Non Operating Interest Income Expense": -1183000.0,
        "Total Other Finance Cost": -8258000.0,
        "Operating Income": 8690000.0,
        "Operating Expense": 37746000.0,
        "Selling General And Administration": 37746000.0,
        "Gross Profit": 46436000.0,
        "Cost Of Revenue": 140340000.0,
        "Total Revenue": 186776000.0,
        "Operating Revenue": 186776000.0
    },
    "2025-09-30": {
        "Tax Effect Of Unusual Items": 0.0,
        "Tax Rate For Calcs": 0.037181,
        "Normalized EBITDA": -2911000.0,
        "Net Income From Continuing Operation Net Minority Interest": -8157000.0,
        "Reconciled Cost Of Revenue": 140523000.0,
        "EBITDA": -2911000.0,
        "EBIT": -2911000.0,
        "Net Interest Income": -5561000.0,
        "Normalized Income": -8157000.0,
        "Net Income From Continuing And Discontinued Operation": -8157000.0,
        "Total Expenses": 181098000.0,
        "Total Operating Income As Reported": -2911000.0,
        "Diluted Average Shares": 53193752.0,
        "Basic Average Shares": 53037125.0,
        "Diluted EPS": -0.15,
        "Basic EPS": -0.15,
        "Diluted NI Availto Com Stockholders": -8157000.0,
        "Net Income Common Stockholders": -8157000.0,
        "Net Income": -8157000.0,
        "Net Income Including Noncontrolling Interests": -8157000.0,
        "Net Income Continuous Operations": -8157000.0,
        "Tax Provision": -315000.0,
        "Pretax Income": -8472000.0,
        "Net Non Operating Interest Income Expense": -5561000.0,
        "Total Other Finance Cost": 5561000.0,
        "Operating Income": -2911000.0,
        "Operating Expense": 40575000.0,
        "Selling General And Administration": 40575000.0,
        "Gross Profit": 37664000.0,
        "Cost Of Revenue": 140523000.0,
        "Total Revenue": 178187000.0,
        "Operating Revenue": 178187000.0
    }
}