{
    "2023-03-31": {
        "Tax Effect Of Unusual Items": NaN,
        "Tax Rate For Calcs": NaN,
        "Normalized EBITDA": NaN,
        "Total Unusual Items": NaN,
        "Total Unusual Items Excluding Goodwill": NaN,
        "Net Income From Continuing Operation Net Minority Interest": NaN,
        "Reconciled Depreciation": NaN,
        "Reconciled Cost Of Revenue": NaN,
        "EBITDA": NaN,
        "EBIT": NaN,
        "Net Interest Income": NaN,
        "Interest Expense": NaN,
        "Interest Income": NaN,
        "Normalized Income": NaN,
        "Net Income From Continuing And Discontinued Operation": NaN,
        "Total Expenses": NaN,
        "Diluted Average Shares": NaN,
        "Basic Average Shares": NaN,
        "Diluted EPS": NaN,
        "Basic EPS": NaN,
        "Diluted NI Availto Com Stockholders": NaN,
        "Average Dilution Earnings": 0.0,
        "Net Income Common Stockholders": NaN,
        "Otherunder Preferred Stock Dividend": 0.0,
        "Net Income": NaN,
        "Net Income Including Noncontrolling Interests": NaN,
        "Net Income Continuous Operations": NaN,
        "Tax Provision": NaN,
        "Pretax Income": NaN,
        "Other Income Expense": NaN,
        "Special Income Charges": NaN,
        "Other Special Charges": NaN,
        "Restructuring And Mergern Acquisition": NaN,
        "Gain On Sale Of Security": NaN,
        "Net Non Operating Interest Income Expense": NaN,
        "Interest Expense Non Operating": NaN,
        "Interest Income Non Operating": NaN,
        "Operating Income": NaN,
        "Operating Expense": NaN,
        "Other Operating Expenses": NaN,
        "Provision For Doubtful Accounts": NaN,
        "Selling General And Administration": NaN,
        "Selling And Marketing Expense": NaN,
        "General And Administrative Expense": NaN,
        "Salaries And Wages": NaN,
        "Gross Profit": NaN,
        "Cost Of Revenue": NaN,
        "Total Revenue": NaN,
        "Operating Revenue": NaN
    },
    "2022-12-31": {
        "Tax Effect Of Unusual Items": NaN,
        "Tax Rate For Calcs": NaN,
        "Normalized EBITDA": NaN,
        "Total Unusual Items": NaN,
        "Total Unusual Items Excluding Goodwill": NaN,
        "Net Income From Continuing Operation Net Minority Interest": NaN,
        "Reconciled Depreciation": NaN,
        "Reconciled Cost Of Revenue": NaN,
        "EBITDA": NaN,
        "EBIT": NaN,
        "Net Interest Income": NaN,
        "Interest Expense": NaN,
        "Interest Income": NaN,
        "Normalized Income": NaN,
        "Net Income From Continuing And Discontinued Operation": NaN,
        "Total Expenses": NaN,
        "Diluted Average Shares": NaN,
        "Basic Average Shares": NaN,
        "Diluted EPS": NaN,
        "Basic EPS": NaN,
        "Diluted NI Availto Com Stockholders": NaN,
        "Average Dilution Earnings": NaN,
        "Net Income Common Stockholders": NaN,
        "Otherunder Preferred Stock Dividend": NaN,
        "Net Income": NaN,
        "Net Income Including Noncontrolling Interests": NaN,
        "Net Income Continuous Operations": NaN,
        "Tax Provision": NaN,
        "Pretax Income": NaN,
        "Other Income Expense": NaN,
        "Special Income Charges": NaN,
        "Other Special Charges": -4853000.0,
        "Restructuring And Mergern Acquisition": NaN,
        "Gain On Sale Of Security": NaN,
        "Net Non Operating Interest Income Expense": NaN,
        "Total Other Finance Cost": -449000.0,
        "Interest Expense Non Operating": NaN,
        "Interest Income Non Operating": NaN,
        "Operating Income": NaN,
        "Operating Expense": NaN,
        "Other Operating Expenses": NaN,
        "Provision For Doubtful Accounts": NaN,
        "Selling General And Administration": NaN,
        "Selling And Marketing Expense": NaN,
        "General And Administrative Expense": NaN,
        "Salaries And Wages": NaN,
        "Gross Profit": NaN,
        "Cost Of Revenue": NaN,
        "Total Revenue": NaN,
        "Operating Revenue": NaN
    },
    "2022-09-30": {
        "Tax Effect Of Unusual Items": NaN,
        "Tax Rate For Calcs": NaN,
        "Normalized EBITDA": NaN,
        "Total Unusual Items": NaN,
        "Total Unusual Items Excluding Goodwill": NaN,
        "Net Income From Continuing Operation Net Minority Interest": NaN,
        "Reconciled Depreciation": NaN,
        "Reconciled Cost Of Revenue": NaN,
        "EBITDA": NaN,
        "EBIT": NaN,
        "Net Interest Income": NaN,
        "Interest Expense": NaN,
        "Interest Income": NaN,
        "Normalized Income": NaN,
        "Net Income From Continuing And Discontinued Operation": NaN,
        "Total Expenses": NaN,
        "Diluted Average Shares": NaN,
        "Basic Average Shares": NaN,
        "Diluted EPS": NaN,
        "Basic EPS": NaN,
        "Diluted NI Availto Com Stockholders": NaN,
        "Average Dilution Earnings": 0.0,
        "Net Income Common Stockholders": NaN,
        "Otherunder Preferred Stock Dividend": 0.0,
        "Net Income": NaN,
        "Net Income Including Noncontrolling Interests": NaN,
        "Net Income Continuous Operations": NaN,
        "Tax Provision": NaN,
        "Pretax Income": NaN,
        "Other Income Expense": NaN,
        "Other Non Operating Income Expenses": -18000.0,
        "Special Income Charges": NaN,
        "Other Special Charges": 6845000.0,
        "Restructuring And Mergern Acquisition": NaN,
        "Gain On Sale Of Security": NaN,
        "Net Non Operating Interest Income Expense": NaN,
        "Total Other Finance Cost": 2209000.0,
        "Interest Expense Non Operating": NaN,
        "Interest Income Non Operating": NaN,
        "Operating Income": NaN,
        "Operating Expense": NaN,
        "Other Operating Expenses": NaN,
        "Provision For Doubtful Accounts": NaN,
        "Selling General And Administration": NaN,
        "Selling And Marketing Expense": NaN,
        "General And Administrative Expense": NaN,
        "Salaries And Wages": NaN,
        "Gross Profit": NaN,
        "Cost Of Revenue": NaN,
        "Total Revenue": NaN,
        "Operating Revenue": NaN
    },
    "2022-06-30": {
        "Tax Effect Of Unusual Items": 0.0,
        "Tax Rate For Calcs": 0.0,
        "Normalized EBITDA": -54900000.0,
        "Total Unusual Items": 29400000.0,
        "Total Unusual Items Excluding Goodwill": 29400000.0,
        "Net Income From Continuing Operation Net Minority Interest": -27100000.0,
        "Reconciled Depreciation": 1869000.0,
        "Reconciled Cost Of Revenue": 7600000.0,
        "EBITDA": -25500000.0,
        "EBIT": -25500000.0,
        "Net Interest Income": -3500000.0,
        "Interest Expense": 1600000.0,
        "Interest Income": 647000.0,
        "Normalized Income": -56500000.0,
        "Net Income From Continuing And Discontinued Operation": -27100000.0,
        "Total Expenses": 98800000.0,
        "Diluted Average Shares": 11641765.0,
        "Basic Average Shares": 11641765.0,
        "Diluted EPS": -2.327826,
        "Basic EPS": -2.327826,
        "Diluted NI Availto Com Stockholders": -27100000.0,
        "Average Dilution Earnings": 0.0,
        "Net Income Common Stockholders": -27100000.0,
        "Otherunder Preferred Stock Dividend": NaN,
        "Net Income": -27100000.0,
        "Net Income Including Noncontrolling Interests": -27100000.0,
        "Net Income Continuous Operations": -27100000.0,
        "Tax Provision": 0.0,
        "Pretax Income": -27100000.0,
        "Other Income Expense": 29400000.0,
        "Other Non Operating Income Expenses": 7600000.0,
        "Special Income Charges": 11900000.0,
        "Other Special Charges": -4300000.0,
        "Restructuring And Mergern Acquisition": -7600000.0,
        "Gain On Sale Of Security": 17500000.0,
        "Net Non Operating Interest Income Expense": -3500000.0,
        "Total Other Finance Cost": 1900000.0,
        "Interest Expense Non Operating": 1600000.0,
        "Interest Income Non Operating": 647000.0,
        "Operating Income": -53000000.0,
        "Operating Expense": 91200000.0,
        "Other Operating Expenses": 17400000.0,
        "Provision For Doubtful Accounts": 13900000.0,
        "Selling General And Administration": 59900000.0,
        "Selling And Marketing Expense": 20800000.0,
        "General And Administrative Expense": 39100000.0,
        "Salaries And Wages": 39100000.0,
        "Gross Profit": 38200000.0,
        "Cost Of Revenue": 7600000.0,
        "Total Revenue": 45800000.0,
        "Operating Revenue": 45800000.0
    },
    "2022-03-31": {
        "Diluted EPS": -2.91,
        "Total Revenue": 43,
        "Gross Profit": 43,
        "Operating Income": -23,
        "EBIT": -22,
        "Net Income": -33
    },
    "2021-12-31": {
        "Diluted EPS": -2.45,
        "Total Revenue": 41,
        "Gross Profit": 41,
        "Operating Income": -15,
        "EBIT": -14,
        "Net Income": -15
    },
    "2021-09-30": {
        "Diluted EPS": -1.92,
        "Total Revenue": 40,
        "Gross Profit": 40,
        "Operating Income": -16,
        "EBIT": -15,
        "Net Income": -8
    },
    "2021-06-30": {
        "Diluted EPS": -0.32,
        "Total Revenue": 37,
        "Gross Profit": 37,
        "Operating Income": -6,
        "EBIT": -8,
        "Net Income": -1
    },
    "2021-03-31": {
        "Diluted EPS": 0.0,
        "Total Revenue": 34,
        "Gross Profit": 34,
        "Operating Income": -10,
        "EBIT": -8,
        "Net Income": 4
    },
    "2023-06-30": {
        "Tax Effect Of Unusual Items": NaN,
        "Tax Rate For Calcs": NaN,
        "Normalized EBITDA": NaN,
        "Total Unusual Items": NaN,
        "Total Unusual Items Excluding Goodwill": NaN,
        "Net Income From Continuing Operation Net Minority Interest": NaN,
        "Reconciled Depreciation": NaN,
        "Reconciled Cost Of Revenue": NaN,
        "EBITDA": NaN,
        "EBIT": NaN,
        "Net Interest Income": NaN,
        "Interest Expense": NaN,
        "Interest Income": NaN,
        "Normalized Income": NaN,
        "Net Income From Continuing And Discontinued Operation": NaN,
        "Total Expenses": NaN,
        "Diluted Average Shares": 11884473.0,
        "Basic Average Shares": 11884473.0,
        "Diluted EPS": -1.9,
        "Basic EPS": -1.9,
        "Diluted NI Availto Com Stockholders": NaN,
        "Average Dilution Earnings": 0.0,
        "Net Income Common Stockholders": NaN,
        "Otherunder Preferred Stock Dividend": 0.0,
        "Net Income": NaN,
        "Net Income Including Noncontrolling Interests": NaN,
        "Net Income Continuous Operations": NaN,
        "Tax Provision": NaN,
        "Pretax Income": NaN,
        "Other Income Expense": NaN,
        "Special Income Charges": NaN,
        "Other Special Charges": NaN,
        "Restructuring And Mergern Acquisition": NaN,
        "Gain On Sale Of Security": NaN,
        "Net Non Operating Interest Income Expense": NaN,
        "Interest Expense Non Operating": NaN,
        "Interest Income Non Operating": NaN,
        "Operating Income": NaN,
        "Operating Expense": NaN,
        "Other Operating Expenses": NaN,
        "Provision For Doubtful Accounts": NaN,
        "Selling General And Administration": NaN,
        "Selling And Marketing Expense": NaN,
        "General And Administrative Expense": NaN,
        "Salaries And Wages": NaN,
        "Gross Profit": NaN,
        "Cost Of Revenue": NaN,
        "Total Revenue": NaN,
        "Operating Revenue": NaN
    },
    "2023-09-30": {
        "Tax Effect Of Unusual Items": NaN,
        "Tax Rate For Calcs": NaN,
        "Normalized EBITDA": NaN,
        "Total Unusual Items": NaN,
        "Total Unusual Items Excluding Goodwill": NaN,
        "Net Income From Continuing Operation Net Minority Interest": NaN,
        "Reconciled Depreciation": NaN,
        "Reconciled Cost Of Revenue": NaN,
        "EBITDA": NaN,
        "EBIT": NaN,
        "Net Interest Income": NaN,
        "Interest Expense": NaN,
        "Interest Income": NaN,
        "Normalized Income": NaN,
        "Net Income From Continuing And Discontinued Operation": NaN,
        "Total Expenses": NaN,
        "Diluted Average Shares": NaN,
        "Basic Average Shares": NaN,
        "Diluted EPS": NaN,
        "Basic EPS": NaN,
        "Diluted NI Availto Com Stockholders": NaN,
        "Average Dilution Earnings": 0.0,
        "Net Income Common Stockholders": NaN,
        "Otherunder Preferred Stock Dividend": 0.0,
        "Net Income": NaN,
        "Net Income Including Noncontrolling Interests": NaN,
        "Net Income Continuous Operations": NaN,
        "Tax Provision": NaN,
        "Pretax Income": NaN,
        "Other Income Expense": NaN,
        "Special Income Charges": NaN,
        "Other Special Charges": NaN,
        "Restructuring And Mergern Acquisition": NaN,
        "Gain On Sale Of Security": NaN,
        "Net Non Operating Interest Income Expense": NaN,
        "Interest Expense Non Operating": NaN,
        "Interest Income Non Operating": NaN,
        "Operating Income": NaN,
        "Operating Expense": NaN,
        "Other Operating Expenses": NaN,
        "Provision For Doubtful Accounts": NaN,
        "Selling General And Administration": NaN,
        "Selling And Marketing Expense": NaN,
        "General And Administrative Expense": NaN,
        "Salaries And Wages": NaN,
        "Gross Profit": NaN,
        "Cost Of Revenue": NaN,
        "Total Revenue": NaN,
        "Operating Revenue": NaN
    },
    "2023-12-31": {
        "Tax Effect Of Unusual Items": NaN,
        "Tax Rate For Calcs": NaN,
        "Normalized EBITDA": NaN,
        "Total Unusual Items": NaN,
        "Total Unusual Items Excluding Goodwill": NaN,
        "Net Income From Continuing Operation Net Minority Interest": NaN,
        "Reconciled Depreciation": NaN,
        "Reconciled Cost Of Revenue": NaN,
        "EBITDA": NaN,
        "EBIT": NaN,
        "Net Interest Income": NaN,
        "Interest Expense": NaN,
        "Interest Income": NaN,
        "Normalized Income": NaN,
        "Net Income From Continuing And Discontinued Operation": NaN,
        "Total Expenses": NaN,
        "Diluted Average Shares": NaN,
        "Basic Average Shares": NaN,
        "Diluted EPS": NaN,
        "Basic EPS": NaN,
        "Diluted NI Availto Com Stockholders": NaN,
        "Net Income Common Stockholders": NaN,
        "Otherunder Preferred Stock Dividend": 0.0,
        "Net Income": NaN,
        "Net Income Including Noncontrolling Interests": NaN,
        "Net Income Continuous Operations": NaN,
        "Tax Provision": NaN,
        "Pretax Income": NaN,
        "Other Income Expense": NaN,
        "Special Income Charges": NaN,
        "Other Special Charges": NaN,
        "Restructuring And Mergern Acquisition": NaN,
        "Gain On Sale Of Security": NaN,
        "Net Non Operating Interest Income Expense": NaN,
        "Interest Expense Non Operating": NaN,
        "Interest Income Non Operating": NaN,
        "Operating Income": NaN,
        "Operating Expense": NaN,
        "Other Operating Expenses": NaN,
        "Provision For Doubtful Accounts": NaN,
        "Selling General And Administration": NaN,
        "Selling And Marketing Expense": NaN,
        "General And Administrative Expense": NaN,
        "Salaries And Wages": NaN,
        "Gross Profit": NaN,
        "Cost Of Revenue": NaN,
        "Total Revenue": NaN,
        "Operating Revenue": NaN
    },
    "2024-03-31": {
        "Tax Effect Of Unusual Items": NaN,
        "Tax Rate For Calcs": NaN,
        "Normalized EBITDA": NaN,
        "Total Unusual Items": NaN,
        "Total Unusual Items Excluding Goodwill": NaN,
        "Net Income From Continuing Operation Net Minority Interest": NaN,
        "Reconciled Depreciation": NaN,
        "Reconciled Cost Of Revenue": NaN,
        "EBITDA": NaN,
        "EBIT": NaN,
        "Net Interest Income": NaN,
        "Interest Expense": NaN,
        "Interest Income": NaN,
        "Normalized Income": NaN,
        "Net Income From Continuing And Discontinued Operation": NaN,
        "Total Expenses": NaN,
        "Diluted Average Shares": NaN,
        "Basic Average Shares": NaN,
        "Diluted EPS": NaN,
        "Basic EPS": NaN,
        "Diluted NI Availto Com Stockholders": NaN,
        "Net Income Common Stockholders": NaN,
        "Otherunder Preferred Stock Dividend": NaN,
        "Net Income": NaN,
        "Net Income Including Noncontrolling Interests": NaN,
        "Net Income Continuous Operations": NaN,
        "Tax Provision": NaN,
        "Pretax Income": NaN,
        "Other Income Expense": NaN,
        "Special Income Charges": NaN,
        "Other Special Charges": -33442000.0,
        "Restructuring And Mergern Acquisition": NaN,
        "Gain On Sale Of Security": NaN,
        "Net Non Operating Interest Income Expense": NaN,
        "Interest Expense Non Operating": NaN,
        "Interest Income Non Operating": NaN,
        "Operating Income": NaN,
        "Operating Expense": NaN,
        "Other Operating Expenses": NaN,
        "Provision For Doubtful Accounts": NaN,
        "Selling General And Administration": NaN,
        "Selling And Marketing Expense": NaN,
        "General And Administrative Expense": NaN,
        "Salaries And Wages": NaN,
        "Gross Profit": NaN,
        "Cost Of Revenue": NaN,
        "Total Revenue": NaN,
        "Operating Revenue": NaN
    },
    "2024-06-30": {
        "Tax Effect Of Unusual Items": 70350.0,
        "Tax Rate For Calcs": 0.21,
        "Normalized EBITDA": 7972000.0,
        "Total Unusual Items": 335000.0,
        "Total Unusual Items Excluding Goodwill": 335000.0,
        "Net Income From Continuing Operation Net Minority Interest": 6358000.0,
        "Reconciled Depreciation": 1766000.0,
        "Reconciled Cost Of Revenue": 16803000.0,
        "EBITDA": 8307000.0,
        "EBIT": 6541000.0,
        "Net Interest Income": -1428000.0,
        "Interest Expense": 1965000.0,
        "Interest Income": 537000.0,
        "Normalized Income": 6093350.0,
        "Net Income From Continuing And Discontinued Operation": 6358000.0,
        "Total Expenses": 74448000.0,
        "Diluted Average Shares": 13617021.0,
        "Basic Average Shares": 12549020.0,
        "Diluted EPS": 0.47,
        "Basic EPS": 0.51,
        "Diluted NI Availto Com Stockholders": 6358000.0,
        "Net Income Common Stockholders": 6358000.0,
        "Otherunder Preferred Stock Dividend": NaN,
        "Net Income": 6358000.0,
        "Net Income Including Noncontrolling Interests": 6358000.0,
        "Net Income Continuous Operations": 6358000.0,
        "Tax Provision": -1782000.0,
        "Pretax Income": 4576000.0,
        "Other Income Expense": 335000.0,
        "Special Income Charges": 63000.0,
        "Other Special Charges": NaN,
        "Restructuring And Mergern Acquisition": -63000.0,
        "Gain On Sale Of Security": 272000.0,
        "Net Non Operating Interest Income Expense": -1428000.0,
        "Interest Expense Non Operating": 1965000.0,
        "Interest Income Non Operating": 537000.0,
        "Operating Income": 5669000.0,
        "Operating Expense": 57645000.0,
        "Other Operating Expenses": 6152000.0,
        "Provision For Doubtful Accounts": 14365000.0,
        "Selling General And Administration": 37128000.0,
        "Selling And Marketing Expense": 12883000.0,
        "General And Administrative Expense": 24245000.0,
        "Salaries And Wages": 24245000.0,
        "Gross Profit": 63314000.0,
        "Cost Of Revenue": 16803000.0,
        "Total Revenue": 80117000.0,
        "Operating Revenue": 80117000.0
    },
    "2024-09-30": {
        "Tax Effect Of Unusual Items": -39060.0,
        "Tax Rate For Calcs": 0.21,
        "Normalized EBITDA": 4828000.0,
        "Total Unusual Items": -186000.0,
        "Total Unusual Items Excluding Goodwill": -186000.0,
        "Net Income From Continuing Operation Net Minority Interest": 466000.0,
        "Reconciled Depreciation": 1839000.0,
        "Reconciled Cost Of Revenue": 8576000.0,
        "EBITDA": 4642000.0,
        "EBIT": 2803000.0,
        "Net Interest Income": -1525000.0,
        "Interest Expense": 1964000.0,
        "Interest Income": 439000.0,
        "Normalized Income": 612940.0,
        "Net Income From Continuing And Discontinued Operation": 466000.0,
        "Total Expenses": 89939000.0,
        "Diluted Average Shares": 13932652.0,
        "Basic Average Shares": 12639294.0,
        "Diluted EPS": 0.03,
        "Basic EPS": 0.04,
        "Diluted NI Availto Com Stockholders": 466000.0,
        "Net Income Common Stockholders": 466000.0,
        "Otherunder Preferred Stock Dividend": NaN,
        "Net Income": 466000.0,
        "Net Income Including Noncontrolling Interests": 466000.0,
        "Net Income Continuous Operations": 466000.0,
        "Tax Provision": 373000.0,
        "Pretax Income": 839000.0,
        "Other Income Expense": -186000.0,
        "Special Income Charges": 17000.0,
        "Other Special Charges": NaN,
        "Restructuring And Mergern Acquisition": -17000.0,
        "Gain On Sale Of Security": -203000.0,
        "Net Non Operating Interest Income Expense": -1525000.0,
        "Interest Expense Non Operating": 1964000.0,
        "Interest Income Non Operating": 439000.0,
        "Operating Income": 2550000.0,
        "Operating Expense": 81363000.0,
        "Other Operating Expenses": 24419000.0,
        "Provision For Doubtful Accounts": 13680000.0,
        "Selling General And Administration": 43264000.0,
        "Selling And Marketing Expense": 12501000.0,
        "General And Administrative Expense": 30763000.0,
        "Salaries And Wages": 30763000.0,
        "Gross Profit": 83913000.0,
        "Cost Of Revenue": 8576000.0,
        "Total Revenue": 92489000.0,
        "Operating Revenue": 92489000.0
    },
    "2024-12-31": {
        "Tax Effect Of Unusual Items": -85222.088836,
        "Tax Rate For Calcs": 0.039273,
        "Normalized EBITDA": 23848000.0,
        "Total Unusual Items": -2170000.0,
        "Total Unusual Items Excluding Goodwill": -2170000.0,
        "Net Income From Continuing Operation Net Minority Interest": 16806000.0,
        "Reconciled Depreciation": 2342000.0,
        "Reconciled Cost Of Revenue": 6284000.0,
        "EBITDA": 21678000.0,
        "EBIT": 19336000.0,
        "Net Interest Income": -1330000.0,
        "Interest Expense": 1843000.0,
        "Interest Income": 513000.0,
        "Normalized Income": 18890777.911164,
        "Net Income From Continuing And Discontinued Operation": 16806000.0,
        "Total Expenses": 79847000.0,
        "Diluted Average Shares": 14482759.0,
        "Basic Average Shares": 12824427.0,
        "Diluted EPS": 1.16,
        "Basic EPS": 1.31,
        "Diluted NI Availto Com Stockholders": 16806000.0,
        "Net Income Common Stockholders": 16806000.0,
        "Otherunder Preferred Stock Dividend": NaN,
        "Net Income": 16806000.0,
        "Net Income Including Noncontrolling Interests": 16806000.0,
        "Net Income Continuous Operations": 16806000.0,
        "Tax Provision": 687000.0,
        "Pretax Income": 17493000.0,
        "Other Income Expense": -2170000.0,
        "Special Income Charges": -849000.0,
        "Other Special Charges": 0.0,
        "Restructuring And Mergern Acquisition": 849000.0,
        "Gain On Sale Of Security": -1321000.0,
        "Net Non Operating Interest Income Expense": -1330000.0,
        "Interest Expense Non Operating": 1843000.0,
        "Interest Income Non Operating": 513000.0,
        "Operating Income": 20993000.0,
        "Operating Expense": 73563000.0,
        "Other Operating Expenses": 17164000.0,
        "Provision For Doubtful Accounts": 16638000.0,
        "Selling General And Administration": 39761000.0,
        "Selling And Marketing Expense": 12563000.0,
        "General And Administrative Expense": 27198000.0,
        "Salaries And Wages": 27198000.0,
        "Gross Profit": 94556000.0,
        "Cost Of Revenue": 6284000.0,
        "Total Revenue": 100840000.0,
        "Operating Revenue": 100840000.0
    },
    "2025-03-31": {
        "Tax Effect Of Unusual Items": 6867.131215,
        "Tax Rate For Calcs": 0.149285,
        "Normalized EBITDA": 37117000.0,
        "Total Unusual Items": 46000.0,
        "Total Unusual Items Excluding Goodwill": 46000.0,
        "Net Income From Continuing Operation Net Minority Interest": 28812000.0,
        "Reconciled Depreciation": 1537000.0,
        "Reconciled Cost Of Revenue": 7106000.0,
        "EBITDA": 37163000.0,
        "EBIT": 35626000.0,
        "Net Interest Income": -1327000.0,
        "Interest Expense": 1758000.0,
        "Interest Income": 431000.0,
        "Normalized Income": 28772867.131215,
        "Net Income From Continuing And Discontinued Operation": 28812000.0,
        "Total Expenses": 72830000.0,
        "Diluted Average Shares": 14646526.0,
        "Basic Average Shares": 13126286.0,
        "Diluted EPS": 1.97,
        "Basic EPS": 2.19,
        "Diluted NI Availto Com Stockholders": 28812000.0,
        "Net Income Common Stockholders": 28812000.0,
        "Otherunder Preferred Stock Dividend": NaN,
        "Net Income": 28812000.0,
        "Net Income Including Noncontrolling Interests": 28812000.0,
        "Net Income Continuous Operations": 28812000.0,
        "Tax Provision": 5056000.0,
        "Pretax Income": 33868000.0,
        "Other Income Expense": 46000.0,
        "Special Income Charges": 398000.0,
        "Other Special Charges": NaN,
        "Restructuring And Mergern Acquisition": -398000.0,
        "Gain On Sale Of Security": -352000.0,
        "Net Non Operating Interest Income Expense": -1327000.0,
        "Interest Expense Non Operating": 1758000.0,
        "Interest Income Non Operating": 431000.0,
        "Operating Income": 35149000.0,
        "Operating Expense": 65724000.0,
        "Other Operating Expenses": 17296000.0,
        "Provision For Doubtful Accounts": 10603000.0,
        "Selling General And Administration": 37825000.0,
        "Selling And Marketing Expense": 10315000.0,
        "General And Administrative Expense": 27510000.0,
        "Salaries And Wages": 27510000.0,
        "Gross Profit": 100873000.0,
        "Cost Of Revenue": 7106000.0,
        "Total Revenue": 107979000.0,
        "Operating Revenue": 107979000.0
    },
    "2025-06-30": {
        "Tax Effect Of Unusual Items": -6087433.090024,
        "Tax Rate For Calcs": 0.21446,
        "Normalized EBITDA": 43290000.0,
        "Total Unusual Items": -28385000.0,
        "Total Unusual Items Excluding Goodwill": -28385000.0,
        "Net Income From Continuing Operation Net Minority Interest": 9040000.0,
        "Reconciled Depreciation": 1620000.0,
        "Reconciled Cost Of Revenue": 17291000.0,
        "EBITDA": 14905000.0,
        "EBIT": 13285000.0,
        "Net Interest Income": -1189000.0,
        "Interest Expense": 1777000.0,
        "Interest Income": 588000.0,
        "Normalized Income": 31337566.909976,
        "Net Income From Continuing And Discontinued Operation": 9040000.0,
        "Total Expenses": 90675000.0,
        "Diluted Average Shares": 14554218.0,
        "Basic Average Shares": 13364926.0,
        "Diluted EPS": 0.62,
        "Basic EPS": 0.68,
        "Diluted NI Availto Com Stockholders": 9040000.0,
        "Net Income Common Stockholders": 9040000.0,
        "Otherunder Preferred Stock Dividend": NaN,
        "Net Income": 9040000.0,
        "Net Income Including Noncontrolling Interests": 9040000.0,
        "Net Income Continuous Operations": 9040000.0,
        "Tax Provision": 2468000.0,
        "Pretax Income": 11508000.0,
        "Other Income Expense": -28385000.0,
        "Special Income Charges": -7894000.0,
        "Other Special Charges": NaN,
        "Restructuring And Mergern Acquisition": 7894000.0,
        "Gain On Sale Of Security": -20491000.0,
        "Net Non Operating Interest Income Expense": -1189000.0,
        "Interest Expense Non Operating": 1777000.0,
        "Interest Income Non Operating": 588000.0,
        "Operating Income": 41082000.0,
        "Operating Expense": 73384000.0,
        "Other Operating Expenses": 6203000.0,
        "Provision For Doubtful Accounts": 25295000.0,
        "Selling General And Administration": 41886000.0,
        "Selling And Marketing Expense": 15456000.0,
        "General And Administrative Expense": 26430000.0,
        "Salaries And Wages": 26430000.0,
        "Gross Profit": 114466000.0,
        "Cost Of Revenue": 17291000.0,
        "Total Revenue": 131757000.0,
        "Operating Revenue": 131757000.0
    }
}