{
    "2023-04-30": {
        "Tax Effect Of Unusual Items": NaN,
        "Tax Rate For Calcs": NaN,
        "Normalized EBITDA": NaN,
        "Total Unusual Items": NaN,
        "Total Unusual Items Excluding Goodwill": NaN,
        "Net Income From Continuing Operation Net Minority Interest": NaN,
        "Reconciled Depreciation": NaN,
        "Reconciled Cost Of Revenue": NaN,
        "EBITDA": NaN,
        "EBIT": NaN,
        "Net Interest Income": NaN,
        "Interest Expense": NaN,
        "Normalized Income": NaN,
        "Net Income From Continuing And Discontinued Operation": NaN,
        "Total Expenses": NaN,
        "Total Operating Income As Reported": NaN,
        "Diluted Average Shares": 67042000.0,
        "Basic Average Shares": 64371000.0,
        "Diluted EPS": 0.17,
        "Basic EPS": 0.18,
        "Diluted NI Availto Com Stockholders": NaN,
        "Net Income Common Stockholders": NaN,
        "Net Income": NaN,
        "Minority Interests": NaN,
        "Net Income Including Noncontrolling Interests": NaN,
        "Net Income Continuous Operations": NaN,
        "Tax Provision": NaN,
        "Pretax Income": NaN,
        "Other Income Expense": NaN,
        "Other Non Operating Income Expenses": NaN,
        "Special Income Charges": NaN,
        "Write Off": NaN,
        "Earnings From Equity Interest": NaN,
        "Net Non Operating Interest Income Expense": NaN,
        "Interest Expense Non Operating": NaN,
        "Operating Income": NaN,
        "Operating Expense": NaN,
        "Other Operating Expenses": NaN,
        "Gross Profit": NaN,
        "Cost Of Revenue": NaN,
        "Total Revenue": NaN,
        "Operating Revenue": NaN
    },
    "2023-01-31": {
        "Tax Effect Of Unusual Items": NaN,
        "Tax Rate For Calcs": NaN,
        "Normalized EBITDA": NaN,
        "Total Unusual Items": NaN,
        "Total Unusual Items Excluding Goodwill": NaN,
        "Net Income From Continuing Operation Net Minority Interest": NaN,
        "Reconciled Depreciation": NaN,
        "Reconciled Cost Of Revenue": NaN,
        "EBITDA": NaN,
        "EBIT": NaN,
        "Net Interest Income": NaN,
        "Interest Expense": NaN,
        "Normalized Income": NaN,
        "Net Income From Continuing And Discontinued Operation": NaN,
        "Total Expenses": NaN,
        "Total Operating Income As Reported": NaN,
        "Diluted Average Shares": NaN,
        "Basic Average Shares": NaN,
        "Diluted EPS": NaN,
        "Basic EPS": NaN,
        "Diluted NI Availto Com Stockholders": NaN,
        "Net Income Common Stockholders": NaN,
        "Net Income": NaN,
        "Minority Interests": NaN,
        "Net Income Including Noncontrolling Interests": NaN,
        "Net Income Continuous Operations": NaN,
        "Tax Provision": NaN,
        "Pretax Income": NaN,
        "Other Income Expense": NaN,
        "Other Non Operating Income Expenses": NaN,
        "Special Income Charges": NaN,
        "Other Special Charges": 0.0,
        "Write Off": NaN,
        "Earnings From Equity Interest": NaN,
        "Net Non Operating Interest Income Expense": NaN,
        "Interest Expense Non Operating": NaN,
        "Operating Income": NaN,
        "Operating Expense": NaN,
        "Other Operating Expenses": NaN,
        "Gross Profit": NaN,
        "Cost Of Revenue": NaN,
        "Total Revenue": NaN,
        "Operating Revenue": NaN
    },
    "2022-10-31": {
        "Tax Effect Of Unusual Items": NaN,
        "Tax Rate For Calcs": NaN,
        "Normalized EBITDA": NaN,
        "Total Unusual Items": NaN,
        "Total Unusual Items Excluding Goodwill": NaN,
        "Net Income From Continuing Operation Net Minority Interest": NaN,
        "Reconciled Depreciation": NaN,
        "Reconciled Cost Of Revenue": NaN,
        "EBITDA": NaN,
        "EBIT": NaN,
        "Net Interest Income": NaN,
        "Interest Expense": NaN,
        "Normalized Income": NaN,
        "Net Income From Continuing And Discontinued Operation": NaN,
        "Total Expenses": NaN,
        "Total Operating Income As Reported": NaN,
        "Diluted Average Shares": 69140000.0,
        "Basic Average Shares": 64245000.0,
        "Diluted EPS": 0.65,
        "Basic EPS": 0.7,
        "Diluted NI Availto Com Stockholders": NaN,
        "Net Income Common Stockholders": NaN,
        "Net Income": NaN,
        "Minority Interests": 0.0,
        "Net Income Including Noncontrolling Interests": NaN,
        "Net Income Continuous Operations": NaN,
        "Tax Provision": NaN,
        "Pretax Income": NaN,
        "Other Income Expense": NaN,
        "Other Non Operating Income Expenses": NaN,
        "Special Income Charges": NaN,
        "Other Special Charges": NaN,
        "Write Off": NaN,
        "Earnings From Equity Interest": NaN,
        "Net Non Operating Interest Income Expense": NaN,
        "Interest Expense Non Operating": NaN,
        "Operating Income": NaN,
        "Operating Expense": NaN,
        "Other Operating Expenses": NaN,
        "Gross Profit": NaN,
        "Cost Of Revenue": NaN,
        "Total Revenue": NaN,
        "Operating Revenue": NaN
    },
    "2022-07-31": {
        "Tax Effect Of Unusual Items": -523008.0,
        "Tax Rate For Calcs": 0.288,
        "Normalized EBITDA": 92214000.0,
        "Total Unusual Items": -1816000.0,
        "Total Unusual Items Excluding Goodwill": -1816000.0,
        "Net Income From Continuing Operation Net Minority Interest": 46213000.0,
        "Reconciled Depreciation": 22762000.0,
        "Reconciled Cost Of Revenue": 563649000.0,
        "EBITDA": 90398000.0,
        "EBIT": 67636000.0,
        "Net Interest Income": -2752000.0,
        "Interest Expense": 2752000.0,
        "Normalized Income": 47505992.0,
        "Net Income From Continuing And Discontinued Operation": 46213000.0,
        "Total Expenses": 792339000.0,
        "Total Operating Income As Reported": 67599000.0,
        "Diluted Average Shares": 73942000.0,
        "Basic Average Shares": 69604000.0,
        "Diluted EPS": 0.62,
        "Basic EPS": 0.66,
        "Diluted NI Availto Com Stockholders": 46213000.0,
        "Net Income Common Stockholders": 46213000.0,
        "Net Income": 46213000.0,
        "Minority Interests": NaN,
        "Net Income Including Noncontrolling Interests": 46213000.0,
        "Net Income Continuous Operations": 46213000.0,
        "Tax Provision": 18671000.0,
        "Pretax Income": 64884000.0,
        "Other Income Expense": 656000.0,
        "Other Non Operating Income Expenses": 37000.0,
        "Special Income Charges": -1816000.0,
        "Other Special Charges": NaN,
        "Write Off": 1816000.0,
        "Earnings From Equity Interest": 2435000.0,
        "Net Non Operating Interest Income Expense": -2752000.0,
        "Interest Expense Non Operating": 2752000.0,
        "Operating Income": 66980000.0,
        "Operating Expense": 228690000.0,
        "Other Operating Expenses": 228690000.0,
        "Gross Profit": 295670000.0,
        "Cost Of Revenue": 563649000.0,
        "Total Revenue": 859319000.0,
        "Operating Revenue": 859319000.0
    },
    "2022-04-30": {
        "Diluted EPS": 0.34,
        "Total Revenue": 831,
        "Gross Profit": 276,
        "Operating Income": 53,
        "EBIT": 75,
        "Net Income": 26
    },
    "2022-01-31": {
        "Diluted EPS": 0.19,
        "Total Revenue": 823,
        "Gross Profit": 254,
        "Operating Income": 22,
        "EBIT": 41,
        "Net Income": 14
    },
    "2021-10-31": {
        "Diluted EPS": 1.04,
        "Total Revenue": 853,
        "Gross Profit": 314,
        "Operating Income": 104,
        "EBIT": 123,
        "Net Income": 80
    },
    "2021-07-31": {
        "Diluted EPS": 0.55,
        "Total Revenue": 817,
        "Gross Profit": 285,
        "Operating Income": 61,
        "EBIT": 81,
        "Net Income": 43
    },
    "2021-04-30": {
        "Diluted EPS": 0.22,
        "Total Revenue": 703,
        "Gross Profit": 216,
        "Operating Income": 17,
        "EBIT": 38,
        "Net Income": 17
    },
    "2021-01-31": {
        "Diluted EPS": -1.85,
        "Total Revenue": 609,
        "Gross Profit": 135,
        "Operating Income": -68,
        "EBIT": -46,
        "Net Income": -134
    },
    "2020-10-31": {
        "Diluted EPS": -0.56,
        "Total Revenue": 653,
        "Gross Profit": 166,
        "Operating Income": -59,
        "EBIT": -37,
        "Net Income": -41
    },
    "2020-07-31": {
        "Diluted EPS": -1.36,
        "Total Revenue": 490,
        "Gross Profit": 37,
        "Operating Income": -136,
        "EBIT": -115,
        "Net Income": -98
    },
    "2020-04-30": {
        "Diluted EPS": -3.0,
        "Total Revenue": 483,
        "Gross Profit": -26,
        "Operating Income": -324,
        "EBIT": -301,
        "Net Income": -216
    },
    "2020-01-31": {
        "Diluted EPS": -0.1,
        "Total Revenue": 830,
        "Gross Profit": 206,
        "Operating Income": -14,
        "EBIT": 8,
        "Net Income": -8
    },
    "2019-10-31": {
        "Diluted EPS": 0.6,
        "Total Revenue": 934,
        "Gross Profit": 273,
        "Operating Income": 56,
        "EBIT": 78,
        "Net Income": 43
    },
    "2019-07-31": {
        "Diluted EPS": 0.37,
        "Total Revenue": 856,
        "Gross Profit": 261,
        "Operating Income": 41,
        "EBIT": 62,
        "Net Income": 27
    },
    "2019-04-30": {
        "Diluted EPS": 0.4,
        "Total Revenue": 873,
        "Gross Profit": 259,
        "Operating Income": 44,
        "EBIT": 65,
        "Net Income": 31
    },
    "2019-01-31": {
        "Diluted EPS": -0.56,
        "Total Revenue": 838,
        "Gross Profit": 203,
        "Operating Income": -57,
        "EBIT": -36,
        "Net Income": -46
    },
    "2018-10-31": {
        "Diluted EPS": 0.48,
        "Total Revenue": 833,
        "Gross Profit": 272,
        "Operating Income": 53,
        "EBIT": 72,
        "Net Income": 39
    },
    "2018-07-31": {
        "Diluted EPS": -0.48,
        "Total Revenue": 795,
        "Gross Profit": 256,
        "Operating Income": 24,
        "EBIT": 45,
        "Net Income": -38
    },
    "2018-04-30": {
        "Diluted EPS": 0.3,
        "Total Revenue": 712,
        "Gross Profit": 207,
        "Operating Income": 38,
        "EBIT": 56,
        "Net Income": 24
    },
    "2018-01-31": {
        "Diluted EPS": 0.15,
        "Total Revenue": 720,
        "Gross Profit": 190,
        "Operating Income": 34,
        "EBIT": 53,
        "Net Income": 12
    },
    "2017-10-31": {
        "Diluted EPS": 0.05,
        "Total Revenue": 711,
        "Gross Profit": 210,
        "Operating Income": 3,
        "EBIT": 23,
        "Net Income": 4
    },
    "2017-07-31": {
        "Diluted EPS": 0.36,
        "Total Revenue": 683,
        "Gross Profit": 201,
        "Operating Income": 47,
        "EBIT": 68,
        "Net Income": 29
    },
    "2017-04-30": {
        "Diluted EPS": 0.28,
        "Total Revenue": 692,
        "Gross Profit": 198,
        "Operating Income": 41,
        "EBIT": 62,
        "Net Income": 23
    },
    "2017-01-31": {
        "Diluted EPS": 0.38,
        "Total Revenue": 681,
        "Gross Profit": 182,
        "Operating Income": 49,
        "EBIT": 70,
        "Net Income": 30
    },
    "2016-10-31": {
        "Diluted EPS": 0.47,
        "Total Revenue": 697,
        "Gross Profit": 212,
        "Operating Income": 63,
        "EBIT": 84,
        "Net Income": 39
    },
    "2016-07-31": {
        "Diluted EPS": 0.3,
        "Total Revenue": 659,
        "Gross Profit": 187,
        "Operating Income": 40,
        "EBIT": 60,
        "Net Income": 25
    },
    "2016-04-30": {
        "Diluted EPS": 0.36,
        "Total Revenue": 681,
        "Gross Profit": 204,
        "Operating Income": 49,
        "EBIT": 69,
        "Net Income": 30
    },
    "2016-01-31": {
        "Diluted EPS": 0.15,
        "Total Revenue": 672,
        "Gross Profit": 165,
        "Operating Income": 17,
        "EBIT": 37,
        "Net Income": 12
    },
    "2015-10-31": {
        "Diluted EPS": 0.44,
        "Total Revenue": 666,
        "Gross Profit": 199,
        "Operating Income": 63,
        "EBIT": 83,
        "Net Income": 39
    },
    "2015-07-31": {
        "Diluted EPS": 0.42,
        "Total Revenue": 627,
        "Gross Profit": 191,
        "Operating Income": 60,
        "EBIT": 80,
        "Net Income": 38
    },
    "2015-04-30": {
        "Diluted EPS": 0.53,
        "Total Revenue": 655,
        "Gross Profit": 213,
        "Operating Income": 74,
        "EBIT": 93,
        "Net Income": 47
    },
    "2015-01-31": {
        "Diluted EPS": 0.34,
        "Total Revenue": 640,
        "Gross Profit": 177,
        "Operating Income": 48,
        "EBIT": 68,
        "Net Income": 31
    },
    "2014-10-31": {
        "Diluted EPS": 0.55,
        "Total Revenue": 670,
        "Gross Profit": 219,
        "Operating Income": 80,
        "EBIT": 99,
        "Net Income": 50
    },
    "2014-07-31": {
        "Diluted EPS": 0.38,
        "Total Revenue": 587,
        "Gross Profit": 172,
        "Operating Income": 53,
        "EBIT": 73,
        "Net Income": 34
    },
    "2014-04-30": {
        "Diluted EPS": 0.42,
        "Total Revenue": 599,
        "Gross Profit": 188,
        "Operating Income": 61,
        "EBIT": 80,
        "Net Income": 39
    },
    "2014-01-31": {
        "Diluted EPS": 0.3,
        "Total Revenue": 572,
        "Gross Profit": 160,
        "Operating Income": 45,
        "EBIT": 63,
        "Net Income": 28
    },
    "2013-10-31": {
        "Diluted EPS": 0.6,
        "Total Revenue": 633,
        "Gross Profit": 213,
        "Operating Income": 88,
        "EBIT": 107,
        "Net Income": 55
    },
    "2013-07-31": {
        "Diluted EPS": 0.37,
        "Total Revenue": 562,
        "Gross Profit": 183,
        "Operating Income": 54,
        "EBIT": 74,
        "Net Income": 34
    },
    "2013-04-30": {
        "Diluted EPS": 0.38,
        "Total Revenue": 601,
        "Gross Profit": 183,
        "Operating Income": 54,
        "EBIT": 73,
        "Net Income": 35
    },
    "2013-01-31": {
        "Diluted EPS": 0.3,
        "Total Revenue": 594,
        "Gross Profit": 172,
        "Operating Income": 46,
        "EBIT": 63,
        "Net Income": 27
    },
    "2012-10-31": {
        "Diluted EPS": 0.55,
        "Total Revenue": 593,
        "Gross Profit": 200,
        "Operating Income": 78,
        "EBIT": 95,
        "Net Income": 50
    },
    "2012-07-31": {
        "Diluted EPS": 0.33,
        "Total Revenue": 512,
        "Gross Profit": 160,
        "Operating Income": 47,
        "EBIT": 63,
        "Net Income": 29
    },
    "2012-04-30": {
        "Diluted EPS": 0.45,
        "Total Revenue": 559,
        "Gross Profit": 193,
        "Operating Income": 65,
        "EBIT": 80,
        "Net Income": 40
    },
    "2012-01-31": {
        "Diluted EPS": 0.79,
        "Total Revenue": 514,
        "Gross Profit": 146,
        "Operating Income": 40,
        "EBIT": 58,
        "Net Income": 19
    },
    "2011-10-31": {
        "Diluted EPS": 0.38,
        "Total Revenue": 531,
        "Gross Profit": 180,
        "Operating Income": 81,
        "EBIT": 95,
        "Net Income": 54
    },
    "2011-07-31": {
        "Diluted EPS": 1.98,
        "Total Revenue": 476,
        "Gross Profit": 156,
        "Operating Income": 26,
        "EBIT": 42,
        "Net Income": 140
    },
    "2011-04-30": {
        "Diluted EPS": -0.87,
        "Total Revenue": 504,
        "Gross Profit": 172,
        "Operating Income": 5,
        "EBIT": 19,
        "Net Income": -38
    },
    "2011-01-31": {
        "Diluted EPS": 0.01,
        "Total Revenue": 468,
        "Gross Profit": 133,
        "Operating Income": 30,
        "EBIT": 47,
        "Net Income": 0
    },
    "2010-10-31": {
        "Diluted EPS": -0.13,
        "Total Revenue": 489,
        "Gross Profit": 159,
        "Operating Income": 17,
        "EBIT": 30,
        "Net Income": -3
    },
    "2010-07-31": {
        "Diluted EPS": 0.5,
        "Total Revenue": 415,
        "Gross Profit": 126,
        "Operating Income": 56,
        "EBIT": 70,
        "Net Income": 27
    },
    "2010-04-30": {
        "Diluted EPS": 0.34,
        "Total Revenue": 450,
        "Gross Profit": 147,
        "Operating Income": 49,
        "EBIT": 61,
        "Net Income": 30
    },
    "2010-01-31": {
        "Diluted EPS": 0.15,
        "Total Revenue": 403,
        "Gross Profit": 118,
        "Operating Income": 25,
        "EBIT": 41,
        "Net Income": 13
    },
    "2009-10-31": {
        "Diluted EPS": 0.3,
        "Total Revenue": 445,
        "Gross Profit": 147,
        "Operating Income": 45,
        "EBIT": 56,
        "Net Income": 27
    },
    "2009-07-31": {
        "Diluted EPS": 0.09,
        "Total Revenue": 369,
        "Gross Profit": 98,
        "Operating Income": 11,
        "EBIT": 23,
        "Net Income": 8
    },
    "2009-04-30": {
        "Diluted EPS": 0.08,
        "Total Revenue": 386,
        "Gross Profit": 105,
        "Operating Income": 12,
        "EBIT": 23,
        "Net Income": 7
    },
    "2009-01-31": {
        "Diluted EPS": -0.09,
        "Total Revenue": 348,
        "Gross Profit": 72,
        "Operating Income": -12,
        "EBIT": 0,
        "Net Income": -8
    },
    "2023-07-31": {
        "Tax Effect Of Unusual Items": NaN,
        "Tax Rate For Calcs": NaN,
        "Normalized EBITDA": NaN,
        "Total Unusual Items": NaN,
        "Total Unusual Items Excluding Goodwill": NaN,
        "Net Income From Continuing Operation Net Minority Interest": NaN,
        "Reconciled Depreciation": NaN,
        "Reconciled Cost Of Revenue": NaN,
        "EBITDA": NaN,
        "EBIT": NaN,
        "Net Interest Income": NaN,
        "Interest Expense": NaN,
        "Normalized Income": NaN,
        "Net Income From Continuing And Discontinued Operation": NaN,
        "Total Expenses": NaN,
        "Total Operating Income As Reported": NaN,
        "Diluted Average Shares": 66997000.0,
        "Basic Average Shares": 65576000.0,
        "Diluted EPS": 0.56,
        "Basic EPS": 0.57,
        "Diluted NI Availto Com Stockholders": NaN,
        "Net Income Common Stockholders": NaN,
        "Net Income": NaN,
        "Minority Interests": NaN,
        "Net Income Including Noncontrolling Interests": NaN,
        "Net Income Continuous Operations": NaN,
        "Tax Provision": NaN,
        "Pretax Income": NaN,
        "Other Income Expense": NaN,
        "Other Non Operating Income Expenses": NaN,
        "Special Income Charges": NaN,
        "Write Off": NaN,
        "Earnings From Equity Interest": NaN,
        "Net Non Operating Interest Income Expense": NaN,
        "Interest Expense Non Operating": NaN,
        "Operating Income": NaN,
        "Operating Expense": NaN,
        "Other Operating Expenses": NaN,
        "Gross Profit": NaN,
        "Cost Of Revenue": NaN,
        "Total Revenue": NaN,
        "Operating Revenue": NaN
    },
    "2023-10-31": {
        "Tax Effect Of Unusual Items": NaN,
        "Tax Rate For Calcs": NaN,
        "Normalized EBITDA": NaN,
        "Total Unusual Items": NaN,
        "Total Unusual Items Excluding Goodwill": NaN,
        "Net Income From Continuing Operation Net Minority Interest": NaN,
        "Reconciled Depreciation": NaN,
        "Reconciled Cost Of Revenue": NaN,
        "EBITDA": NaN,
        "EBIT": NaN,
        "Net Interest Income": NaN,
        "Interest Expense": NaN,
        "Normalized Income": NaN,
        "Net Income From Continuing And Discontinued Operation": NaN,
        "Total Expenses": NaN,
        "Total Operating Income As Reported": NaN,
        "Diluted Average Shares": 61405000.0,
        "Basic Average Shares": 56785733.0,
        "Diluted EPS": 0.17,
        "Basic EPS": 0.178584,
        "Diluted NI Availto Com Stockholders": NaN,
        "Net Income Common Stockholders": NaN,
        "Net Income": NaN,
        "Minority Interests": NaN,
        "Net Income Including Noncontrolling Interests": NaN,
        "Net Income Continuous Operations": NaN,
        "Tax Provision": NaN,
        "Pretax Income": NaN,
        "Other Income Expense": NaN,
        "Other Non Operating Income Expenses": NaN,
        "Special Income Charges": NaN,
        "Write Off": NaN,
        "Earnings From Equity Interest": NaN,
        "Net Non Operating Interest Income Expense": NaN,
        "Interest Expense Non Operating": NaN,
        "Operating Income": NaN,
        "Operating Expense": NaN,
        "Other Operating Expenses": NaN,
        "Gross Profit": NaN,
        "Cost Of Revenue": NaN,
        "Total Revenue": NaN,
        "Operating Revenue": NaN
    },
    "2024-01-31": {
        "Tax Effect Of Unusual Items": NaN,
        "Tax Rate For Calcs": NaN,
        "Normalized EBITDA": NaN,
        "Total Unusual Items": NaN,
        "Total Unusual Items Excluding Goodwill": NaN,
        "Net Income From Continuing Operation Net Minority Interest": NaN,
        "Reconciled Depreciation": NaN,
        "Reconciled Cost Of Revenue": NaN,
        "EBITDA": NaN,
        "EBIT": NaN,
        "Net Interest Income": NaN,
        "Interest Expense": NaN,
        "Normalized Income": NaN,
        "Net Income From Continuing And Discontinued Operation": NaN,
        "Total Expenses": NaN,
        "Total Operating Income As Reported": NaN,
        "Diluted Average Shares": 57223733.0,
        "Basic Average Shares": 57223733.0,
        "Diluted EPS": -0.522326,
        "Basic EPS": -0.522326,
        "Diluted NI Availto Com Stockholders": NaN,
        "Net Income Common Stockholders": NaN,
        "Net Income": NaN,
        "Minority Interests": NaN,
        "Net Income Including Noncontrolling Interests": NaN,
        "Net Income Continuous Operations": NaN,
        "Tax Provision": NaN,
        "Pretax Income": NaN,
        "Other Income Expense": NaN,
        "Other Non Operating Income Expenses": NaN,
        "Special Income Charges": NaN,
        "Write Off": NaN,
        "Earnings From Equity Interest": NaN,
        "Net Non Operating Interest Income Expense": NaN,
        "Interest Expense Non Operating": NaN,
        "Operating Income": NaN,
        "Operating Expense": NaN,
        "Other Operating Expenses": NaN,
        "Gross Profit": NaN,
        "Cost Of Revenue": NaN,
        "Total Revenue": NaN,
        "Operating Revenue": NaN
    },
    "2024-04-30": {
        "Tax Effect Of Unusual Items": NaN,
        "Tax Rate For Calcs": NaN,
        "Normalized EBITDA": NaN,
        "Total Unusual Items": NaN,
        "Total Unusual Items Excluding Goodwill": NaN,
        "Net Income From Continuing Operation Net Minority Interest": NaN,
        "Reconciled Depreciation": NaN,
        "Reconciled Cost Of Revenue": NaN,
        "EBITDA": NaN,
        "EBIT": NaN,
        "Net Interest Income": NaN,
        "Interest Expense": NaN,
        "Normalized Income": NaN,
        "Net Income From Continuing And Discontinued Operation": NaN,
        "Total Expenses": NaN,
        "Total Operating Income As Reported": NaN,
        "Diluted Average Shares": 59470000.0,
        "Basic Average Shares": 57792733.0,
        "Diluted EPS": NaN,
        "Basic EPS": 0.013555,
        "Diluted NI Availto Com Stockholders": NaN,
        "Net Income Common Stockholders": NaN,
        "Net Income": NaN,
        "Minority Interests": NaN,
        "Net Income Including Noncontrolling Interests": NaN,
        "Net Income Continuous Operations": NaN,
        "Tax Provision": NaN,
        "Pretax Income": NaN,
        "Other Income Expense": NaN,
        "Other Non Operating Income Expenses": NaN,
        "Special Income Charges": NaN,
        "Write Off": NaN,
        "Earnings From Equity Interest": NaN,
        "Net Non Operating Interest Income Expense": NaN,
        "Interest Expense Non Operating": NaN,
        "Operating Income": NaN,
        "Operating Expense": NaN,
        "Other Operating Expenses": NaN,
        "Gross Profit": NaN,
        "Cost Of Revenue": NaN,
        "Total Revenue": NaN,
        "Operating Revenue": NaN
    },
    "2024-07-31": {
        "Tax Effect Of Unusual Items": 0.0,
        "Tax Rate For Calcs": 0.192777,
        "Normalized EBITDA": 44928000.0,
        "Total Unusual Items": 0.0,
        "Total Unusual Items Excluding Goodwill": 0.0,
        "Net Income From Continuing Operation Net Minority Interest": 13824000.0,
        "Reconciled Depreciation": 16448000.0,
        "Reconciled Cost Of Revenue": 432351000.0,
        "EBITDA": 44928000.0,
        "EBIT": 28480000.0,
        "Net Interest Income": -11035000.0,
        "Interest Expense": 11035000.0,
        "Normalized Income": 13824000.0,
        "Net Income From Continuing And Discontinued Operation": 13824000.0,
        "Total Expenses": 745882000.0,
        "Total Operating Income As Reported": 28589000.0,
        "Diluted Average Shares": 58576000.0,
        "Basic Average Shares": 55489733.0,
        "Diluted EPS": 0.239157,
        "Basic EPS": 0.239157,
        "Diluted NI Availto Com Stockholders": 13824000.0,
        "Net Income Common Stockholders": 13824000.0,
        "Net Income": 13824000.0,
        "Minority Interests": -258000.0,
        "Net Income Including Noncontrolling Interests": 14082000.0,
        "Net Income Continuous Operations": 14082000.0,
        "Tax Provision": 3363000.0,
        "Pretax Income": 17445000.0,
        "Other Income Expense": 2462000.0,
        "Other Non Operating Income Expenses": -109000.0,
        "Special Income Charges": 0.0,
        "Write Off": 0.0,
        "Earnings From Equity Interest": 2571000.0,
        "Net Non Operating Interest Income Expense": -11035000.0,
        "Interest Expense Non Operating": 11035000.0,
        "Operating Income": 26018000.0,
        "Operating Expense": 313531000.0,
        "Other Operating Expenses": 313531000.0,
        "Gross Profit": 339549000.0,
        "Cost Of Revenue": 432351000.0,
        "Total Revenue": 771900000.0,
        "Operating Revenue": 771900000.0
    },
    "2024-10-31": {
        "Tax Effect Of Unusual Items": -3728760.0,
        "Tax Rate For Calcs": 0.21,
        "Normalized EBITDA": 56060000.0,
        "Total Unusual Items": -17756000.0,
        "Total Unusual Items Excluding Goodwill": -17756000.0,
        "Net Income From Continuing Operation Net Minority Interest": 13012000.0,
        "Reconciled Depreciation": 15748000.0,
        "Reconciled Cost Of Revenue": 443379000.0,
        "EBITDA": 38304000.0,
        "EBIT": 22556000.0,
        "Net Interest Income": -11565000.0,
        "Interest Expense": 11565000.0,
        "Normalized Income": 27039240.0,
        "Net Income From Continuing And Discontinued Operation": 13012000.0,
        "Total Expenses": 740206000.0,
        "Total Operating Income As Reported": 22816000.0,
        "Diluted Average Shares": 53486000.0,
        "Basic Average Shares": 47872733.0,
        "Diluted EPS": 0.234453,
        "Basic EPS": 0.234453,
        "Diluted NI Availto Com Stockholders": 13012000.0,
        "Net Income Common Stockholders": 13012000.0,
        "Net Income": 13012000.0,
        "Minority Interests": -202000.0,
        "Net Income Including Noncontrolling Interests": 13214000.0,
        "Net Income Continuous Operations": 13214000.0,
        "Tax Provision": -2223000.0,
        "Pretax Income": 10991000.0,
        "Other Income Expense": -14432000.0,
        "Other Non Operating Income Expenses": -260000.0,
        "Special Income Charges": -17756000.0,
        "Write Off": 17756000.0,
        "Earnings From Equity Interest": 3584000.0,
        "Net Non Operating Interest Income Expense": -11565000.0,
        "Interest Expense Non Operating": 11565000.0,
        "Operating Income": 36988000.0,
        "Operating Expense": 296827000.0,
        "Other Operating Expenses": 296827000.0,
        "Gross Profit": 333815000.0,
        "Cost Of Revenue": 443379000.0,
        "Total Revenue": 777194000.0,
        "Operating Revenue": 777194000.0
    },
    "2025-01-31": {
        "Tax Effect Of Unusual Items": -121800.0,
        "Tax Rate For Calcs": 0.21,
        "Normalized EBITDA": -8740000.0,
        "Total Unusual Items": -580000.0,
        "Total Unusual Items Excluding Goodwill": -580000.0,
        "Net Income From Continuing Operation Net Minority Interest": -38168000.0,
        "Reconciled Depreciation": 15246000.0,
        "Reconciled Cost Of Revenue": 173042000.0,
        "EBITDA": -9320000.0,
        "EBIT": -24566000.0,
        "Net Interest Income": -11130000.0,
        "Interest Expense": 12278000.0,
        "Normalized Income": -37709800.0,
        "Net Income From Continuing And Discontinued Operation": -38168000.0,
        "Total Expenses": 742972000.0,
        "Total Operating Income As Reported": -25854000.0,
        "Diluted Average Shares": 47943733.0,
        "Basic Average Shares": 47943733.0,
        "Diluted EPS": -0.8,
        "Basic EPS": -0.796358,
        "Diluted NI Availto Com Stockholders": -38168000.0,
        "Net Income Common Stockholders": -38168000.0,
        "Net Income": -38168000.0,
        "Minority Interests": -12000.0,
        "Net Income Including Noncontrolling Interests": -38156000.0,
        "Net Income Continuous Operations": -38156000.0,
        "Tax Provision": 1312000.0,
        "Pretax Income": -36844000.0,
        "Other Income Expense": 3686000.0,
        "Other Non Operating Income Expenses": 140000.0,
        "Special Income Charges": -580000.0,
        "Write Off": 580000.0,
        "Earnings From Equity Interest": 4126000.0,
        "Net Non Operating Interest Income Expense": -11130000.0,
        "Interest Expense Non Operating": 12278000.0,
        "Operating Income": -29400000.0,
        "Operating Expense": 569930000.0,
        "Other Operating Expenses": 569930000.0,
        "Gross Profit": 540530000.0,
        "Cost Of Revenue": 173042000.0,
        "Total Revenue": 713572000.0,
        "Operating Revenue": 713572000.0
    },
    "2025-04-30": {
        "Tax Effect Of Unusual Items": -307112.0,
        "Tax Rate For Calcs": 0.104,
        "Normalized EBITDA": 10495000.0,
        "Total Unusual Items": -2953000.0,
        "Total Unusual Items Excluding Goodwill": -2953000.0,
        "Net Income From Continuing Operation Net Minority Interest": -17424000.0,
        "Reconciled Depreciation": 14796000.0,
        "Reconciled Cost Of Revenue": 391783000.0,
        "EBITDA": 7542000.0,
        "EBIT": -7254000.0,
        "Net Interest Income": -11868000.0,
        "Interest Expense": 11868000.0,
        "Normalized Income": -14778112.0,
        "Net Income From Continuing And Discontinued Operation": -17424000.0,
        "Total Expenses": 693645000.0,
        "Total Operating Income As Reported": -7262000.0,
        "Diluted Average Shares": 48632733.0,
        "Basic Average Shares": 48632733.0,
        "Diluted EPS": -0.36,
        "Basic EPS": -0.358357,
        "Diluted NI Availto Com Stockholders": -17424000.0,
        "Net Income Common Stockholders": -17424000.0,
        "Net Income": -17424000.0,
        "Minority Interests": -288000.0,
        "Net Income Including Noncontrolling Interests": -17136000.0,
        "Net Income Continuous Operations": -17136000.0,
        "Tax Provision": -1986000.0,
        "Pretax Income": -19122000.0,
        "Other Income Expense": -518000.0,
        "Other Non Operating Income Expenses": 8000.0,
        "Special Income Charges": -2953000.0,
        "Write Off": 2953000.0,
        "Earnings From Equity Interest": 2427000.0,
        "Net Non Operating Interest Income Expense": -11868000.0,
        "Interest Expense Non Operating": 11868000.0,
        "Operating Income": -6736000.0,
        "Operating Expense": 301862000.0,
        "Other Operating Expenses": 301862000.0,
        "Gross Profit": 295126000.0,
        "Cost Of Revenue": 391783000.0,
        "Total Revenue": 686909000.0,
        "Operating Revenue": 686909000.0
    },
    "2025-07-31": {
        "Tax Effect Of Unusual Items": -351432.942445,
        "Tax Rate For Calcs": 0.239722,
        "Normalized EBITDA": 42839000.0,
        "Total Unusual Items": -1466000.0,
        "Total Unusual Items Excluding Goodwill": -1466000.0,
        "Net Income From Continuing Operation Net Minority Interest": 10827000.0,
        "Reconciled Depreciation": 14868000.0,
        "Reconciled Cost Of Revenue": 416829000.0,
        "EBITDA": 41373000.0,
        "EBIT": 26505000.0,
        "Net Interest Income": -11667000.0,
        "Interest Expense": 11667000.0,
        "Normalized Income": 11941567.057555,
        "Net Income From Continuing And Discontinued Operation": 10827000.0,
        "Total Expenses": 714291000.0,
        "Total Operating Income As Reported": 26583000.0,
        "Diluted Average Shares": 49734000.0,
        "Basic Average Shares": 49528733.0,
        "Diluted EPS": 0.22,
        "Basic EPS": 0.221754,
        "Diluted NI Availto Com Stockholders": 10827000.0,
        "Net Income Common Stockholders": 10827000.0,
        "Net Income": 10827000.0,
        "Minority Interests": -454000.0,
        "Net Income Including Noncontrolling Interests": 11281000.0,
        "Net Income Continuous Operations": 11281000.0,
        "Tax Provision": 3557000.0,
        "Pretax Income": 14838000.0,
        "Other Income Expense": 1034000.0,
        "Other Non Operating Income Expenses": -78000.0,
        "Special Income Charges": -1466000.0,
        "Write Off": 1466000.0,
        "Earnings From Equity Interest": 2578000.0,
        "Net Non Operating Interest Income Expense": -11667000.0,
        "Interest Expense Non Operating": 11667000.0,
        "Operating Income": 25471000.0,
        "Operating Expense": 297462000.0,
        "Other Operating Expenses": 297462000.0,
        "Gross Profit": 322933000.0,
        "Cost Of Revenue": 416829000.0,
        "Total Revenue": 739762000.0,
        "Operating Revenue": 739762000.0
    },
    "2025-10-31": {
        "Tax Effect Of Unusual Items": 0.0,
        "Tax Rate For Calcs": 0.381,
        "Normalized EBITDA": 57344000.0,
        "Total Unusual Items": 0.0,
        "Total Unusual Items Excluding Goodwill": 0.0,
        "Net Income From Continuing Operation Net Minority Interest": 18215000.0,
        "Reconciled Depreciation": 14715000.0,
        "Reconciled Cost Of Revenue": 412792000.0,
        "EBITDA": 57344000.0,
        "EBIT": 42629000.0,
        "Net Interest Income": -11420000.0,
        "Interest Expense": 11420000.0,
        "Normalized Income": 18215000.0,
        "Net Income From Continuing And Discontinued Operation": 18215000.0,
        "Total Expenses": 712848000.0,
        "Total Operating Income As Reported": 42663000.0,
        "Diluted Average Shares": 51532000.0,
        "Basic Average Shares": 49608733.0,
        "Diluted EPS": 0.35,
        "Basic EPS": 0.367657,
        "Diluted NI Availto Com Stockholders": 18215000.0,
        "Net Income Common Stockholders": 18215000.0,
        "Net Income": 18215000.0,
        "Minority Interests": -1103000.0,
        "Net Income Including Noncontrolling Interests": 19318000.0,
        "Net Income Continuous Operations": 19318000.0,
        "Tax Provision": 11891000.0,
        "Pretax Income": 31209000.0,
        "Other Income Expense": 3066000.0,
        "Other Non Operating Income Expenses": -34000.0,
        "Special Income Charges": 0.0,
        "Write Off": 0.0,
        "Earnings From Equity Interest": 3100000.0,
        "Net Non Operating Interest Income Expense": -11420000.0,
        "Interest Expense Non Operating": 11420000.0,
        "Operating Income": 39563000.0,
        "Operating Expense": 300056000.0,
        "Other Operating Expenses": 300056000.0,
        "Gross Profit": 339619000.0,
        "Cost Of Revenue": 412792000.0,
        "Total Revenue": 752411000.0,
        "Operating Revenue": 752411000.0
    }
}