{
    "2023-03-31": {
        "Tax Effect Of Unusual Items": NaN,
        "Tax Rate For Calcs": NaN,
        "Normalized EBITDA": NaN,
        "Total Unusual Items": NaN,
        "Total Unusual Items Excluding Goodwill": NaN,
        "Net Income From Continuing Operation Net Minority Interest": NaN,
        "Reconciled Depreciation": NaN,
        "Reconciled Cost Of Revenue": 102632000.0,
        "EBITDA": NaN,
        "EBIT": NaN,
        "Net Interest Income": NaN,
        "Interest Expense": NaN,
        "Normalized Income": NaN,
        "Net Income From Continuing And Discontinued Operation": NaN,
        "Total Expenses": NaN,
        "Diluted Average Shares": NaN,
        "Basic Average Shares": NaN,
        "Diluted EPS": NaN,
        "Basic EPS": NaN,
        "Diluted NI Availto Com Stockholders": NaN,
        "Average Dilution Earnings": NaN,
        "Net Income Common Stockholders": NaN,
        "Otherunder Preferred Stock Dividend": NaN,
        "Preferred Stock Dividends": NaN,
        "Net Income": NaN,
        "Minority Interests": NaN,
        "Net Income Including Noncontrolling Interests": NaN,
        "Net Income Discontinuous Operations": NaN,
        "Net Income Continuous Operations": NaN,
        "Tax Provision": NaN,
        "Pretax Income": NaN,
        "Other Income Expense": NaN,
        "Other Non Operating Income Expenses": NaN,
        "Special Income Charges": NaN,
        "Restructuring And Mergern Acquisition": NaN,
        "Net Non Operating Interest Income Expense": NaN,
        "Interest Expense Non Operating": NaN,
        "Operating Income": NaN,
        "Operating Expense": NaN,
        "Other Operating Expenses": NaN,
        "Depreciation Amortization Depletion Income Statement": NaN,
        "Depreciation And Amortization In Income Statement": NaN,
        "Selling General And Administration": NaN,
        "General And Administrative Expense": NaN,
        "Other Gand A": NaN,
        "Salaries And Wages": NaN,
        "Gross Profit": 147283000.0,
        "Cost Of Revenue": 102877000.0,
        "Total Revenue": NaN,
        "Operating Revenue": NaN
    },
    "2022-12-31": {
        "Tax Effect Of Unusual Items": NaN,
        "Tax Rate For Calcs": NaN,
        "Normalized EBITDA": NaN,
        "Total Unusual Items": NaN,
        "Total Unusual Items Excluding Goodwill": NaN,
        "Net Income From Continuing Operation Net Minority Interest": NaN,
        "Reconciled Depreciation": NaN,
        "Reconciled Cost Of Revenue": 109524000.0,
        "EBITDA": NaN,
        "EBIT": NaN,
        "Net Interest Income": NaN,
        "Interest Expense": NaN,
        "Normalized Income": NaN,
        "Net Income From Continuing And Discontinued Operation": NaN,
        "Total Expenses": NaN,
        "Diluted Average Shares": NaN,
        "Basic Average Shares": NaN,
        "Diluted EPS": NaN,
        "Basic EPS": NaN,
        "Diluted NI Availto Com Stockholders": NaN,
        "Average Dilution Earnings": NaN,
        "Net Income Common Stockholders": NaN,
        "Otherunder Preferred Stock Dividend": 17000.0,
        "Preferred Stock Dividends": NaN,
        "Net Income": NaN,
        "Minority Interests": NaN,
        "Net Income Including Noncontrolling Interests": NaN,
        "Net Income Discontinuous Operations": NaN,
        "Net Income Continuous Operations": NaN,
        "Tax Provision": NaN,
        "Pretax Income": NaN,
        "Other Income Expense": NaN,
        "Other Non Operating Income Expenses": NaN,
        "Special Income Charges": NaN,
        "Restructuring And Mergern Acquisition": NaN,
        "Earnings From Equity Interest": 202104000.0,
        "Net Non Operating Interest Income Expense": NaN,
        "Interest Expense Non Operating": NaN,
        "Operating Income": NaN,
        "Operating Expense": NaN,
        "Other Operating Expenses": NaN,
        "Depreciation Amortization Depletion Income Statement": NaN,
        "Depreciation And Amortization In Income Statement": NaN,
        "Selling General And Administration": NaN,
        "General And Administrative Expense": NaN,
        "Other Gand A": NaN,
        "Salaries And Wages": NaN,
        "Gross Profit": 191291000.0,
        "Cost Of Revenue": 109790000.0,
        "Total Revenue": NaN,
        "Operating Revenue": NaN
    },
    "2022-09-30": {
        "Tax Effect Of Unusual Items": NaN,
        "Tax Rate For Calcs": NaN,
        "Normalized EBITDA": NaN,
        "Total Unusual Items": NaN,
        "Total Unusual Items Excluding Goodwill": NaN,
        "Net Income From Continuing Operation Net Minority Interest": NaN,
        "Reconciled Depreciation": NaN,
        "Reconciled Cost Of Revenue": NaN,
        "EBITDA": NaN,
        "EBIT": NaN,
        "Net Interest Income": NaN,
        "Interest Expense": NaN,
        "Normalized Income": NaN,
        "Net Income From Continuing And Discontinued Operation": NaN,
        "Total Expenses": NaN,
        "Diluted Average Shares": NaN,
        "Basic Average Shares": NaN,
        "Diluted EPS": NaN,
        "Basic EPS": NaN,
        "Diluted NI Availto Com Stockholders": NaN,
        "Average Dilution Earnings": NaN,
        "Net Income Common Stockholders": NaN,
        "Otherunder Preferred Stock Dividend": -1081000.0,
        "Preferred Stock Dividends": NaN,
        "Net Income": NaN,
        "Minority Interests": NaN,
        "Net Income Including Noncontrolling Interests": NaN,
        "Net Income Discontinuous Operations": NaN,
        "Net Income Continuous Operations": NaN,
        "Tax Provision": NaN,
        "Pretax Income": NaN,
        "Other Income Expense": NaN,
        "Other Non Operating Income Expenses": NaN,
        "Special Income Charges": NaN,
        "Restructuring And Mergern Acquisition": NaN,
        "Earnings From Equity Interest": 69316000.0,
        "Net Non Operating Interest Income Expense": NaN,
        "Interest Expense Non Operating": NaN,
        "Operating Income": NaN,
        "Operating Expense": NaN,
        "Other Operating Expenses": NaN,
        "Depreciation Amortization Depletion Income Statement": NaN,
        "Depreciation And Amortization In Income Statement": NaN,
        "Selling General And Administration": NaN,
        "General And Administrative Expense": NaN,
        "Other Gand A": NaN,
        "Salaries And Wages": NaN,
        "Gross Profit": NaN,
        "Cost Of Revenue": NaN,
        "Total Revenue": NaN,
        "Operating Revenue": NaN
    },
    "2022-06-30": {
        "Tax Effect Of Unusual Items": -124303.360321,
        "Tax Rate For Calcs": 0.045103,
        "Normalized EBITDA": 148668000.0,
        "Total Unusual Items": -2756000.0,
        "Total Unusual Items Excluding Goodwill": -2756000.0,
        "Net Income From Continuing Operation Net Minority Interest": -6791000.0,
        "Reconciled Depreciation": 155352000.0,
        "Reconciled Cost Of Revenue": 104477000.0,
        "EBITDA": 145912000.0,
        "EBIT": -9440000.0,
        "Net Interest Income": -46388000.0,
        "Interest Expense": 46388000.0,
        "Normalized Income": -4159303.360321,
        "Net Income From Continuing And Discontinued Operation": -21562000.0,
        "Total Expenses": 388043000.0,
        "Diluted Average Shares": 153983000.0,
        "Basic Average Shares": 153983000.0,
        "Diluted EPS": -0.24,
        "Basic EPS": -0.24,
        "Diluted NI Availto Com Stockholders": -37321000.0,
        "Average Dilution Earnings": 0.0,
        "Net Income Common Stockholders": -37321000.0,
        "Otherunder Preferred Stock Dividend": 0.0,
        "Preferred Stock Dividends": 15759000.0,
        "Net Income": -21562000.0,
        "Minority Interests": 46519000.0,
        "Net Income Including Noncontrolling Interests": -68081000.0,
        "Net Income Discontinuous Operations": -14771000.0,
        "Net Income Continuous Operations": -53310000.0,
        "Tax Provision": -2518000.0,
        "Pretax Income": -55828000.0,
        "Other Income Expense": 89194000.0,
        "Other Non Operating Income Expenses": -46256000.0,
        "Special Income Charges": -2756000.0,
        "Restructuring And Mergern Acquisition": 2756000.0,
        "Earnings From Equity Interest": 138206000.0,
        "Net Non Operating Interest Income Expense": -46388000.0,
        "Interest Expense Non Operating": 46388000.0,
        "Operating Income": -98634000.0,
        "Operating Expense": 283566000.0,
        "Other Operating Expenses": NaN,
        "Depreciation Amortization Depletion Income Statement": 155352000.0,
        "Depreciation And Amortization In Income Statement": 155352000.0,
        "Selling General And Administration": 128214000.0,
        "General And Administrative Expense": 128214000.0,
        "Other Gand A": 26353000.0,
        "Salaries And Wages": 101861000.0,
        "Gross Profit": 184932000.0,
        "Cost Of Revenue": 104477000.0,
        "Total Revenue": 289409000.0,
        "Operating Revenue": 287068000.0
    },
    "2022-03-31": {
        "Diluted EPS": -1.84,
        "Total Revenue": 233,
        "Gross Profit": 149,
        "Operating Income": -107,
        "EBIT": 120,
        "Net Income": -262
    },
    "2021-12-31": {
        "Diluted EPS": -0.07,
        "Total Revenue": 256,
        "Gross Profit": 177,
        "Operating Income": -150,
        "EBIT": -3,
        "Net Income": -21
    },
    "2021-09-30": {
        "Diluted EPS": 0.33,
        "Total Revenue": 252,
        "Gross Profit": 172,
        "Operating Income": -122,
        "EBIT": 21,
        "Net Income": 41
    },
    "2021-06-30": {
        "Diluted EPS": -1.16,
        "Total Revenue": 237,
        "Gross Profit": 160,
        "Operating Income": -107,
        "EBIT": 70,
        "Net Income": -141
    },
    "2021-03-31": {
        "Diluted EPS": -2.24,
        "Total Revenue": 221,
        "Gross Profit": 141,
        "Operating Income": -144,
        "EBIT": 97,
        "Net Income": -265
    },
    "2020-12-31": {
        "Diluted EPS": -1.13,
        "Total Revenue": 8,
        "Gross Profit": 28,
        "Operating Income": -63,
        "EBIT": 59,
        "Net Income": -141
    },
    "2020-09-30": {
        "Diluted EPS": -1.76,
        "Total Revenue": 123,
        "Gross Profit": 85,
        "Operating Income": -91,
        "EBIT": 79,
        "Net Income": -206
    },
    "2020-06-30": {
        "Diluted EPS": -17.32,
        "Total Revenue": 68,
        "Gross Profit": 50,
        "Operating Income": -80,
        "EBIT": 577,
        "Net Income": NaN
    },
    "2020-03-31": {
        "Diluted EPS": -3.04,
        "Total Revenue": 217,
        "Gross Profit": 134,
        "Operating Income": -138,
        "EBIT": 89,
        "Net Income": -362
    },
    "2019-12-31": {
        "Diluted EPS": -0.24,
        "Total Revenue": NaN,
        "Gross Profit": -791,
        "Operating Income": 639,
        "EBIT": NaN,
        "Net Income": -26
    },
    "2019-09-30": {
        "Diluted EPS": -4.64,
        "Total Revenue": 359,
        "Gross Profit": 278,
        "Operating Income": -591,
        "EBIT": -25,
        "Net Income": -555
    },
    "2019-06-30": {
        "Diluted EPS": -3.92,
        "Total Revenue": 573,
        "Gross Profit": 294,
        "Operating Income": -141,
        "EBIT": 33,
        "Net Income": -469
    },
    "2019-03-31": {
        "Diluted EPS": -0.84,
        "Total Revenue": 548,
        "Gross Profit": 277,
        "Operating Income": -75,
        "EBIT": 87,
        "Net Income": -102
    },
    "2018-12-31": {
        "Diluted EPS": -3.2,
        "Total Revenue": -709,
        "Gross Profit": -162,
        "Operating Income": -266,
        "EBIT": -105,
        "Net Income": -397
    },
    "2018-09-30": {
        "Diluted EPS": -0.6,
        "Total Revenue": 599,
        "Gross Profit": 312,
        "Operating Income": -102,
        "EBIT": 54,
        "Net Income": -70
    },
    "2018-06-30": {
        "Diluted EPS": -0.76,
        "Total Revenue": 615,
        "Gross Profit": 315,
        "Operating Income": -122,
        "EBIT": 35,
        "Net Income": -93
    },
    "2018-03-31": {
        "Diluted EPS": -0.56,
        "Total Revenue": 667,
        "Gross Profit": 361,
        "Operating Income": -186,
        "EBIT": -28,
        "Net Income": -73
    },
    "2017-12-31": {
        "Diluted EPS": -2.8,
        "Total Revenue": 473,
        "Gross Profit": 229,
        "Operating Income": -456,
        "EBIT": 35,
        "Net Income": -368
    },
    "2017-09-30": {
        "Diluted EPS": 0.0,
        "Total Revenue": 790,
        "Gross Profit": 458,
        "Operating Income": -21,
        "EBIT": 141,
        "Net Income": 2
    },
    "2017-06-30": {
        "Diluted EPS": 0.28,
        "Total Revenue": 679,
        "Gross Profit": 426,
        "Operating Income": -9,
        "EBIT": 148,
        "Net Income": 39
    },
    "2017-03-31": {
        "Diluted EPS": -0.04,
        "Total Revenue": 607,
        "Gross Profit": 391,
        "Operating Income": -105,
        "EBIT": 33,
        "Net Income": -5
    },
    "2016-12-31": {
        "Diluted EPS": -0.4,
        "Total Revenue": 208,
        "Gross Profit": 179,
        "Operating Income": -2,
        "EBIT": 42,
        "Net Income": -17
    },
    "2016-09-30": {
        "Diluted EPS": 0.56,
        "Total Revenue": 212,
        "Gross Profit": 183,
        "Operating Income": 36,
        "EBIT": 77,
        "Net Income": 23
    },
    "2016-06-30": {
        "Diluted EPS": 0.96,
        "Total Revenue": 218,
        "Gross Profit": 188,
        "Operating Income": 46,
        "EBIT": 77,
        "Net Income": 43
    },
    "2016-03-31": {
        "Diluted EPS": 0.44,
        "Total Revenue": 201,
        "Gross Profit": 170,
        "Operating Income": 24,
        "EBIT": 75,
        "Net Income": 18
    },
    "2015-12-31": {
        "Diluted EPS": 0.56,
        "Total Revenue": 475,
        "Gross Profit": 475,
        "Operating Income": 35,
        "EBIT": 138,
        "Net Income": 6
    },
    "2015-09-30": {
        "Diluted EPS": 0.84,
        "Total Revenue": 108,
        "Gross Profit": 81,
        "Operating Income": 38,
        "EBIT": 38,
        "Net Income": 41
    },
    "2015-06-30": {
        "Diluted EPS": 0.76,
        "Total Revenue": 119,
        "Gross Profit": 93,
        "Operating Income": 50,
        "EBIT": 51,
        "Net Income": 38
    },
    "2015-03-31": {
        "Diluted EPS": 0.44,
        "Total Revenue": 92,
        "Gross Profit": 64,
        "Operating Income": 31,
        "EBIT": 32,
        "Net Income": 22
    },
    "2014-12-31": {
        "Diluted EPS": 0.64,
        "Total Revenue": 119,
        "Gross Profit": 72,
        "Operating Income": 28,
        "EBIT": 28,
        "Net Income": 31
    },
    "2014-09-30": {
        "Diluted EPS": 0.4,
        "Total Revenue": 84,
        "Gross Profit": 58,
        "Operating Income": 25,
        "EBIT": 26,
        "Net Income": 19
    },
    "2014-06-30": {
        "Diluted EPS": -0.48,
        "Total Revenue": 33,
        "Gross Profit": 15,
        "Operating Income": -22,
        "EBIT": -22,
        "Net Income": -22
    },
    "2014-03-31": {
        "Diluted EPS": -0.16,
        "Total Revenue": 23,
        "Gross Profit": 10,
        "Operating Income": -8,
        "EBIT": -8,
        "Net Income": -8
    },
    "2013-12-31": {
        "Diluted EPS": 0.0,
        "Total Revenue": NaN,
        "Gross Profit": NaN,
        "Operating Income": NaN,
        "EBIT": NaN,
        "Net Income": NaN
    },
    "2013-09-30": {
        "Diluted EPS": 0.04,
        "Total Revenue": 9,
        "Gross Profit": 7,
        "Operating Income": 2,
        "EBIT": 2,
        "Net Income": 2
    },
    "2013-06-30": {
        "Diluted EPS": -0.04,
        "Total Revenue": 39,
        "Gross Profit": 9,
        "Operating Income": -2,
        "EBIT": -2,
        "Net Income": -2
    },
    "2012-12-31": {
        "Diluted EPS": 0.0,
        "Total Revenue": NaN,
        "Gross Profit": NaN,
        "Operating Income": NaN,
        "EBIT": NaN,
        "Net Income": NaN
    },
    "2011-12-31": {
        "Diluted EPS": 0.0,
        "Total Revenue": NaN,
        "Gross Profit": NaN,
        "Operating Income": NaN,
        "EBIT": NaN,
        "Net Income": NaN
    },
    "2023-06-30": {
        "Tax Effect Of Unusual Items": NaN,
        "Tax Rate For Calcs": NaN,
        "Normalized EBITDA": NaN,
        "Total Unusual Items": NaN,
        "Total Unusual Items Excluding Goodwill": NaN,
        "Net Income From Continuing Operation Net Minority Interest": NaN,
        "Reconciled Depreciation": NaN,
        "Reconciled Cost Of Revenue": NaN,
        "EBITDA": NaN,
        "EBIT": NaN,
        "Net Interest Income": NaN,
        "Interest Expense": NaN,
        "Normalized Income": NaN,
        "Net Income From Continuing And Discontinued Operation": NaN,
        "Total Expenses": NaN,
        "Diluted Average Shares": NaN,
        "Basic Average Shares": NaN,
        "Diluted EPS": NaN,
        "Basic EPS": NaN,
        "Diluted NI Availto Com Stockholders": NaN,
        "Average Dilution Earnings": 0.0,
        "Net Income Common Stockholders": NaN,
        "Otherunder Preferred Stock Dividend": NaN,
        "Preferred Stock Dividends": NaN,
        "Net Income": NaN,
        "Minority Interests": NaN,
        "Net Income Including Noncontrolling Interests": NaN,
        "Net Income Discontinuous Operations": NaN,
        "Net Income Continuous Operations": NaN,
        "Tax Provision": NaN,
        "Pretax Income": NaN,
        "Other Income Expense": NaN,
        "Other Non Operating Income Expenses": NaN,
        "Special Income Charges": NaN,
        "Restructuring And Mergern Acquisition": NaN,
        "Net Non Operating Interest Income Expense": NaN,
        "Interest Expense Non Operating": NaN,
        "Operating Income": NaN,
        "Operating Expense": NaN,
        "Other Operating Expenses": 3653000.0,
        "Depreciation Amortization Depletion Income Statement": NaN,
        "Depreciation And Amortization In Income Statement": NaN,
        "Selling General And Administration": NaN,
        "General And Administrative Expense": NaN,
        "Other Gand A": NaN,
        "Salaries And Wages": NaN,
        "Gross Profit": NaN,
        "Cost Of Revenue": NaN,
        "Total Revenue": NaN,
        "Operating Revenue": NaN
    },
    "2023-09-30": {
        "Tax Effect Of Unusual Items": NaN,
        "Tax Rate For Calcs": NaN,
        "Normalized EBITDA": NaN,
        "Total Unusual Items": NaN,
        "Total Unusual Items Excluding Goodwill": NaN,
        "Net Income From Continuing Operation Net Minority Interest": NaN,
        "Reconciled Depreciation": NaN,
        "Reconciled Cost Of Revenue": NaN,
        "EBITDA": NaN,
        "EBIT": NaN,
        "Net Interest Income": NaN,
        "Interest Expense": NaN,
        "Normalized Income": NaN,
        "Net Income From Continuing And Discontinued Operation": NaN,
        "Total Expenses": NaN,
        "Diluted Average Shares": NaN,
        "Basic Average Shares": NaN,
        "Diluted EPS": NaN,
        "Basic EPS": NaN,
        "Diluted NI Availto Com Stockholders": NaN,
        "Average Dilution Earnings": 1264000.0,
        "Net Income Common Stockholders": NaN,
        "Otherunder Preferred Stock Dividend": 0.0,
        "Preferred Stock Dividends": NaN,
        "Net Income": NaN,
        "Minority Interests": NaN,
        "Net Income Including Noncontrolling Interests": NaN,
        "Net Income Discontinuous Operations": NaN,
        "Net Income Continuous Operations": NaN,
        "Tax Provision": NaN,
        "Pretax Income": NaN,
        "Other Income Expense": NaN,
        "Other Non Operating Income Expenses": NaN,
        "Special Income Charges": NaN,
        "Restructuring And Mergern Acquisition": NaN,
        "Net Non Operating Interest Income Expense": NaN,
        "Interest Expense Non Operating": NaN,
        "Operating Income": NaN,
        "Operating Expense": NaN,
        "Other Operating Expenses": 15000.0,
        "Depreciation Amortization Depletion Income Statement": NaN,
        "Depreciation And Amortization In Income Statement": NaN,
        "Selling General And Administration": NaN,
        "General And Administrative Expense": NaN,
        "Other Gand A": NaN,
        "Salaries And Wages": NaN,
        "Gross Profit": NaN,
        "Cost Of Revenue": NaN,
        "Total Revenue": NaN,
        "Operating Revenue": NaN
    },
    "2023-12-31": {
        "Tax Effect Of Unusual Items": NaN,
        "Tax Rate For Calcs": NaN,
        "Normalized EBITDA": NaN,
        "Total Unusual Items": NaN,
        "Total Unusual Items Excluding Goodwill": NaN,
        "Net Income From Continuing Operation Net Minority Interest": NaN,
        "Reconciled Depreciation": NaN,
        "Reconciled Cost Of Revenue": NaN,
        "EBITDA": NaN,
        "EBIT": NaN,
        "Net Interest Income": NaN,
        "Interest Expense": NaN,
        "Normalized Income": NaN,
        "Net Income From Continuing And Discontinued Operation": NaN,
        "Total Expenses": NaN,
        "Diluted Average Shares": NaN,
        "Basic Average Shares": NaN,
        "Diluted EPS": NaN,
        "Basic EPS": NaN,
        "Diluted NI Availto Com Stockholders": NaN,
        "Average Dilution Earnings": 5050000.0,
        "Net Income Common Stockholders": NaN,
        "Otherunder Preferred Stock Dividend": 1722000.0,
        "Preferred Stock Dividends": NaN,
        "Net Income": NaN,
        "Minority Interests": NaN,
        "Net Income Including Noncontrolling Interests": NaN,
        "Net Income Discontinuous Operations": NaN,
        "Net Income Continuous Operations": NaN,
        "Tax Provision": NaN,
        "Pretax Income": NaN,
        "Other Income Expense": NaN,
        "Other Non Operating Income Expenses": NaN,
        "Special Income Charges": NaN,
        "Restructuring And Mergern Acquisition": NaN,
        "Net Non Operating Interest Income Expense": NaN,
        "Interest Expense Non Operating": NaN,
        "Operating Income": NaN,
        "Operating Expense": NaN,
        "Other Operating Expenses": NaN,
        "Depreciation Amortization Depletion Income Statement": NaN,
        "Depreciation And Amortization In Income Statement": NaN,
        "Selling General And Administration": NaN,
        "General And Administrative Expense": NaN,
        "Other Gand A": NaN,
        "Salaries And Wages": NaN,
        "Gross Profit": NaN,
        "Cost Of Revenue": NaN,
        "Total Revenue": NaN,
        "Operating Revenue": NaN
    },
    "2024-03-31": {
        "Tax Effect Of Unusual Items": NaN,
        "Tax Rate For Calcs": NaN,
        "Normalized EBITDA": NaN,
        "Total Unusual Items": NaN,
        "Total Unusual Items Excluding Goodwill": NaN,
        "Net Income From Continuing Operation Net Minority Interest": NaN,
        "Reconciled Depreciation": NaN,
        "Reconciled Cost Of Revenue": NaN,
        "EBITDA": NaN,
        "EBIT": NaN,
        "Net Interest Income": NaN,
        "Interest Expense": NaN,
        "Normalized Income": NaN,
        "Net Income From Continuing And Discontinued Operation": NaN,
        "Total Expenses": NaN,
        "Diluted Average Shares": NaN,
        "Basic Average Shares": NaN,
        "Diluted EPS": NaN,
        "Basic EPS": NaN,
        "Diluted NI Availto Com Stockholders": NaN,
        "Average Dilution Earnings": -34000.0,
        "Net Income Common Stockholders": NaN,
        "Otherunder Preferred Stock Dividend": NaN,
        "Preferred Stock Dividends": NaN,
        "Net Income": NaN,
        "Minority Interests": NaN,
        "Net Income Including Noncontrolling Interests": NaN,
        "Net Income Discontinuous Operations": NaN,
        "Net Income Continuous Operations": NaN,
        "Tax Provision": NaN,
        "Pretax Income": NaN,
        "Other Income Expense": NaN,
        "Other Non Operating Income Expenses": NaN,
        "Special Income Charges": NaN,
        "Restructuring And Mergern Acquisition": NaN,
        "Net Non Operating Interest Income Expense": NaN,
        "Interest Expense Non Operating": NaN,
        "Operating Income": NaN,
        "Operating Expense": NaN,
        "Other Operating Expenses": NaN,
        "Depreciation Amortization Depletion Income Statement": NaN,
        "Depreciation And Amortization In Income Statement": NaN,
        "Selling General And Administration": NaN,
        "General And Administrative Expense": NaN,
        "Other Gand A": NaN,
        "Salaries And Wages": NaN,
        "Gross Profit": NaN,
        "Cost Of Revenue": NaN,
        "Total Revenue": NaN,
        "Operating Revenue": NaN
    },
    "2024-06-30": {
        "Tax Effect Of Unusual Items": NaN,
        "Tax Rate For Calcs": NaN,
        "Normalized EBITDA": NaN,
        "Total Unusual Items": NaN,
        "Total Unusual Items Excluding Goodwill": NaN,
        "Net Income From Continuing Operation Net Minority Interest": NaN,
        "Reconciled Depreciation": NaN,
        "Reconciled Cost Of Revenue": NaN,
        "EBITDA": NaN,
        "EBIT": NaN,
        "Net Interest Income": NaN,
        "Interest Expense": NaN,
        "Normalized Income": NaN,
        "Net Income From Continuing And Discontinued Operation": NaN,
        "Total Expenses": NaN,
        "Diluted Average Shares": NaN,
        "Basic Average Shares": NaN,
        "Diluted EPS": NaN,
        "Basic EPS": NaN,
        "Diluted NI Availto Com Stockholders": NaN,
        "Average Dilution Earnings": 72000.0,
        "Net Income Common Stockholders": NaN,
        "Otherunder Preferred Stock Dividend": 1617000.0,
        "Preferred Stock Dividends": NaN,
        "Net Income": NaN,
        "Minority Interests": NaN,
        "Net Income Including Noncontrolling Interests": NaN,
        "Net Income Discontinuous Operations": NaN,
        "Net Income Continuous Operations": NaN,
        "Tax Provision": NaN,
        "Pretax Income": NaN,
        "Other Income Expense": NaN,
        "Other Non Operating Income Expenses": NaN,
        "Special Income Charges": NaN,
        "Restructuring And Mergern Acquisition": NaN,
        "Net Non Operating Interest Income Expense": NaN,
        "Interest Expense Non Operating": NaN,
        "Operating Income": NaN,
        "Operating Expense": NaN,
        "Other Operating Expenses": NaN,
        "Depreciation Amortization Depletion Income Statement": NaN,
        "Depreciation And Amortization In Income Statement": NaN,
        "Selling General And Administration": NaN,
        "General And Administrative Expense": NaN,
        "Other Gand A": NaN,
        "Salaries And Wages": NaN,
        "Gross Profit": NaN,
        "Cost Of Revenue": NaN,
        "Total Revenue": NaN,
        "Operating Revenue": NaN
    },
    "2024-09-30": {
        "Tax Effect Of Unusual Items": -32877.291754,
        "Tax Rate For Calcs": 0.018564,
        "Normalized EBITDA": 61907000.0,
        "Total Unusual Items": -1771000.0,
        "Total Unusual Items Excluding Goodwill": -1771000.0,
        "Net Income From Continuing Operation Net Minority Interest": 12339000.0,
        "Reconciled Depreciation": 8227000.0,
        "Reconciled Cost Of Revenue": -8474000.0,
        "EBITDA": 60136000.0,
        "EBIT": 51909000.0,
        "Net Interest Income": -4129000.0,
        "Interest Expense": 4129000.0,
        "Normalized Income": 14077122.708246,
        "Net Income From Continuing And Discontinued Operation": 13778000.0,
        "Total Expenses": 64985000.0,
        "Diluted Average Shares": 171542000.0,
        "Basic Average Shares": 171542000.0,
        "Diluted EPS": -0.01,
        "Basic EPS": -0.01,
        "Diluted NI Availto Com Stockholders": -916000.0,
        "Average Dilution Earnings": NaN,
        "Net Income Common Stockholders": -916000.0,
        "Otherunder Preferred Stock Dividend": 33000.0,
        "Preferred Stock Dividends": 14661000.0,
        "Net Income": 13778000.0,
        "Minority Interests": -34554000.0,
        "Net Income Including Noncontrolling Interests": 48332000.0,
        "Net Income Discontinuous Operations": 1439000.0,
        "Net Income Continuous Operations": 46893000.0,
        "Tax Provision": 887000.0,
        "Pretax Income": 47780000.0,
        "Other Income Expense": 46156000.0,
        "Other Non Operating Income Expenses": 47927000.0,
        "Special Income Charges": -1771000.0,
        "Restructuring And Mergern Acquisition": 1771000.0,
        "Net Non Operating Interest Income Expense": -4129000.0,
        "Interest Expense Non Operating": 4129000.0,
        "Operating Income": 5753000.0,
        "Operating Expense": 73459000.0,
        "Other Operating Expenses": -5387000.0,
        "Depreciation Amortization Depletion Income Statement": 8227000.0,
        "Depreciation And Amortization In Income Statement": 8227000.0,
        "Selling General And Administration": 70619000.0,
        "General And Administrative Expense": 70619000.0,
        "Other Gand A": 27193000.0,
        "Salaries And Wages": 43426000.0,
        "Gross Profit": 79212000.0,
        "Cost Of Revenue": -8474000.0,
        "Total Revenue": 70738000.0,
        "Operating Revenue": 70738000.0
    },
    "2024-12-31": {
        "Tax Effect Of Unusual Items": -291356.008287,
        "Tax Rate For Calcs": 0.141229,
        "Normalized EBITDA": 20051000.0,
        "Total Unusual Items": -2063000.0,
        "Total Unusual Items Excluding Goodwill": -2063000.0,
        "Net Income From Continuing Operation Net Minority Interest": 411000.0,
        "Reconciled Depreciation": 8215000.0,
        "Reconciled Cost Of Revenue": -18592000.0,
        "EBITDA": 17988000.0,
        "EBIT": 9773000.0,
        "Net Interest Income": -3981000.0,
        "Interest Expense": 3981000.0,
        "Normalized Income": 2182643.991713,
        "Net Income From Continuing And Discontinued Operation": -5051000.0,
        "Total Expenses": 53048000.0,
        "Diluted Average Shares": 164258333.0,
        "Basic Average Shares": 164258333.0,
        "Diluted EPS": -0.12,
        "Basic EPS": -0.12,
        "Diluted NI Availto Com Stockholders": -19932000.0,
        "Average Dilution Earnings": NaN,
        "Net Income Common Stockholders": -19932000.0,
        "Otherunder Preferred Stock Dividend": 221000.0,
        "Preferred Stock Dividends": 14660000.0,
        "Net Income": -5051000.0,
        "Minority Interests": -4563000.0,
        "Net Income Including Noncontrolling Interests": -488000.0,
        "Net Income Discontinuous Operations": -5462000.0,
        "Net Income Continuous Operations": 4974000.0,
        "Tax Provision": 818000.0,
        "Pretax Income": 5792000.0,
        "Other Income Expense": 5746000.0,
        "Other Non Operating Income Expenses": 7809000.0,
        "Special Income Charges": -2063000.0,
        "Restructuring And Mergern Acquisition": 2063000.0,
        "Net Non Operating Interest Income Expense": -3981000.0,
        "Interest Expense Non Operating": 3981000.0,
        "Operating Income": 4027000.0,
        "Operating Expense": 71640000.0,
        "Other Operating Expenses": -9099000.0,
        "Depreciation Amortization Depletion Income Statement": 8215000.0,
        "Depreciation And Amortization In Income Statement": 8215000.0,
        "Selling General And Administration": 72524000.0,
        "General And Administrative Expense": 72524000.0,
        "Other Gand A": 36974000.0,
        "Salaries And Wages": 35550000.0,
        "Gross Profit": 75667000.0,
        "Cost Of Revenue": -18592000.0,
        "Total Revenue": 57075000.0,
        "Operating Revenue": 57075000.0
    },
    "2025-03-31": {
        "Tax Effect Of Unusual Items": -928410.0,
        "Tax Rate For Calcs": 0.21,
        "Normalized EBITDA": 5176000.0,
        "Total Unusual Items": -4421000.0,
        "Total Unusual Items Excluding Goodwill": -4421000.0,
        "Net Income From Continuing Operation Net Minority Interest": 17967000.0,
        "Reconciled Depreciation": 7226000.0,
        "Reconciled Cost Of Revenue": -22304000.0,
        "EBITDA": 755000.0,
        "EBIT": -6471000.0,
        "Net Interest Income": -3898000.0,
        "Interest Expense": 3898000.0,
        "Normalized Income": 21459590.0,
        "Net Income From Continuing And Discontinued Operation": 13782000.0,
        "Total Expenses": 41513000.0,
        "Diluted Average Shares": 171930000.0,
        "Basic Average Shares": 171680000.0,
        "Diluted EPS": -0.01,
        "Basic EPS": -0.01,
        "Diluted NI Availto Com Stockholders": -919000.0,
        "Average Dilution Earnings": -41000.0,
        "Net Income Common Stockholders": -878000.0,
        "Otherunder Preferred Stock Dividend": NaN,
        "Preferred Stock Dividends": 14660000.0,
        "Net Income": 13782000.0,
        "Minority Interests": 28637000.0,
        "Net Income Including Noncontrolling Interests": -14855000.0,
        "Net Income Discontinuous Operations": -4185000.0,
        "Net Income Continuous Operations": -10670000.0,
        "Tax Provision": 301000.0,
        "Pretax Income": -10369000.0,
        "Other Income Expense": -4940000.0,
        "Other Non Operating Income Expenses": -519000.0,
        "Special Income Charges": -4421000.0,
        "Restructuring And Mergern Acquisition": 4421000.0,
        "Net Non Operating Interest Income Expense": -3898000.0,
        "Interest Expense Non Operating": 3898000.0,
        "Operating Income": -1531000.0,
        "Operating Expense": 63817000.0,
        "Other Operating Expenses": -5465000.0,
        "Depreciation Amortization Depletion Income Statement": 7226000.0,
        "Depreciation And Amortization In Income Statement": 7226000.0,
        "Selling General And Administration": 62056000.0,
        "General And Administrative Expense": 62056000.0,
        "Other Gand A": 15946000.0,
        "Salaries And Wages": 46110000.0,
        "Gross Profit": 62286000.0,
        "Cost Of Revenue": -22304000.0,
        "Total Revenue": 39982000.0,
        "Operating Revenue": 39982000.0
    },
    "2025-06-30": {
        "Tax Effect Of Unusual Items": -883680.0,
        "Tax Rate For Calcs": 0.21,
        "Normalized EBITDA": -9214000.0,
        "Total Unusual Items": -4208000.0,
        "Total Unusual Items Excluding Goodwill": -4208000.0,
        "Net Income From Continuing Operation Net Minority Interest": 29976000.0,
        "Reconciled Depreciation": 8585000.0,
        "Reconciled Cost Of Revenue": -43372000.0,
        "EBITDA": -13422000.0,
        "EBIT": -22007000.0,
        "Net Interest Income": -4570000.0,
        "Interest Expense": 4570000.0,
        "Normalized Income": 33300320.0,
        "Net Income From Continuing And Discontinued Operation": 31622000.0,
        "Total Expenses": 17487000.0,
        "Diluted Average Shares": 173093000.0,
        "Basic Average Shares": 173059000.0,
        "Diluted EPS": 0.1,
        "Basic EPS": 0.1,
        "Diluted NI Availto Com Stockholders": 16561000.0,
        "Average Dilution Earnings": 0.0,
        "Net Income Common Stockholders": 16561000.0,
        "Otherunder Preferred Stock Dividend": 401000.0,
        "Preferred Stock Dividends": 14660000.0,
        "Net Income": 31622000.0,
        "Minority Interests": 57306000.0,
        "Net Income Including Noncontrolling Interests": -25684000.0,
        "Net Income Discontinuous Operations": 1646000.0,
        "Net Income Continuous Operations": -27330000.0,
        "Tax Provision": 753000.0,
        "Pretax Income": -26577000.0,
        "Other Income Expense": 4855000.0,
        "Other Non Operating Income Expenses": 9063000.0,
        "Special Income Charges": -4208000.0,
        "Restructuring And Mergern Acquisition": 4208000.0,
        "Net Non Operating Interest Income Expense": -4570000.0,
        "Interest Expense Non Operating": 4570000.0,
        "Operating Income": -26862000.0,
        "Operating Expense": 60859000.0,
        "Other Operating Expenses": -6168000.0,
        "Depreciation Amortization Depletion Income Statement": 8585000.0,
        "Depreciation And Amortization In Income Statement": 8585000.0,
        "Selling General And Administration": 58442000.0,
        "General And Administrative Expense": 58442000.0,
        "Other Gand A": 11440000.0,
        "Salaries And Wages": 47002000.0,
        "Gross Profit": 33997000.0,
        "Cost Of Revenue": -43372000.0,
        "Total Revenue": -9375000.0,
        "Operating Revenue": -9375000.0
    },
    "2025-09-30": {
        "Tax Effect Of Unusual Items": -16328.618904,
        "Tax Rate For Calcs": 0.01708,
        "Normalized EBITDA": -122000.0,
        "Total Unusual Items": -956000.0,
        "Total Unusual Items Excluding Goodwill": -956000.0,
        "Net Income From Continuing Operation Net Minority Interest": 31500000.0,
        "Reconciled Depreciation": 7130000.0,
        "Reconciled Cost Of Revenue": -54000000.0,
        "EBITDA": -1078000.0,
        "EBIT": -8208000.0,
        "Net Interest Income": -4731000.0,
        "Interest Expense": 4731000.0,
        "Normalized Income": 32439671.381096,
        "Net Income From Continuing And Discontinued Operation": 31414000.0,
        "Total Expenses": 12157000.0,
        "Diluted Average Shares": 178506000.0,
        "Basic Average Shares": 178183000.0,
        "Diluted EPS": 0.09,
        "Basic EPS": 0.09,
        "Diluted NI Availto Com Stockholders": 16368000.0,
        "Average Dilution Earnings": 0.0,
        "Net Income Common Stockholders": 16368000.0,
        "Otherunder Preferred Stock Dividend": 385000.0,
        "Preferred Stock Dividends": 14661000.0,
        "Net Income": 31414000.0,
        "Minority Interests": 44218000.0,
        "Net Income Including Noncontrolling Interests": -12804000.0,
        "Net Income Discontinuous Operations": -86000.0,
        "Net Income Continuous Operations": -12718000.0,
        "Tax Provision": -221000.0,
        "Pretax Income": -12939000.0,
        "Other Income Expense": 5537000.0,
        "Other Non Operating Income Expenses": 6493000.0,
        "Special Income Charges": -956000.0,
        "Restructuring And Mergern Acquisition": 956000.0,
        "Net Non Operating Interest Income Expense": -4731000.0,
        "Interest Expense Non Operating": 4731000.0,
        "Operating Income": -13745000.0,
        "Operating Expense": 66157000.0,
        "Other Operating Expenses": -5406000.0,
        "Depreciation Amortization Depletion Income Statement": 7130000.0,
        "Depreciation And Amortization In Income Statement": 7130000.0,
        "Selling General And Administration": 64433000.0,
        "General And Administrative Expense": 64433000.0,
        "Other Gand A": 15118000.0,
        "Salaries And Wages": 49315000.0,
        "Gross Profit": 52412000.0,
        "Cost Of Revenue": -54000000.0,
        "Total Revenue": -1588000.0,
        "Operating Revenue": -1588000.0
    }
}