{
    "2023-03-31": {
        "Tax Effect Of Unusual Items": NaN,
        "Tax Rate For Calcs": NaN,
        "Normalized EBITDA": NaN,
        "Total Unusual Items": NaN,
        "Total Unusual Items Excluding Goodwill": NaN,
        "Net Income From Continuing Operation Net Minority Interest": NaN,
        "Reconciled Depreciation": NaN,
        "Reconciled Cost Of Revenue": NaN,
        "EBITDA": NaN,
        "EBIT": NaN,
        "Net Interest Income": NaN,
        "Interest Income": NaN,
        "Normalized Income": NaN,
        "Net Income From Continuing And Discontinued Operation": NaN,
        "Total Expenses": NaN,
        "Total Operating Income As Reported": NaN,
        "Diluted Average Shares": NaN,
        "Basic Average Shares": NaN,
        "Diluted EPS": NaN,
        "Basic EPS": NaN,
        "Diluted NI Availto Com Stockholders": NaN,
        "Average Dilution Earnings": NaN,
        "Net Income Common Stockholders": NaN,
        "Net Income": NaN,
        "Net Income Including Noncontrolling Interests": NaN,
        "Net Income Continuous Operations": NaN,
        "Tax Provision": NaN,
        "Pretax Income": NaN,
        "Other Income Expense": NaN,
        "Other Non Operating Income Expenses": NaN,
        "Special Income Charges": NaN,
        "Impairment Of Capital Assets": NaN,
        "Gain On Sale Of Security": NaN,
        "Net Non Operating Interest Income Expense": NaN,
        "Total Other Finance Cost": -3900000.0,
        "Interest Income Non Operating": NaN,
        "Operating Income": NaN,
        "Operating Expense": NaN,
        "Research And Development": NaN,
        "Selling General And Administration": NaN,
        "Selling And Marketing Expense": NaN,
        "General And Administrative Expense": NaN,
        "Other Gand A": NaN,
        "Gross Profit": NaN,
        "Cost Of Revenue": NaN,
        "Total Revenue": NaN,
        "Operating Revenue": NaN
    },
    "2022-12-31": {
        "Tax Effect Of Unusual Items": NaN,
        "Tax Rate For Calcs": NaN,
        "Normalized EBITDA": NaN,
        "Total Unusual Items": -162500000.0,
        "Total Unusual Items Excluding Goodwill": -162500000.0,
        "Net Income From Continuing Operation Net Minority Interest": NaN,
        "Reconciled Depreciation": NaN,
        "Reconciled Cost Of Revenue": NaN,
        "EBITDA": NaN,
        "EBIT": NaN,
        "Net Interest Income": NaN,
        "Interest Income": NaN,
        "Normalized Income": NaN,
        "Net Income From Continuing And Discontinued Operation": NaN,
        "Total Expenses": NaN,
        "Total Operating Income As Reported": NaN,
        "Diluted Average Shares": NaN,
        "Basic Average Shares": NaN,
        "Diluted EPS": NaN,
        "Basic EPS": NaN,
        "Diluted NI Availto Com Stockholders": NaN,
        "Average Dilution Earnings": NaN,
        "Net Income Common Stockholders": NaN,
        "Net Income": NaN,
        "Net Income Including Noncontrolling Interests": NaN,
        "Net Income Continuous Operations": NaN,
        "Tax Provision": NaN,
        "Pretax Income": NaN,
        "Other Income Expense": NaN,
        "Other Non Operating Income Expenses": NaN,
        "Special Income Charges": -162500000.0,
        "Impairment Of Capital Assets": 162500000.0,
        "Gain On Sale Of Security": NaN,
        "Net Non Operating Interest Income Expense": NaN,
        "Total Other Finance Cost": -3500000.0,
        "Interest Income Non Operating": NaN,
        "Operating Income": NaN,
        "Operating Expense": NaN,
        "Research And Development": NaN,
        "Selling General And Administration": NaN,
        "Selling And Marketing Expense": NaN,
        "General And Administrative Expense": NaN,
        "Other Gand A": NaN,
        "Gross Profit": NaN,
        "Cost Of Revenue": NaN,
        "Total Revenue": NaN,
        "Operating Revenue": NaN
    },
    "2022-09-30": {
        "Tax Effect Of Unusual Items": NaN,
        "Tax Rate For Calcs": NaN,
        "Normalized EBITDA": NaN,
        "Total Unusual Items": -4000000.0,
        "Total Unusual Items Excluding Goodwill": -4000000.0,
        "Net Income From Continuing Operation Net Minority Interest": NaN,
        "Reconciled Depreciation": NaN,
        "Reconciled Cost Of Revenue": NaN,
        "EBITDA": NaN,
        "EBIT": NaN,
        "Net Interest Income": NaN,
        "Interest Income": 1700000.0,
        "Normalized Income": NaN,
        "Net Income From Continuing And Discontinued Operation": NaN,
        "Total Expenses": NaN,
        "Total Operating Income As Reported": NaN,
        "Diluted Average Shares": NaN,
        "Basic Average Shares": NaN,
        "Diluted EPS": NaN,
        "Basic EPS": NaN,
        "Diluted NI Availto Com Stockholders": NaN,
        "Average Dilution Earnings": 19100000.0,
        "Net Income Common Stockholders": NaN,
        "Net Income": NaN,
        "Net Income Including Noncontrolling Interests": NaN,
        "Net Income Continuous Operations": NaN,
        "Tax Provision": NaN,
        "Pretax Income": NaN,
        "Other Income Expense": NaN,
        "Other Non Operating Income Expenses": NaN,
        "Special Income Charges": -4000000.0,
        "Impairment Of Capital Assets": 4000000.0,
        "Net Non Operating Interest Income Expense": NaN,
        "Total Other Finance Cost": NaN,
        "Interest Income Non Operating": 1700000.0,
        "Operating Income": NaN,
        "Operating Expense": NaN,
        "Research And Development": NaN,
        "Selling General And Administration": NaN,
        "Selling And Marketing Expense": NaN,
        "General And Administrative Expense": NaN,
        "Other Gand A": NaN,
        "Gross Profit": NaN,
        "Cost Of Revenue": NaN,
        "Total Revenue": NaN,
        "Operating Revenue": NaN
    },
    "2022-06-30": {
        "Tax Effect Of Unusual Items": -1880783.817952,
        "Tax Rate For Calcs": 0.216182,
        "Normalized EBITDA": 139500000.0,
        "Total Unusual Items": -8700000.0,
        "Total Unusual Items Excluding Goodwill": -8700000.0,
        "Net Income From Continuing Operation Net Minority Interest": 62000000.0,
        "Reconciled Depreciation": 39200000.0,
        "Reconciled Cost Of Revenue": 105800000.0,
        "EBITDA": 130800000.0,
        "EBIT": 91600000.0,
        "Net Interest Income": -500000.0,
        "Interest Income": NaN,
        "Normalized Income": 68819216.182048,
        "Net Income From Continuing And Discontinued Operation": 62000000.0,
        "Total Expenses": 481100000.0,
        "Total Operating Income As Reported": 82900000.0,
        "Diluted Average Shares": 365700000.0,
        "Basic Average Shares": 364100000.0,
        "Diluted EPS": 0.17,
        "Basic EPS": 0.17,
        "Diluted NI Availto Com Stockholders": 62000000.0,
        "Average Dilution Earnings": NaN,
        "Net Income Common Stockholders": 62000000.0,
        "Net Income": 62000000.0,
        "Net Income Including Noncontrolling Interests": 62000000.0,
        "Net Income Continuous Operations": 62000000.0,
        "Tax Provision": 17100000.0,
        "Pretax Income": 79100000.0,
        "Other Income Expense": -12000000.0,
        "Other Non Operating Income Expenses": -3300000.0,
        "Special Income Charges": -8700000.0,
        "Impairment Of Capital Assets": 8700000.0,
        "Net Non Operating Interest Income Expense": -500000.0,
        "Total Other Finance Cost": 500000.0,
        "Interest Income Non Operating": NaN,
        "Operating Income": 91600000.0,
        "Operating Expense": 375300000.0,
        "Research And Development": 215000000.0,
        "Selling General And Administration": 160300000.0,
        "Selling And Marketing Expense": 105000000.0,
        "General And Administrative Expense": 55300000.0,
        "Other Gand A": 55300000.0,
        "Gross Profit": 466900000.0,
        "Cost Of Revenue": 105800000.0,
        "Total Revenue": 572700000.0,
        "Operating Revenue": 572700000.0
    },
    "2022-03-31": {
        "Diluted EPS": 0.21,
        "Total Revenue": 562,
        "Gross Profit": 450,
        "Operating Income": 90,
        "EBIT": 139,
        "Net Income": 80
    },
    "2021-12-31": {
        "Diluted EPS": 0.32,
        "Total Revenue": 566,
        "Gross Profit": 450,
        "Operating Income": 70,
        "EBIT": 121,
        "Net Income": 125
    },
    "2021-09-30": {
        "Diluted EPS": 0.19,
        "Total Revenue": 550,
        "Gross Profit": 438,
        "Operating Income": 77,
        "EBIT": 125,
        "Net Income": 76
    },
    "2021-06-30": {
        "Diluted EPS": 0.22,
        "Total Revenue": 531,
        "Gross Profit": 424,
        "Operating Income": 84,
        "EBIT": 130,
        "Net Income": 88
    },
    "2021-03-31": {
        "Diluted EPS": 0.12,
        "Total Revenue": 512,
        "Gross Profit": 402,
        "Operating Income": 43,
        "EBIT": 86,
        "Net Income": 48
    },
    "2020-12-31": {
        "Diluted EPS": -0.83,
        "Total Revenue": 504,
        "Gross Profit": 398,
        "Operating Income": -347,
        "EBIT": -301,
        "Net Income": -346
    },
    "2020-09-30": {
        "Diluted EPS": 0.08,
        "Total Revenue": 487,
        "Gross Profit": 384,
        "Operating Income": 30,
        "EBIT": 78,
        "Net Income": 33
    },
    "2020-06-30": {
        "Diluted EPS": 0.04,
        "Total Revenue": 467,
        "Gross Profit": 365,
        "Operating Income": 13,
        "EBIT": 59,
        "Net Income": 18
    },
    "2020-03-31": {
        "Diluted EPS": 0.09,
        "Total Revenue": 455,
        "Gross Profit": 352,
        "Operating Income": 27,
        "EBIT": 72,
        "Net Income": 39
    },
    "2019-12-31": {
        "Diluted EPS": -0.02,
        "Total Revenue": 446,
        "Gross Profit": 341,
        "Operating Income": -7,
        "EBIT": 40,
        "Net Income": -7
    },
    "2019-09-30": {
        "Diluted EPS": -0.04,
        "Total Revenue": 428,
        "Gross Profit": 323,
        "Operating Income": -19,
        "EBIT": 27,
        "Net Income": -17
    },
    "2019-06-30": {
        "Diluted EPS": -0.05,
        "Total Revenue": 402,
        "Gross Profit": 299,
        "Operating Income": -34,
        "EBIT": 16,
        "Net Income": -21
    },
    "2019-03-31": {
        "Diluted EPS": -0.02,
        "Total Revenue": 386,
        "Gross Profit": 287,
        "Operating Income": -21,
        "EBIT": 28,
        "Net Income": -8
    },
    "2018-12-31": {
        "Diluted EPS": 0.8,
        "Total Revenue": 376,
        "Gross Profit": 282,
        "Operating Income": -12,
        "EBIT": 37,
        "Net Income": -10
    },
    "2018-09-30": {
        "Diluted EPS": -0.01,
        "Total Revenue": 360,
        "Gross Profit": 270,
        "Operating Income": -9,
        "EBIT": 40,
        "Net Income": -6
    },
    "2018-06-30": {
        "Diluted EPS": -0.01,
        "Total Revenue": 339,
        "Gross Profit": 250,
        "Operating Income": -7,
        "EBIT": 36,
        "Net Income": -4
    },
    "2018-03-31": {
        "Diluted EPS": -2.13,
        "Total Revenue": 316,
        "Gross Profit": 196,
        "Operating Income": -466,
        "EBIT": -428,
        "Net Income": -466
    },
    "2017-12-31": {
        "Diluted EPS": -0.19,
        "Total Revenue": 306,
        "Gross Profit": 214,
        "Operating Income": -37,
        "EBIT": 8,
        "Net Income": -38
    },
    "2017-09-30": {
        "Diluted EPS": -0.07,
        "Total Revenue": 287,
        "Gross Profit": 195,
        "Operating Income": -16,
        "EBIT": 30,
        "Net Income": -14
    },
    "2017-06-30": {
        "Diluted EPS": -0.14,
        "Total Revenue": 267,
        "Gross Profit": 175,
        "Operating Income": -27,
        "EBIT": 21,
        "Net Income": -27
    },
    "2017-03-31": {
        "Diluted EPS": -0.17,
        "Total Revenue": 248,
        "Gross Profit": 154,
        "Operating Income": -33,
        "EBIT": 16,
        "Net Income": -33
    },
    "2016-12-31": {
        "Diluted EPS": 0.0,
        "Total Revenue": NaN,
        "Gross Profit": NaN,
        "Operating Income": NaN,
        "EBIT": NaN,
        "Net Income": NaN
    },
    "2015-12-31": {
        "Diluted EPS": 0.0,
        "Total Revenue": NaN,
        "Gross Profit": NaN,
        "Operating Income": NaN,
        "EBIT": NaN,
        "Net Income": NaN
    },
    "2023-06-30": {
        "Tax Effect Of Unusual Items": NaN,
        "Tax Rate For Calcs": NaN,
        "Normalized EBITDA": NaN,
        "Total Unusual Items": -2200000.0,
        "Total Unusual Items Excluding Goodwill": -2200000.0,
        "Net Income From Continuing Operation Net Minority Interest": NaN,
        "Reconciled Depreciation": NaN,
        "Reconciled Cost Of Revenue": NaN,
        "EBITDA": NaN,
        "EBIT": NaN,
        "Net Interest Income": NaN,
        "Interest Income": NaN,
        "Normalized Income": NaN,
        "Net Income From Continuing And Discontinued Operation": NaN,
        "Total Expenses": NaN,
        "Total Operating Income As Reported": NaN,
        "Diluted Average Shares": NaN,
        "Basic Average Shares": NaN,
        "Diluted EPS": NaN,
        "Basic EPS": NaN,
        "Diluted NI Availto Com Stockholders": NaN,
        "Average Dilution Earnings": 0.0,
        "Net Income Common Stockholders": NaN,
        "Net Income": NaN,
        "Net Income Including Noncontrolling Interests": NaN,
        "Net Income Continuous Operations": NaN,
        "Tax Provision": NaN,
        "Pretax Income": NaN,
        "Other Income Expense": NaN,
        "Other Non Operating Income Expenses": NaN,
        "Special Income Charges": -2200000.0,
        "Impairment Of Capital Assets": 2200000.0,
        "Gain On Sale Of Security": -2200000.0,
        "Net Non Operating Interest Income Expense": NaN,
        "Total Other Finance Cost": -3700000.0,
        "Interest Income Non Operating": NaN,
        "Operating Income": NaN,
        "Operating Expense": NaN,
        "Research And Development": NaN,
        "Selling General And Administration": NaN,
        "Selling And Marketing Expense": NaN,
        "General And Administrative Expense": NaN,
        "Other Gand A": NaN,
        "Gross Profit": NaN,
        "Cost Of Revenue": NaN,
        "Total Revenue": NaN,
        "Operating Revenue": NaN
    },
    "2023-09-30": {
        "Tax Effect Of Unusual Items": NaN,
        "Tax Rate For Calcs": NaN,
        "Normalized EBITDA": NaN,
        "Total Unusual Items": 0.0,
        "Total Unusual Items Excluding Goodwill": 0.0,
        "Net Income From Continuing Operation Net Minority Interest": NaN,
        "Reconciled Depreciation": NaN,
        "Reconciled Cost Of Revenue": NaN,
        "EBITDA": NaN,
        "EBIT": NaN,
        "Net Interest Income": NaN,
        "Interest Income": 5000000.0,
        "Normalized Income": NaN,
        "Net Income From Continuing And Discontinued Operation": NaN,
        "Total Expenses": NaN,
        "Total Operating Income As Reported": NaN,
        "Diluted Average Shares": NaN,
        "Basic Average Shares": NaN,
        "Diluted EPS": NaN,
        "Basic EPS": NaN,
        "Diluted NI Availto Com Stockholders": NaN,
        "Average Dilution Earnings": 26700000.0,
        "Net Income Common Stockholders": NaN,
        "Net Income": NaN,
        "Net Income Including Noncontrolling Interests": NaN,
        "Net Income Continuous Operations": NaN,
        "Tax Provision": NaN,
        "Pretax Income": NaN,
        "Other Income Expense": NaN,
        "Other Non Operating Income Expenses": NaN,
        "Special Income Charges": 0.0,
        "Impairment Of Capital Assets": 0.0,
        "Net Non Operating Interest Income Expense": NaN,
        "Total Other Finance Cost": -5000000.0,
        "Interest Income Non Operating": 5000000.0,
        "Operating Income": NaN,
        "Operating Expense": NaN,
        "Research And Development": NaN,
        "Selling General And Administration": NaN,
        "Selling And Marketing Expense": NaN,
        "General And Administrative Expense": NaN,
        "Other Gand A": NaN,
        "Gross Profit": NaN,
        "Cost Of Revenue": NaN,
        "Total Revenue": NaN,
        "Operating Revenue": NaN
    },
    "2023-12-31": {
        "Tax Effect Of Unusual Items": NaN,
        "Tax Rate For Calcs": NaN,
        "Normalized EBITDA": NaN,
        "Total Unusual Items": 157400000.0,
        "Total Unusual Items Excluding Goodwill": 157400000.0,
        "Net Income From Continuing Operation Net Minority Interest": NaN,
        "Reconciled Depreciation": NaN,
        "Reconciled Cost Of Revenue": NaN,
        "EBITDA": NaN,
        "EBIT": NaN,
        "Net Interest Income": NaN,
        "Interest Income": NaN,
        "Normalized Income": NaN,
        "Net Income From Continuing And Discontinued Operation": NaN,
        "Total Expenses": NaN,
        "Total Operating Income As Reported": NaN,
        "Diluted Average Shares": NaN,
        "Basic Average Shares": NaN,
        "Diluted EPS": NaN,
        "Basic EPS": NaN,
        "Diluted NI Availto Com Stockholders": NaN,
        "Average Dilution Earnings": NaN,
        "Net Income Common Stockholders": NaN,
        "Net Income": NaN,
        "Net Income Including Noncontrolling Interests": NaN,
        "Net Income Continuous Operations": NaN,
        "Tax Provision": NaN,
        "Pretax Income": NaN,
        "Other Income Expense": NaN,
        "Other Non Operating Income Expenses": NaN,
        "Special Income Charges": 157400000.0,
        "Gain On Sale Of Ppe": NaN,
        "Net Non Operating Interest Income Expense": NaN,
        "Total Other Finance Cost": -6800000.0,
        "Interest Income Non Operating": NaN,
        "Operating Income": NaN,
        "Operating Expense": NaN,
        "Research And Development": NaN,
        "Selling General And Administration": NaN,
        "Selling And Marketing Expense": NaN,
        "General And Administrative Expense": NaN,
        "Other Gand A": NaN,
        "Gross Profit": NaN,
        "Cost Of Revenue": NaN,
        "Total Revenue": NaN,
        "Operating Revenue": NaN
    },
    "2024-03-31": {
        "Tax Effect Of Unusual Items": NaN,
        "Tax Rate For Calcs": NaN,
        "Normalized EBITDA": NaN,
        "Total Unusual Items": NaN,
        "Total Unusual Items Excluding Goodwill": NaN,
        "Net Income From Continuing Operation Net Minority Interest": NaN,
        "Reconciled Depreciation": NaN,
        "Reconciled Cost Of Revenue": NaN,
        "EBITDA": NaN,
        "EBIT": NaN,
        "Net Interest Income": NaN,
        "Interest Income": 7300000.0,
        "Normalized Income": NaN,
        "Net Income From Continuing And Discontinued Operation": NaN,
        "Total Expenses": NaN,
        "Total Operating Income As Reported": NaN,
        "Diluted Average Shares": NaN,
        "Basic Average Shares": NaN,
        "Diluted EPS": NaN,
        "Basic EPS": NaN,
        "Diluted NI Availto Com Stockholders": NaN,
        "Average Dilution Earnings": NaN,
        "Net Income Common Stockholders": NaN,
        "Net Income": NaN,
        "Net Income Including Noncontrolling Interests": NaN,
        "Net Income Continuous Operations": NaN,
        "Tax Provision": NaN,
        "Pretax Income": NaN,
        "Other Income Expense": NaN,
        "Other Non Operating Income Expenses": NaN,
        "Special Income Charges": NaN,
        "Gain On Sale Of Ppe": NaN,
        "Net Non Operating Interest Income Expense": NaN,
        "Total Other Finance Cost": -7300000.0,
        "Interest Income Non Operating": 7300000.0,
        "Operating Income": NaN,
        "Operating Expense": NaN,
        "Research And Development": NaN,
        "Selling General And Administration": NaN,
        "Selling And Marketing Expense": NaN,
        "General And Administrative Expense": NaN,
        "Other Gand A": NaN,
        "Gross Profit": NaN,
        "Cost Of Revenue": NaN,
        "Total Revenue": NaN,
        "Operating Revenue": NaN
    },
    "2024-06-30": {
        "Tax Effect Of Unusual Items": 0.0,
        "Tax Rate For Calcs": 0.172904,
        "Normalized EBITDA": 159400000.0,
        "Total Unusual Items": 0.0,
        "Total Unusual Items Excluding Goodwill": 0.0,
        "Net Income From Continuing Operation Net Minority Interest": 110500000.0,
        "Reconciled Depreciation": 32400000.0,
        "Reconciled Cost Of Revenue": 107000000.0,
        "EBITDA": 159400000.0,
        "EBIT": 127000000.0,
        "Net Interest Income": 4700000.0,
        "Interest Income": 4700000.0,
        "Normalized Income": 110500000.0,
        "Net Income From Continuing And Discontinued Operation": 110500000.0,
        "Total Expenses": 507500000.0,
        "Total Operating Income As Reported": 127000000.0,
        "Diluted Average Shares": NaN,
        "Basic Average Shares": NaN,
        "Diluted EPS": NaN,
        "Basic EPS": NaN,
        "Diluted NI Availto Com Stockholders": 137700000.0,
        "Average Dilution Earnings": 27200000.0,
        "Net Income Common Stockholders": 110500000.0,
        "Net Income": 110500000.0,
        "Net Income Including Noncontrolling Interests": 110500000.0,
        "Net Income Continuous Operations": 110500000.0,
        "Tax Provision": 23100000.0,
        "Pretax Income": 133600000.0,
        "Other Income Expense": 1900000.0,
        "Other Non Operating Income Expenses": 1900000.0,
        "Special Income Charges": 0.0,
        "Gain On Sale Of Ppe": 0.0,
        "Net Non Operating Interest Income Expense": 4700000.0,
        "Total Other Finance Cost": -4700000.0,
        "Interest Income Non Operating": 4700000.0,
        "Operating Income": 127000000.0,
        "Operating Expense": 400500000.0,
        "Research And Development": 227100000.0,
        "Selling General And Administration": 173400000.0,
        "Selling And Marketing Expense": 112500000.0,
        "General And Administrative Expense": 60900000.0,
        "Other Gand A": 60900000.0,
        "Gross Profit": 527500000.0,
        "Cost Of Revenue": 107000000.0,
        "Total Revenue": 634500000.0,
        "Operating Revenue": 634500000.0
    },
    "2024-09-30": {
        "Tax Effect Of Unusual Items": 0.0,
        "Tax Rate For Calcs": 0.195931,
        "Normalized EBITDA": 163100000.0,
        "Total Unusual Items": 0.0,
        "Total Unusual Items Excluding Goodwill": 0.0,
        "Net Income From Continuing Operation Net Minority Interest": 106700000.0,
        "Reconciled Depreciation": 35300000.0,
        "Reconciled Cost Of Revenue": 111500000.0,
        "EBITDA": 163100000.0,
        "EBIT": 127800000.0,
        "Net Interest Income": 3800000.0,
        "Interest Income": 3800000.0,
        "Normalized Income": 106700000.0,
        "Net Income From Continuing And Discontinued Operation": 106700000.0,
        "Total Expenses": 511000000.0,
        "Total Operating Income As Reported": 127800000.0,
        "Diluted Average Shares": 316400000.0,
        "Basic Average Shares": 314500000.0,
        "Diluted EPS": 0.34,
        "Basic EPS": 0.34,
        "Diluted NI Availto Com Stockholders": 133500000.0,
        "Average Dilution Earnings": 26800000.0,
        "Net Income Common Stockholders": 106700000.0,
        "Net Income": 106700000.0,
        "Net Income Including Noncontrolling Interests": 106700000.0,
        "Net Income Continuous Operations": 106700000.0,
        "Tax Provision": 26000000.0,
        "Pretax Income": 132700000.0,
        "Other Income Expense": 1100000.0,
        "Other Non Operating Income Expenses": 1100000.0,
        "Special Income Charges": 0.0,
        "Gain On Sale Of Ppe": 0.0,
        "Net Non Operating Interest Income Expense": 3800000.0,
        "Total Other Finance Cost": NaN,
        "Interest Income Non Operating": 3800000.0,
        "Operating Income": 127800000.0,
        "Operating Expense": 399500000.0,
        "Research And Development": 225700000.0,
        "Selling General And Administration": 173800000.0,
        "Selling And Marketing Expense": 110500000.0,
        "General And Administrative Expense": 63300000.0,
        "Other Gand A": 63300000.0,
        "Gross Profit": 527300000.0,
        "Cost Of Revenue": 111500000.0,
        "Total Revenue": 638800000.0,
        "Operating Revenue": 638800000.0
    },
    "2024-12-31": {
        "Tax Effect Of Unusual Items": -21000.0,
        "Tax Rate For Calcs": 0.21,
        "Normalized EBITDA": 126300000.0,
        "Total Unusual Items": -100000.0,
        "Total Unusual Items Excluding Goodwill": -100000.0,
        "Net Income From Continuing Operation Net Minority Interest": 102800000.0,
        "Reconciled Depreciation": 38200000.0,
        "Reconciled Cost Of Revenue": 120800000.0,
        "EBITDA": 126200000.0,
        "EBIT": 88000000.0,
        "Net Interest Income": -1900000.0,
        "Interest Income": -1900000.0,
        "Normalized Income": 102879000.0,
        "Net Income From Continuing And Discontinued Operation": 102800000.0,
        "Total Expenses": 555600000.0,
        "Total Operating Income As Reported": 87900000.0,
        "Diluted Average Shares": 306800000.0,
        "Basic Average Shares": 301500000.0,
        "Diluted EPS": 0.34,
        "Basic EPS": 0.34,
        "Diluted NI Availto Com Stockholders": 17300000.0,
        "Average Dilution Earnings": NaN,
        "Net Income Common Stockholders": 102800000.0,
        "Net Income": 102800000.0,
        "Net Income Including Noncontrolling Interests": 102800000.0,
        "Net Income Continuous Operations": 102800000.0,
        "Tax Provision": -10400000.0,
        "Pretax Income": 92400000.0,
        "Other Income Expense": 6300000.0,
        "Other Non Operating Income Expenses": 6400000.0,
        "Special Income Charges": -100000.0,
        "Gain On Sale Of Ppe": -100000.0,
        "Net Non Operating Interest Income Expense": -1900000.0,
        "Total Other Finance Cost": NaN,
        "Interest Income Non Operating": -1900000.0,
        "Operating Income": 88000000.0,
        "Operating Expense": 434800000.0,
        "Research And Development": 243000000.0,
        "Selling General And Administration": 191800000.0,
        "Selling And Marketing Expense": 128900000.0,
        "General And Administrative Expense": 62900000.0,
        "Other Gand A": 62900000.0,
        "Gross Profit": 522800000.0,
        "Cost Of Revenue": 120800000.0,
        "Total Revenue": 643600000.0,
        "Operating Revenue": 643600000.0
    },
    "2025-03-31": {
        "Tax Effect Of Unusual Items": 0.0,
        "Tax Rate For Calcs": 0.113274,
        "Normalized EBITDA": 221900000.0,
        "Total Unusual Items": NaN,
        "Total Unusual Items Excluding Goodwill": NaN,
        "Net Income From Continuing Operation Net Minority Interest": 150300000.0,
        "Reconciled Depreciation": 38100000.0,
        "Reconciled Cost Of Revenue": 116700000.0,
        "EBITDA": 221900000.0,
        "EBIT": 183800000.0,
        "Net Interest Income": -14600000.0,
        "Interest Income": NaN,
        "Normalized Income": 150300000.0,
        "Net Income From Continuing And Discontinued Operation": 150300000.0,
        "Total Expenses": 440900000.0,
        "Total Operating Income As Reported": 183800000.0,
        "Diluted Average Shares": 295700000.0,
        "Basic Average Shares": 290300000.0,
        "Diluted EPS": 0.51,
        "Basic EPS": 0.52,
        "Diluted NI Availto Com Stockholders": 150300000.0,
        "Average Dilution Earnings": NaN,
        "Net Income Common Stockholders": 150300000.0,
        "Net Income": 150300000.0,
        "Net Income Including Noncontrolling Interests": 150300000.0,
        "Net Income Continuous Operations": 150300000.0,
        "Tax Provision": 19200000.0,
        "Pretax Income": 169500000.0,
        "Other Income Expense": 300000.0,
        "Other Non Operating Income Expenses": 300000.0,
        "Special Income Charges": NaN,
        "Gain On Sale Of Ppe": NaN,
        "Net Non Operating Interest Income Expense": -14600000.0,
        "Total Other Finance Cost": 14600000.0,
        "Interest Income Non Operating": NaN,
        "Operating Income": 183800000.0,
        "Operating Expense": 324200000.0,
        "Research And Development": 178400000.0,
        "Selling General And Administration": 145800000.0,
        "Selling And Marketing Expense": 92000000.0,
        "General And Administrative Expense": 53800000.0,
        "Other Gand A": 53800000.0,
        "Gross Profit": 508000000.0,
        "Cost Of Revenue": 116700000.0,
        "Total Revenue": 624700000.0,
        "Operating Revenue": 624700000.0
    },
    "2025-06-30": {
        "Tax Effect Of Unusual Items": -390527.740189,
        "Tax Rate For Calcs": 0.150203,
        "Normalized EBITDA": 212600000.0,
        "Total Unusual Items": -2600000.0,
        "Total Unusual Items Excluding Goodwill": -2600000.0,
        "Net Income From Continuing Operation Net Minority Interest": 125600000.0,
        "Reconciled Depreciation": 39000000.0,
        "Reconciled Cost Of Revenue": 123700000.0,
        "EBITDA": 210000000.0,
        "EBIT": 171000000.0,
        "Net Interest Income": -18600000.0,
        "Interest Income": NaN,
        "Normalized Income": 127809472.259811,
        "Net Income From Continuing And Discontinued Operation": 125600000.0,
        "Total Expenses": 454700000.0,
        "Total Operating Income As Reported": 168400000.0,
        "Diluted Average Shares": 276700000.0,
        "Basic Average Shares": 272400000.0,
        "Diluted EPS": 0.45,
        "Basic EPS": 0.46,
        "Diluted NI Availto Com Stockholders": 160500000.0,
        "Average Dilution Earnings": 34900000.0,
        "Net Income Common Stockholders": 125600000.0,
        "Net Income": 125600000.0,
        "Net Income Including Noncontrolling Interests": 125600000.0,
        "Net Income Continuous Operations": 125600000.0,
        "Tax Provision": 22200000.0,
        "Pretax Income": 147800000.0,
        "Other Income Expense": -4600000.0,
        "Other Non Operating Income Expenses": -2000000.0,
        "Special Income Charges": -2600000.0,
        "Gain On Sale Of Ppe": -2600000.0,
        "Net Non Operating Interest Income Expense": -18600000.0,
        "Total Other Finance Cost": 18600000.0,
        "Interest Income Non Operating": NaN,
        "Operating Income": 171000000.0,
        "Operating Expense": 331000000.0,
        "Research And Development": 184400000.0,
        "Selling General And Administration": 146600000.0,
        "Selling And Marketing Expense": 87800000.0,
        "General And Administrative Expense": 58800000.0,
        "Other Gand A": 58800000.0,
        "Gross Profit": 502000000.0,
        "Cost Of Revenue": 123700000.0,
        "Total Revenue": 625700000.0,
        "Operating Revenue": 625700000.0
    },
    "2025-09-30": {
        "Tax Effect Of Unusual Items": NaN,
        "Tax Rate For Calcs": NaN,
        "Normalized EBITDA": NaN,
        "Total Unusual Items": NaN,
        "Total Unusual Items Excluding Goodwill": NaN,
        "Net Income From Continuing Operation Net Minority Interest": NaN,
        "Reconciled Depreciation": NaN,
        "Reconciled Cost Of Revenue": NaN,
        "EBITDA": NaN,
        "EBIT": NaN,
        "Net Interest Income": NaN,
        "Interest Income": NaN,
        "Normalized Income": NaN,
        "Net Income From Continuing And Discontinued Operation": NaN,
        "Total Expenses": NaN,
        "Total Operating Income As Reported": NaN,
        "Diluted Average Shares": 265100000.0,
        "Basic Average Shares": 261100000.0,
        "Diluted EPS": 0.47,
        "Basic EPS": 0.47,
        "Diluted NI Availto Com Stockholders": NaN,
        "Average Dilution Earnings": NaN,
        "Net Income Common Stockholders": NaN,
        "Net Income": NaN,
        "Net Income Including Noncontrolling Interests": NaN,
        "Net Income Continuous Operations": NaN,
        "Tax Provision": NaN,
        "Pretax Income": NaN,
        "Other Income Expense": NaN,
        "Other Non Operating Income Expenses": NaN,
        "Special Income Charges": NaN,
        "Gain On Sale Of Ppe": NaN,
        "Net Non Operating Interest Income Expense": NaN,
        "Total Other Finance Cost": NaN,
        "Interest Income Non Operating": NaN,
        "Operating Income": NaN,
        "Operating Expense": NaN,
        "Research And Development": NaN,
        "Selling General And Administration": NaN,
        "Selling And Marketing Expense": NaN,
        "General And Administrative Expense": NaN,
        "Other Gand A": NaN,
        "Gross Profit": NaN,
        "Cost Of Revenue": NaN,
        "Total Revenue": NaN,
        "Operating Revenue": NaN
    }
}