{
    "2023-03-31": {
        "Tax Effect Of Unusual Items": NaN,
        "Tax Rate For Calcs": NaN,
        "Normalized EBITDA": NaN,
        "Total Unusual Items": NaN,
        "Total Unusual Items Excluding Goodwill": NaN,
        "Net Income From Continuing Operation Net Minority Interest": NaN,
        "Reconciled Depreciation": NaN,
        "Reconciled Cost Of Revenue": NaN,
        "EBITDA": NaN,
        "EBIT": NaN,
        "Net Interest Income": NaN,
        "Interest Expense": NaN,
        "Normalized Income": NaN,
        "Net Income From Continuing And Discontinued Operation": NaN,
        "Total Expenses": NaN,
        "Total Operating Income As Reported": NaN,
        "Diluted Average Shares": NaN,
        "Basic Average Shares": NaN,
        "Diluted EPS": NaN,
        "Basic EPS": NaN,
        "Diluted NI Availto Com Stockholders": NaN,
        "Net Income Common Stockholders": NaN,
        "Net Income": NaN,
        "Net Income Including Noncontrolling Interests": NaN,
        "Net Income Continuous Operations": NaN,
        "Tax Provision": NaN,
        "Pretax Income": NaN,
        "Other Income Expense": NaN,
        "Other Non Operating Income Expenses": 3886000.0,
        "Special Income Charges": NaN,
        "Restructuring And Mergern Acquisition": NaN,
        "Net Non Operating Interest Income Expense": NaN,
        "Interest Expense Non Operating": NaN,
        "Operating Income": NaN,
        "Operating Expense": NaN,
        "Selling General And Administration": NaN,
        "Gross Profit": NaN,
        "Cost Of Revenue": NaN,
        "Total Revenue": NaN,
        "Operating Revenue": NaN
    },
    "2022-12-31": {
        "Tax Effect Of Unusual Items": NaN,
        "Tax Rate For Calcs": NaN,
        "Normalized EBITDA": NaN,
        "Total Unusual Items": NaN,
        "Total Unusual Items Excluding Goodwill": NaN,
        "Net Income From Continuing Operation Net Minority Interest": NaN,
        "Reconciled Depreciation": NaN,
        "Reconciled Cost Of Revenue": NaN,
        "EBITDA": NaN,
        "EBIT": NaN,
        "Net Interest Income": NaN,
        "Interest Expense": NaN,
        "Normalized Income": NaN,
        "Net Income From Continuing And Discontinued Operation": NaN,
        "Total Expenses": NaN,
        "Total Operating Income As Reported": NaN,
        "Diluted Average Shares": NaN,
        "Basic Average Shares": NaN,
        "Diluted EPS": NaN,
        "Basic EPS": NaN,
        "Diluted NI Availto Com Stockholders": NaN,
        "Net Income Common Stockholders": NaN,
        "Net Income": NaN,
        "Net Income Including Noncontrolling Interests": NaN,
        "Net Income Continuous Operations": NaN,
        "Tax Provision": NaN,
        "Pretax Income": NaN,
        "Other Income Expense": NaN,
        "Other Non Operating Income Expenses": 2400000.0,
        "Special Income Charges": NaN,
        "Other Special Charges": 0.0,
        "Restructuring And Mergern Acquisition": NaN,
        "Net Non Operating Interest Income Expense": NaN,
        "Interest Expense Non Operating": NaN,
        "Operating Income": NaN,
        "Operating Expense": NaN,
        "Selling General And Administration": NaN,
        "Gross Profit": NaN,
        "Cost Of Revenue": NaN,
        "Total Revenue": NaN,
        "Operating Revenue": NaN
    },
    "2022-09-30": {
        "Tax Effect Of Unusual Items": NaN,
        "Tax Rate For Calcs": NaN,
        "Normalized EBITDA": NaN,
        "Total Unusual Items": NaN,
        "Total Unusual Items Excluding Goodwill": NaN,
        "Net Income From Continuing Operation Net Minority Interest": NaN,
        "Reconciled Depreciation": NaN,
        "Reconciled Cost Of Revenue": NaN,
        "EBITDA": NaN,
        "EBIT": NaN,
        "Net Interest Income": NaN,
        "Interest Expense": NaN,
        "Normalized Income": NaN,
        "Net Income From Continuing And Discontinued Operation": NaN,
        "Total Expenses": NaN,
        "Total Operating Income As Reported": NaN,
        "Diluted Average Shares": NaN,
        "Basic Average Shares": NaN,
        "Diluted EPS": NaN,
        "Basic EPS": NaN,
        "Diluted NI Availto Com Stockholders": NaN,
        "Net Income Common Stockholders": NaN,
        "Net Income": NaN,
        "Net Income Including Noncontrolling Interests": NaN,
        "Net Income Continuous Operations": NaN,
        "Tax Provision": NaN,
        "Pretax Income": NaN,
        "Other Income Expense": NaN,
        "Other Non Operating Income Expenses": NaN,
        "Special Income Charges": NaN,
        "Other Special Charges": 295000.0,
        "Restructuring And Mergern Acquisition": NaN,
        "Net Non Operating Interest Income Expense": NaN,
        "Interest Expense Non Operating": NaN,
        "Operating Income": NaN,
        "Operating Expense": NaN,
        "Selling General And Administration": NaN,
        "Gross Profit": NaN,
        "Cost Of Revenue": NaN,
        "Total Revenue": NaN,
        "Operating Revenue": NaN
    },
    "2022-06-30": {
        "Tax Effect Of Unusual Items": -505461.0,
        "Tax Rate For Calcs": 0.187,
        "Normalized EBITDA": 18355000.0,
        "Total Unusual Items": -2703000.0,
        "Total Unusual Items Excluding Goodwill": -2703000.0,
        "Net Income From Continuing Operation Net Minority Interest": 4147000.0,
        "Reconciled Depreciation": 7898000.0,
        "Reconciled Cost Of Revenue": 139556000.0,
        "EBITDA": 15652000.0,
        "EBIT": 7754000.0,
        "Net Interest Income": -2656000.0,
        "Interest Expense": 2656000.0,
        "Normalized Income": 6344539.0,
        "Net Income From Continuing And Discontinued Operation": 4147000.0,
        "Total Expenses": 163741000.0,
        "Total Operating Income As Reported": 7754000.0,
        "Diluted Average Shares": 12333000.0,
        "Basic Average Shares": 12070000.0,
        "Diluted EPS": 0.34,
        "Basic EPS": 0.34,
        "Diluted NI Availto Com Stockholders": 4147000.0,
        "Net Income Common Stockholders": 4147000.0,
        "Net Income": 4147000.0,
        "Net Income Including Noncontrolling Interests": 4147000.0,
        "Net Income Continuous Operations": 4147000.0,
        "Tax Provision": 951000.0,
        "Pretax Income": 5098000.0,
        "Other Income Expense": -2703000.0,
        "Other Non Operating Income Expenses": NaN,
        "Special Income Charges": -2703000.0,
        "Gain On Sale Of Ppe": NaN,
        "Other Special Charges": NaN,
        "Restructuring And Mergern Acquisition": 2703000.0,
        "Net Non Operating Interest Income Expense": -2656000.0,
        "Interest Expense Non Operating": 2656000.0,
        "Operating Income": 10457000.0,
        "Operating Expense": 24185000.0,
        "Selling General And Administration": 24185000.0,
        "Gross Profit": 34642000.0,
        "Cost Of Revenue": 139556000.0,
        "Total Revenue": 174198000.0,
        "Operating Revenue": 174198000.0
    },
    "2023-06-30": {
        "Tax Effect Of Unusual Items": NaN,
        "Tax Rate For Calcs": NaN,
        "Normalized EBITDA": NaN,
        "Total Unusual Items": NaN,
        "Total Unusual Items Excluding Goodwill": NaN,
        "Net Income From Continuing Operation Net Minority Interest": NaN,
        "Reconciled Depreciation": NaN,
        "Reconciled Cost Of Revenue": NaN,
        "EBITDA": NaN,
        "EBIT": NaN,
        "Net Interest Income": NaN,
        "Interest Expense": NaN,
        "Normalized Income": NaN,
        "Net Income From Continuing And Discontinued Operation": NaN,
        "Total Expenses": NaN,
        "Total Operating Income As Reported": NaN,
        "Diluted Average Shares": NaN,
        "Basic Average Shares": NaN,
        "Diluted EPS": NaN,
        "Basic EPS": NaN,
        "Diluted NI Availto Com Stockholders": NaN,
        "Net Income Common Stockholders": NaN,
        "Net Income": NaN,
        "Net Income Including Noncontrolling Interests": NaN,
        "Net Income Continuous Operations": NaN,
        "Tax Provision": NaN,
        "Pretax Income": NaN,
        "Other Income Expense": NaN,
        "Other Non Operating Income Expenses": 4059000.0,
        "Special Income Charges": NaN,
        "Restructuring And Mergern Acquisition": NaN,
        "Net Non Operating Interest Income Expense": NaN,
        "Interest Expense Non Operating": NaN,
        "Operating Income": NaN,
        "Operating Expense": NaN,
        "Selling General And Administration": NaN,
        "Gross Profit": NaN,
        "Cost Of Revenue": NaN,
        "Total Revenue": NaN,
        "Operating Revenue": NaN
    },
    "2022-03-31": {
        "Diluted EPS": 0.66,
        "Total Revenue": 163,
        "Gross Profit": 32,
        "Operating Income": 9,
        "EBIT": 17,
        "Net Income": 8
    },
    "2021-12-31": {
        "Diluted EPS": 9.04,
        "Total Revenue": 165,
        "Gross Profit": 37,
        "Operating Income": 12,
        "EBIT": 19,
        "Net Income": 111
    },
    "2021-09-30": {
        "Diluted EPS": 0.78,
        "Total Revenue": 163,
        "Gross Profit": 35,
        "Operating Income": 13,
        "EBIT": 21,
        "Net Income": 10
    },
    "2021-06-30": {
        "Diluted EPS": 0.69,
        "Total Revenue": 160,
        "Gross Profit": 37,
        "Operating Income": 13,
        "EBIT": 20,
        "Net Income": 8
    },
    "2021-03-31": {
        "Diluted EPS": 0.55,
        "Total Revenue": 157,
        "Gross Profit": 33,
        "Operating Income": 11,
        "EBIT": 18,
        "Net Income": 7
    },
    "2020-12-31": {
        "Diluted EPS": 0.81,
        "Total Revenue": 158,
        "Gross Profit": 35,
        "Operating Income": 12,
        "EBIT": 19,
        "Net Income": 10
    },
    "2020-09-30": {
        "Diluted EPS": 0.54,
        "Total Revenue": 150,
        "Gross Profit": 33,
        "Operating Income": 10,
        "EBIT": 17,
        "Net Income": 7
    },
    "2020-06-30": {
        "Diluted EPS": 0.43,
        "Total Revenue": 147,
        "Gross Profit": 33,
        "Operating Income": 10,
        "EBIT": 17,
        "Net Income": 5
    },
    "2020-03-31": {
        "Diluted EPS": 0.67,
        "Total Revenue": 173,
        "Gross Profit": 37,
        "Operating Income": 14,
        "EBIT": 21,
        "Net Income": 8
    },
    "2019-12-31": {
        "Diluted EPS": 0.75,
        "Total Revenue": 187,
        "Gross Profit": 40,
        "Operating Income": 15,
        "EBIT": 23,
        "Net Income": 9
    },
    "2019-09-30": {
        "Diluted EPS": 0.7,
        "Total Revenue": 181,
        "Gross Profit": 38,
        "Operating Income": 15,
        "EBIT": 22,
        "Net Income": 8
    },
    "2019-06-30": {
        "Diluted EPS": 0.66,
        "Total Revenue": 180,
        "Gross Profit": 38,
        "Operating Income": 14,
        "EBIT": 21,
        "Net Income": 8
    },
    "2019-03-31": {
        "Diluted EPS": 0.64,
        "Total Revenue": 173,
        "Gross Profit": 36,
        "Operating Income": 13,
        "EBIT": 20,
        "Net Income": 7
    },
    "2018-12-31": {
        "Diluted EPS": 0.05,
        "Total Revenue": 164,
        "Gross Profit": 33,
        "Operating Income": 6,
        "EBIT": 13,
        "Net Income": 1
    },
    "2018-09-30": {
        "Diluted EPS": 0.36,
        "Total Revenue": 160,
        "Gross Profit": 31,
        "Operating Income": 7,
        "EBIT": 13,
        "Net Income": 4
    },
    "2018-06-30": {
        "Diluted EPS": 0.14,
        "Total Revenue": 155,
        "Gross Profit": 32,
        "Operating Income": 6,
        "EBIT": 12,
        "Net Income": 2
    },
    "2018-03-31": {
        "Diluted EPS": 0.22,
        "Total Revenue": 150,
        "Gross Profit": 27,
        "Operating Income": 5,
        "EBIT": 11,
        "Net Income": 3
    },
    "2017-12-31": {
        "Diluted EPS": 0.82,
        "Total Revenue": 142,
        "Gross Profit": 26,
        "Operating Income": -3,
        "EBIT": 3,
        "Net Income": 9
    },
    "2017-09-30": {
        "Diluted EPS": 0.41,
        "Total Revenue": 139,
        "Gross Profit": 26,
        "Operating Income": 7,
        "EBIT": 13,
        "Net Income": 5
    },
    "2017-06-30": {
        "Diluted EPS": 0.33,
        "Total Revenue": 141,
        "Gross Profit": 26,
        "Operating Income": 7,
        "EBIT": 12,
        "Net Income": 4
    },
    "2017-03-31": {
        "Diluted EPS": 0.18,
        "Total Revenue": 136,
        "Gross Profit": 25,
        "Operating Income": 4,
        "EBIT": 10,
        "Net Income": 2
    },
    "2016-12-31": {
        "Diluted EPS": 0.25,
        "Total Revenue": 142,
        "Gross Profit": 28,
        "Operating Income": 10,
        "EBIT": 15,
        "Net Income": 3
    },
    "2016-09-30": {
        "Diluted EPS": 0.44,
        "Total Revenue": 133,
        "Gross Profit": 25,
        "Operating Income": 8,
        "EBIT": 14,
        "Net Income": 5
    },
    "2016-06-30": {
        "Diluted EPS": 0.34,
        "Total Revenue": 133,
        "Gross Profit": 26,
        "Operating Income": 7,
        "EBIT": 13,
        "Net Income": 4
    },
    "2016-03-31": {
        "Diluted EPS": 1.21,
        "Total Revenue": 142,
        "Gross Profit": 27,
        "Operating Income": 4,
        "EBIT": 10,
        "Net Income": 14
    },
    "2015-12-31": {
        "Diluted EPS": -5.9,
        "Total Revenue": 157,
        "Gross Profit": 23,
        "Operating Income": -89,
        "EBIT": 8,
        "Net Income": -65
    },
    "2015-09-30": {
        "Diluted EPS": -0.86,
        "Total Revenue": 162,
        "Gross Profit": 20,
        "Operating Income": -1,
        "EBIT": 5,
        "Net Income": -10
    },
    "2015-06-30": {
        "Diluted EPS": 0.16,
        "Total Revenue": 175,
        "Gross Profit": 31,
        "Operating Income": 11,
        "EBIT": 17,
        "Net Income": 2
    },
    "2015-03-31": {
        "Diluted EPS": -0.18,
        "Total Revenue": 173,
        "Gross Profit": 27,
        "Operating Income": 4,
        "EBIT": 11,
        "Net Income": -2
    },
    "2014-12-31": {
        "Diluted EPS": 0.47,
        "Total Revenue": 188,
        "Gross Profit": 34,
        "Operating Income": 10,
        "EBIT": 17,
        "Net Income": 5
    },
    "2014-09-30": {
        "Diluted EPS": 0.26,
        "Total Revenue": 188,
        "Gross Profit": 33,
        "Operating Income": 10,
        "EBIT": 17,
        "Net Income": 3
    },
    "2014-06-30": {
        "Diluted EPS": 0.6,
        "Total Revenue": 187,
        "Gross Profit": 38,
        "Operating Income": 17,
        "EBIT": 25,
        "Net Income": 7
    },
    "2014-03-31": {
        "Diluted EPS": 0.46,
        "Total Revenue": 180,
        "Gross Profit": 36,
        "Operating Income": 15,
        "EBIT": 22,
        "Net Income": 5
    },
    "2013-12-31": {
        "Diluted EPS": -0.23,
        "Total Revenue": 188,
        "Gross Profit": 22,
        "Operating Income": 2,
        "EBIT": 12,
        "Net Income": -2
    },
    "2013-09-30": {
        "Diluted EPS": 0.42,
        "Total Revenue": 181,
        "Gross Profit": 32,
        "Operating Income": 12,
        "EBIT": 19,
        "Net Income": 5
    },
    "2013-06-30": {
        "Diluted EPS": 0.51,
        "Total Revenue": 191,
        "Gross Profit": 37,
        "Operating Income": 15,
        "EBIT": 22,
        "Net Income": 6
    },
    "2013-03-31": {
        "Diluted EPS": 0.35,
        "Total Revenue": 176,
        "Gross Profit": 33,
        "Operating Income": 10,
        "EBIT": 17,
        "Net Income": 4
    },
    "2012-12-31": {
        "Diluted EPS": 0.43,
        "Total Revenue": 194,
        "Gross Profit": 38,
        "Operating Income": 17,
        "EBIT": 25,
        "Net Income": 5
    },
    "2012-09-30": {
        "Diluted EPS": 0.48,
        "Total Revenue": 184,
        "Gross Profit": 36,
        "Operating Income": 14,
        "EBIT": 22,
        "Net Income": 5
    },
    "2012-06-30": {
        "Diluted EPS": 0.52,
        "Total Revenue": 185,
        "Gross Profit": 36,
        "Operating Income": 14,
        "EBIT": 21,
        "Net Income": 6
    },
    "2012-03-31": {
        "Diluted EPS": 0.23,
        "Total Revenue": 184,
        "Gross Profit": 34,
        "Operating Income": 12,
        "EBIT": 19,
        "Net Income": 2
    },
    "2011-12-31": {
        "Diluted EPS": -4.6,
        "Total Revenue": 188,
        "Gross Profit": 32,
        "Operating Income": -45,
        "EBIT": 16,
        "Net Income": -48
    },
    "2011-09-30": {
        "Diluted EPS": 0.09,
        "Total Revenue": 185,
        "Gross Profit": 34,
        "Operating Income": 10,
        "EBIT": 17,
        "Net Income": 1
    },
    "2011-06-30": {
        "Diluted EPS": -0.28,
        "Total Revenue": 108,
        "Gross Profit": 21,
        "Operating Income": -3,
        "EBIT": 1,
        "Net Income": -3
    },
    "2011-03-31": {
        "Diluted EPS": 0.27,
        "Total Revenue": 100,
        "Gross Profit": 18,
        "Operating Income": 4,
        "EBIT": 8,
        "Net Income": 3
    },
    "2010-12-31": {
        "Diluted EPS": 0.39,
        "Total Revenue": 102,
        "Gross Profit": 19,
        "Operating Income": 4,
        "EBIT": 8,
        "Net Income": 4
    },
    "2010-09-30": {
        "Diluted EPS": 0.55,
        "Total Revenue": 99,
        "Gross Profit": 20,
        "Operating Income": 6,
        "EBIT": 9,
        "Net Income": 6
    },
    "2010-06-30": {
        "Diluted EPS": 0.53,
        "Total Revenue": 103,
        "Gross Profit": 22,
        "Operating Income": 9,
        "EBIT": 12,
        "Net Income": 6
    },
    "2010-03-31": {
        "Diluted EPS": 0.4,
        "Total Revenue": 104,
        "Gross Profit": 19,
        "Operating Income": 7,
        "EBIT": 10,
        "Net Income": 4
    },
    "2009-12-31": {
        "Diluted EPS": -0.31,
        "Total Revenue": 106,
        "Gross Profit": 19,
        "Operating Income": -6,
        "EBIT": 10,
        "Net Income": -3
    },
    "2009-09-30": {
        "Diluted EPS": 0.59,
        "Total Revenue": 110,
        "Gross Profit": 23,
        "Operating Income": 10,
        "EBIT": 14,
        "Net Income": 6
    },
    "2009-06-30": {
        "Diluted EPS": 0.44,
        "Total Revenue": 104,
        "Gross Profit": 20,
        "Operating Income": 8,
        "EBIT": 10,
        "Net Income": 5
    },
    "2009-03-31": {
        "Diluted EPS": 0.25,
        "Total Revenue": 111,
        "Gross Profit": 17,
        "Operating Income": 4,
        "EBIT": 8,
        "Net Income": 3
    },
    "2023-09-30": {
        "Tax Effect Of Unusual Items": NaN,
        "Tax Rate For Calcs": NaN,
        "Normalized EBITDA": NaN,
        "Total Unusual Items": NaN,
        "Total Unusual Items Excluding Goodwill": NaN,
        "Net Income From Continuing Operation Net Minority Interest": NaN,
        "Reconciled Depreciation": NaN,
        "Reconciled Cost Of Revenue": NaN,
        "EBITDA": NaN,
        "EBIT": NaN,
        "Net Interest Income": NaN,
        "Interest Expense": NaN,
        "Normalized Income": NaN,
        "Net Income From Continuing And Discontinued Operation": NaN,
        "Total Expenses": NaN,
        "Total Operating Income As Reported": NaN,
        "Diluted Average Shares": 14814000.0,
        "Basic Average Shares": 14625000.0,
        "Diluted EPS": 0.22,
        "Basic EPS": 0.22,
        "Diluted NI Availto Com Stockholders": NaN,
        "Net Income Common Stockholders": NaN,
        "Net Income": NaN,
        "Net Income Including Noncontrolling Interests": NaN,
        "Net Income Continuous Operations": NaN,
        "Tax Provision": NaN,
        "Pretax Income": NaN,
        "Other Income Expense": NaN,
        "Other Non Operating Income Expenses": NaN,
        "Special Income Charges": NaN,
        "Restructuring And Mergern Acquisition": NaN,
        "Net Non Operating Interest Income Expense": NaN,
        "Interest Expense Non Operating": NaN,
        "Operating Income": NaN,
        "Operating Expense": NaN,
        "Selling General And Administration": NaN,
        "Gross Profit": NaN,
        "Cost Of Revenue": NaN,
        "Total Revenue": NaN,
        "Operating Revenue": NaN
    },
    "2023-12-31": {
        "Tax Effect Of Unusual Items": NaN,
        "Tax Rate For Calcs": NaN,
        "Normalized EBITDA": NaN,
        "Total Unusual Items": NaN,
        "Total Unusual Items Excluding Goodwill": NaN,
        "Net Income From Continuing Operation Net Minority Interest": NaN,
        "Reconciled Depreciation": NaN,
        "Reconciled Cost Of Revenue": NaN,
        "EBITDA": NaN,
        "EBIT": NaN,
        "Net Interest Income": NaN,
        "Interest Expense": NaN,
        "Normalized Income": NaN,
        "Net Income From Continuing And Discontinued Operation": NaN,
        "Total Expenses": NaN,
        "Total Operating Income As Reported": NaN,
        "Diluted Average Shares": NaN,
        "Basic Average Shares": NaN,
        "Diluted EPS": NaN,
        "Basic EPS": NaN,
        "Diluted NI Availto Com Stockholders": NaN,
        "Net Income Common Stockholders": NaN,
        "Net Income": NaN,
        "Net Income Including Noncontrolling Interests": NaN,
        "Net Income Continuous Operations": NaN,
        "Tax Provision": NaN,
        "Pretax Income": NaN,
        "Other Income Expense": NaN,
        "Other Non Operating Income Expenses": 290000.0,
        "Special Income Charges": NaN,
        "Restructuring And Mergern Acquisition": NaN,
        "Net Non Operating Interest Income Expense": NaN,
        "Interest Expense Non Operating": NaN,
        "Operating Income": NaN,
        "Operating Expense": NaN,
        "Selling General And Administration": NaN,
        "Gross Profit": NaN,
        "Cost Of Revenue": NaN,
        "Total Revenue": NaN,
        "Operating Revenue": NaN
    },
    "2024-03-31": {
        "Tax Effect Of Unusual Items": -296292.481977,
        "Tax Rate For Calcs": 0.216272,
        "Normalized EBITDA": 22345000.0,
        "Total Unusual Items": -1370000.0,
        "Total Unusual Items Excluding Goodwill": -1370000.0,
        "Net Income From Continuing Operation Net Minority Interest": 6849000.0,
        "Reconciled Depreciation": 8353000.0,
        "Reconciled Cost Of Revenue": 143904000.0,
        "EBITDA": 20975000.0,
        "EBIT": 12622000.0,
        "Net Interest Income": -3883000.0,
        "Interest Expense": 3883000.0,
        "Normalized Income": 7922707.518023,
        "Net Income From Continuing And Discontinued Operation": 6849000.0,
        "Total Expenses": 176855000.0,
        "Total Operating Income As Reported": 12622000.0,
        "Diluted Average Shares": 14937000.0,
        "Basic Average Shares": 14694000.0,
        "Diluted EPS": 0.46,
        "Basic EPS": 0.47,
        "Diluted NI Availto Com Stockholders": 6849000.0,
        "Net Income Common Stockholders": 6849000.0,
        "Net Income": 6849000.0,
        "Net Income Including Noncontrolling Interests": 6849000.0,
        "Net Income Continuous Operations": 6849000.0,
        "Tax Provision": 1890000.0,
        "Pretax Income": 8739000.0,
        "Other Income Expense": -1370000.0,
        "Other Non Operating Income Expenses": NaN,
        "Special Income Charges": -1370000.0,
        "Restructuring And Mergern Acquisition": 1370000.0,
        "Net Non Operating Interest Income Expense": -3883000.0,
        "Interest Expense Non Operating": 3883000.0,
        "Operating Income": 13992000.0,
        "Operating Expense": 32951000.0,
        "Selling General And Administration": 32951000.0,
        "Gross Profit": 46943000.0,
        "Cost Of Revenue": 143904000.0,
        "Total Revenue": 190847000.0,
        "Operating Revenue": 190847000.0
    },
    "2024-06-30": {
        "Tax Effect Of Unusual Items": -280445.270881,
        "Tax Rate For Calcs": 0.223641,
        "Normalized EBITDA": 23423000.0,
        "Total Unusual Items": -1254000.0,
        "Total Unusual Items Excluding Goodwill": -1254000.0,
        "Net Income From Continuing Operation Net Minority Interest": 7724000.0,
        "Reconciled Depreciation": 8245000.0,
        "Reconciled Cost Of Revenue": 145761000.0,
        "EBITDA": 22169000.0,
        "EBIT": 13924000.0,
        "Net Interest Income": -3975000.0,
        "Interest Expense": 3975000.0,
        "Normalized Income": 8697554.729119,
        "Net Income From Continuing And Discontinued Operation": 7724000.0,
        "Total Expenses": 181822000.0,
        "Total Operating Income As Reported": 13924000.0,
        "Diluted Average Shares": 14961000.0,
        "Basic Average Shares": 14775000.0,
        "Diluted EPS": 0.52,
        "Basic EPS": 0.52,
        "Diluted NI Availto Com Stockholders": 7724000.0,
        "Net Income Common Stockholders": 7724000.0,
        "Net Income": 7724000.0,
        "Net Income Including Noncontrolling Interests": 7724000.0,
        "Net Income Continuous Operations": 7724000.0,
        "Tax Provision": 2225000.0,
        "Pretax Income": 9949000.0,
        "Other Income Expense": -1254000.0,
        "Other Non Operating Income Expenses": NaN,
        "Special Income Charges": -1254000.0,
        "Restructuring And Mergern Acquisition": 1254000.0,
        "Net Non Operating Interest Income Expense": -3975000.0,
        "Interest Expense Non Operating": 3975000.0,
        "Operating Income": 15178000.0,
        "Operating Expense": 36061000.0,
        "Selling General And Administration": 36061000.0,
        "Gross Profit": 51239000.0,
        "Cost Of Revenue": 145761000.0,
        "Total Revenue": 197000000.0,
        "Operating Revenue": 197000000.0
    },
    "2024-09-30": {
        "Tax Effect Of Unusual Items": -217412.0,
        "Tax Rate For Calcs": 0.113,
        "Normalized EBITDA": 25721000.0,
        "Total Unusual Items": -1924000.0,
        "Total Unusual Items Excluding Goodwill": -1924000.0,
        "Net Income From Continuing Operation Net Minority Interest": 10148000.0,
        "Reconciled Depreciation": 8531000.0,
        "Reconciled Cost Of Revenue": 148736000.0,
        "EBITDA": 23797000.0,
        "EBIT": 15266000.0,
        "Net Interest Income": -3829000.0,
        "Interest Expense": 3829000.0,
        "Normalized Income": 11854588.0,
        "Net Income From Continuing And Discontinued Operation": 10148000.0,
        "Total Expenses": 184222000.0,
        "Total Operating Income As Reported": 15266000.0,
        "Diluted Average Shares": 15039000.0,
        "Basic Average Shares": 14806000.0,
        "Diluted EPS": 0.67,
        "Basic EPS": 0.69,
        "Diluted NI Availto Com Stockholders": 10148000.0,
        "Net Income Common Stockholders": 10148000.0,
        "Net Income": 10148000.0,
        "Net Income Including Noncontrolling Interests": 10148000.0,
        "Net Income Continuous Operations": 10148000.0,
        "Tax Provision": 1289000.0,
        "Pretax Income": 11437000.0,
        "Other Income Expense": -1924000.0,
        "Other Non Operating Income Expenses": NaN,
        "Special Income Charges": -1924000.0,
        "Other Special Charges": NaN,
        "Restructuring And Mergern Acquisition": 1924000.0,
        "Net Non Operating Interest Income Expense": -3829000.0,
        "Interest Expense Non Operating": 3829000.0,
        "Operating Income": 17190000.0,
        "Operating Expense": 35486000.0,
        "Selling General And Administration": 35486000.0,
        "Gross Profit": 52676000.0,
        "Cost Of Revenue": 148736000.0,
        "Total Revenue": 201412000.0,
        "Operating Revenue": 201412000.0
    },
    "2024-12-31": {
        "Tax Effect Of Unusual Items": -2236.508405,
        "Tax Rate For Calcs": 0.00118,
        "Normalized EBITDA": 20604000.0,
        "Total Unusual Items": -1896000.0,
        "Total Unusual Items Excluding Goodwill": -1896000.0,
        "Net Income From Continuing Operation Net Minority Interest": 6774000.0,
        "Reconciled Depreciation": 8309000.0,
        "Reconciled Cost Of Revenue": 150885000.0,
        "EBITDA": 18708000.0,
        "EBIT": 10399000.0,
        "Net Interest Income": -3617000.0,
        "Interest Expense": 3617000.0,
        "Normalized Income": 8667763.491595,
        "Net Income From Continuing And Discontinued Operation": 6774000.0,
        "Total Expenses": 184997000.0,
        "Total Operating Income As Reported": 10399000.0,
        "Diluted Average Shares": 15098000.0,
        "Basic Average Shares": 14820000.0,
        "Diluted EPS": 0.45,
        "Basic EPS": 0.46,
        "Diluted NI Availto Com Stockholders": 6774000.0,
        "Net Income Common Stockholders": 6774000.0,
        "Net Income": 6774000.0,
        "Net Income Including Noncontrolling Interests": 6774000.0,
        "Net Income Continuous Operations": 6774000.0,
        "Tax Provision": 8000.0,
        "Pretax Income": 6782000.0,
        "Other Income Expense": -1896000.0,
        "Other Non Operating Income Expenses": NaN,
        "Special Income Charges": -1896000.0,
        "Other Special Charges": NaN,
        "Restructuring And Mergern Acquisition": 1896000.0,
        "Net Non Operating Interest Income Expense": -3617000.0,
        "Interest Expense Non Operating": 3617000.0,
        "Operating Income": 12295000.0,
        "Operating Expense": 34112000.0,
        "Selling General And Administration": 34112000.0,
        "Gross Profit": 46407000.0,
        "Cost Of Revenue": 150885000.0,
        "Total Revenue": 197292000.0,
        "Operating Revenue": 197292000.0
    },
    "2025-03-31": {
        "Tax Effect Of Unusual Items": -89886.0,
        "Tax Rate For Calcs": 0.211,
        "Normalized EBITDA": 25587000.0,
        "Total Unusual Items": -426000.0,
        "Total Unusual Items Excluding Goodwill": -426000.0,
        "Net Income From Continuing Operation Net Minority Interest": 10511000.0,
        "Reconciled Depreciation": 8584000.0,
        "Reconciled Cost Of Revenue": 142517000.0,
        "EBITDA": 25161000.0,
        "EBIT": 16577000.0,
        "Net Interest Income": -3263000.0,
        "Interest Expense": 3263000.0,
        "Normalized Income": 10847114.0,
        "Net Income From Continuing And Discontinued Operation": 10511000.0,
        "Total Expenses": 177111000.0,
        "Total Operating Income As Reported": 16577000.0,
        "Diluted Average Shares": 15177000.0,
        "Basic Average Shares": 14856000.0,
        "Diluted EPS": 0.69,
        "Basic EPS": 0.71,
        "Diluted NI Availto Com Stockholders": 10511000.0,
        "Net Income Common Stockholders": 10511000.0,
        "Net Income": 10511000.0,
        "Net Income Including Noncontrolling Interests": 10511000.0,
        "Net Income Continuous Operations": 10511000.0,
        "Tax Provision": 2803000.0,
        "Pretax Income": 13314000.0,
        "Other Income Expense": -426000.0,
        "Other Non Operating Income Expenses": NaN,
        "Special Income Charges": -426000.0,
        "Other Special Charges": NaN,
        "Restructuring And Mergern Acquisition": 426000.0,
        "Net Non Operating Interest Income Expense": -3263000.0,
        "Interest Expense Non Operating": 3263000.0,
        "Operating Income": 17003000.0,
        "Operating Expense": 34594000.0,
        "Selling General And Administration": 34594000.0,
        "Gross Profit": 51597000.0,
        "Cost Of Revenue": 142517000.0,
        "Total Revenue": 194114000.0,
        "Operating Revenue": 194114000.0
    },
    "2025-06-30": {
        "Tax Effect Of Unusual Items": -128257.464328,
        "Tax Rate For Calcs": 0.21095,
        "Normalized EBITDA": 27798000.0,
        "Total Unusual Items": -608000.0,
        "Total Unusual Items Excluding Goodwill": -608000.0,
        "Net Income From Continuing Operation Net Minority Interest": 12553000.0,
        "Reconciled Depreciation": 8273000.0,
        "Reconciled Cost Of Revenue": 148522000.0,
        "EBITDA": 27190000.0,
        "EBIT": 18917000.0,
        "Net Interest Income": -3008000.0,
        "Interest Expense": 3008000.0,
        "Normalized Income": 13032742.535672,
        "Net Income From Continuing And Discontinued Operation": 12553000.0,
        "Total Expenses": 184481000.0,
        "Total Operating Income As Reported": 17171000.0,
        "Diluted Average Shares": 15216000.0,
        "Basic Average Shares": 14938000.0,
        "Diluted EPS": 0.82,
        "Basic EPS": 0.84,
        "Diluted NI Availto Com Stockholders": 12553000.0,
        "Net Income Common Stockholders": 12553000.0,
        "Net Income": 12553000.0,
        "Net Income Including Noncontrolling Interests": 12553000.0,
        "Net Income Continuous Operations": 12553000.0,
        "Tax Provision": 3356000.0,
        "Pretax Income": 15909000.0,
        "Other Income Expense": 1138000.0,
        "Other Non Operating Income Expenses": 1746000.0,
        "Special Income Charges": -608000.0,
        "Other Special Charges": NaN,
        "Restructuring And Mergern Acquisition": 608000.0,
        "Net Non Operating Interest Income Expense": -3008000.0,
        "Interest Expense Non Operating": 3008000.0,
        "Operating Income": 17779000.0,
        "Operating Expense": 35959000.0,
        "Selling General And Administration": 35959000.0,
        "Gross Profit": 53738000.0,
        "Cost Of Revenue": 148522000.0,
        "Total Revenue": 202260000.0,
        "Operating Revenue": 202260000.0
    },
    "2025-09-30": {
        "Tax Effect Of Unusual Items": -22390312.954192,
        "Tax Rate For Calcs": 0.223327,
        "Normalized EBITDA": 28546000.0,
        "Total Unusual Items": -100258000.0,
        "Total Unusual Items Excluding Goodwill": -100258000.0,
        "Net Income From Continuing Operation Net Minority Interest": -64446000.0,
        "Reconciled Depreciation": 8338000.0,
        "Reconciled Cost Of Revenue": 156083000.0,
        "EBITDA": -71712000.0,
        "EBIT": -80050000.0,
        "Net Interest Income": -2927000.0,
        "Interest Expense": 2927000.0,
        "Normalized Income": 13421687.045808,
        "Net Income From Continuing And Discontinued Operation": -64446000.0,
        "Total Expenses": 192350000.0,
        "Total Operating Income As Reported": -80050000.0,
        "Diluted Average Shares": 14978000.0,
        "Basic Average Shares": 14978000.0,
        "Diluted EPS": -4.3,
        "Basic EPS": -4.3,
        "Diluted NI Availto Com Stockholders": -64446000.0,
        "Net Income Common Stockholders": -64446000.0,
        "Net Income": -64446000.0,
        "Net Income Including Noncontrolling Interests": -64446000.0,
        "Net Income Continuous Operations": -64446000.0,
        "Tax Provision": -18531000.0,
        "Pretax Income": -82977000.0,
        "Other Income Expense": -100258000.0,
        "Other Non Operating Income Expenses": NaN,
        "Special Income Charges": -100258000.0,
        "Other Special Charges": 99675000.0,
        "Restructuring And Mergern Acquisition": 583000.0,
        "Net Non Operating Interest Income Expense": -2927000.0,
        "Interest Expense Non Operating": 2927000.0,
        "Operating Income": 20208000.0,
        "Operating Expense": 36267000.0,
        "Selling General And Administration": 36267000.0,
        "Gross Profit": 56475000.0,
        "Cost Of Revenue": 156083000.0,
        "Total Revenue": 212558000.0,
        "Operating Revenue": 212558000.0
    }
}