{
    "2023-03-31": {
        "Tax Effect Of Unusual Items": 0.0,
        "Tax Rate For Calcs": 0.0,
        "Normalized EBITDA": -52649000.0,
        "Net Income From Continuing Operation Net Minority Interest": -49609000.0,
        "Reconciled Depreciation": 608000.0,
        "Reconciled Cost Of Revenue": 488000.0,
        "EBITDA": -52649000.0,
        "EBIT": -53257000.0,
        "Net Interest Income": 3648000.0,
        "Interest Income": 3648000.0,
        "Normalized Income": -49609000.0,
        "Net Income From Continuing And Discontinued Operation": -49609000.0,
        "Total Expenses": 86702000.0,
        "Total Operating Income As Reported": -53257000.0,
        "Diluted Average Shares": 82676624.0,
        "Basic Average Shares": 82676624.0,
        "Diluted EPS": -0.6,
        "Basic EPS": -0.6,
        "Diluted NI Availto Com Stockholders": -49609000.0,
        "Net Income Common Stockholders": -49609000.0,
        "Net Income": -49609000.0,
        "Net Income Including Noncontrolling Interests": -49609000.0,
        "Net Income Continuous Operations": -49609000.0,
        "Pretax Income": -49609000.0,
        "Net Non Operating Interest Income Expense": 3648000.0,
        "Interest Income Non Operating": 3648000.0,
        "Operating Income": -53257000.0,
        "Operating Expense": 86214000.0,
        "Research And Development": 54765000.0,
        "Selling General And Administration": 31449000.0,
        "Gross Profit": 32957000.0,
        "Cost Of Revenue": 488000.0,
        "Total Revenue": 33445000.0,
        "Operating Revenue": 33445000.0
    },
    "2022-12-31": {
        "Tax Effect Of Unusual Items": 0.0,
        "Tax Rate For Calcs": 0.0,
        "Normalized EBITDA": -46560000.0,
        "Net Income From Continuing Operation Net Minority Interest": -45935000.0,
        "Reconciled Depreciation": 601000.0,
        "Reconciled Cost Of Revenue": 3245000.0,
        "EBITDA": -46560000.0,
        "EBIT": -47161000.0,
        "Net Interest Income": 1948000.0,
        "Interest Income": 1948000.0,
        "Normalized Income": -45935000.0,
        "Net Income From Continuing And Discontinued Operation": -45935000.0,
        "Total Expenses": 83506000.0,
        "Total Operating Income As Reported": -47161000.0,
        "Diluted Average Shares": 76440793.0,
        "Basic Average Shares": 76440793.0,
        "Diluted EPS": -0.6,
        "Basic EPS": -0.6,
        "Diluted NI Availto Com Stockholders": -45935000.0,
        "Net Income Common Stockholders": -45935000.0,
        "Net Income": -45935000.0,
        "Net Income Including Noncontrolling Interests": -45935000.0,
        "Net Income Continuous Operations": -45935000.0,
        "Pretax Income": -45213000.0,
        "Net Non Operating Interest Income Expense": 1948000.0,
        "Interest Income Non Operating": 1948000.0,
        "Operating Income": -47161000.0,
        "Operating Expense": 80261000.0,
        "Research And Development": 48066000.0,
        "Selling General And Administration": 32195000.0,
        "Gross Profit": 33100000.0,
        "Cost Of Revenue": 3245000.0,
        "Total Revenue": 36345000.0,
        "Operating Revenue": 36345000.0
    },
    "2022-09-30": {
        "Tax Effect Of Unusual Items": 0.0,
        "Tax Rate For Calcs": 0.0,
        "Normalized EBITDA": -44139000.0,
        "Net Income From Continuing Operation Net Minority Interest": -43043000.0,
        "Reconciled Depreciation": 742000.0,
        "Reconciled Cost Of Revenue": 3344000.0,
        "EBITDA": -44139000.0,
        "EBIT": -44881000.0,
        "Net Interest Income": 1838000.0,
        "Interest Income": 1838000.0,
        "Normalized Income": -43043000.0,
        "Net Income From Continuing And Discontinued Operation": -43043000.0,
        "Total Expenses": 80855000.0,
        "Total Operating Income As Reported": -44881000.0,
        "Diluted Average Shares": 78206647.0,
        "Basic Average Shares": 78206647.0,
        "Diluted EPS": -0.55,
        "Basic EPS": -0.55,
        "Diluted NI Availto Com Stockholders": -43043000.0,
        "Net Income Common Stockholders": -43043000.0,
        "Net Income": -43043000.0,
        "Net Income Including Noncontrolling Interests": -43043000.0,
        "Net Income Continuous Operations": -43043000.0,
        "Tax Provision": NaN,
        "Pretax Income": -43043000.0,
        "Net Non Operating Interest Income Expense": 1838000.0,
        "Interest Income Non Operating": 1838000.0,
        "Operating Income": -44881000.0,
        "Operating Expense": 77511000.0,
        "Research And Development": 47485000.0,
        "Selling General And Administration": 30026000.0,
        "Gross Profit": 32630000.0,
        "Cost Of Revenue": 3344000.0,
        "Total Revenue": 35974000.0,
        "Operating Revenue": 35974000.0
    },
    "2022-06-30": {
        "Tax Effect Of Unusual Items": 0.0,
        "Tax Rate For Calcs": 0.0,
        "Normalized EBITDA": -42968000.0,
        "Net Income From Continuing Operation Net Minority Interest": -43061000.0,
        "Reconciled Depreciation": 820000.0,
        "Reconciled Cost Of Revenue": 1799000.0,
        "EBITDA": -42968000.0,
        "EBIT": -43788000.0,
        "Net Interest Income": 727000.0,
        "Interest Income": 727000.0,
        "Normalized Income": -43061000.0,
        "Net Income From Continuing And Discontinued Operation": -43061000.0,
        "Total Expenses": 76282000.0,
        "Total Operating Income As Reported": -43788000.0,
        "Diluted Average Shares": 72133428.0,
        "Basic Average Shares": 72133428.0,
        "Diluted EPS": -0.6,
        "Basic EPS": -0.6,
        "Diluted NI Availto Com Stockholders": -43061000.0,
        "Net Income Common Stockholders": -43061000.0,
        "Net Income": -43061000.0,
        "Net Income Including Noncontrolling Interests": -43061000.0,
        "Net Income Continuous Operations": -43061000.0,
        "Tax Provision": NaN,
        "Pretax Income": -43061000.0,
        "Net Non Operating Interest Income Expense": 727000.0,
        "Interest Income Non Operating": 727000.0,
        "Operating Income": -43788000.0,
        "Operating Expense": 74483000.0,
        "Research And Development": 44858000.0,
        "Selling General And Administration": 29625000.0,
        "Gross Profit": 30695000.0,
        "Cost Of Revenue": 1799000.0,
        "Total Revenue": 32494000.0,
        "Operating Revenue": 32494000.0
    },
    "2022-03-31": {
        "Diluted EPS": -0.8,
        "Total Revenue": 29,
        "Gross Profit": 29,
        "Operating Income": -47,
        "EBIT": -46,
        "Net Income": -47
    },
    "2021-12-31": {
        "Diluted EPS": -1.52,
        "Total Revenue": 24,
        "Gross Profit": 24,
        "Operating Income": -88,
        "EBIT": -88,
        "Net Income": -88
    },
    "2021-09-30": {
        "Diluted EPS": -1.37,
        "Total Revenue": 23,
        "Gross Profit": 22,
        "Operating Income": -80,
        "EBIT": -79,
        "Net Income": -80
    },
    "2021-06-30": {
        "Diluted EPS": -1.21,
        "Total Revenue": 24,
        "Gross Profit": 22,
        "Operating Income": -71,
        "EBIT": -70,
        "Net Income": -70
    },
    "2021-03-31": {
        "Diluted EPS": -1.06,
        "Total Revenue": 25,
        "Gross Profit": 25,
        "Operating Income": -61,
        "EBIT": -61,
        "Net Income": -61
    },
    "2020-12-31": {
        "Diluted EPS": -1.09,
        "Total Revenue": 19,
        "Gross Profit": 19,
        "Operating Income": -63,
        "EBIT": -62,
        "Net Income": -63
    },
    "2020-09-30": {
        "Diluted EPS": -1.13,
        "Total Revenue": 15,
        "Gross Profit": 15,
        "Operating Income": -64,
        "EBIT": -63,
        "Net Income": -64
    },
    "2020-06-30": {
        "Diluted EPS": -1.2,
        "Total Revenue": 7,
        "Gross Profit": 7,
        "Operating Income": -69,
        "EBIT": -68,
        "Net Income": -67
    },
    "2020-03-31": {
        "Diluted EPS": -1.36,
        "Total Revenue": 0,
        "Gross Profit": 0,
        "Operating Income": -75,
        "EBIT": -75,
        "Net Income": -73
    },
    "2019-12-31": {
        "Diluted EPS": -1.39,
        "Total Revenue": NaN,
        "Gross Profit": NaN,
        "Operating Income": -70,
        "EBIT": -70,
        "Net Income": -67
    },
    "2019-09-30": {
        "Diluted EPS": -1.28,
        "Total Revenue": NaN,
        "Gross Profit": NaN,
        "Operating Income": -58,
        "EBIT": -58,
        "Net Income": -56
    },
    "2019-06-30": {
        "Diluted EPS": -0.56,
        "Total Revenue": 25,
        "Gross Profit": 25,
        "Operating Income": -23,
        "EBIT": -23,
        "Net Income": -21
    },
    "2019-03-31": {
        "Diluted EPS": -1.25,
        "Total Revenue": NaN,
        "Gross Profit": NaN,
        "Operating Income": -49,
        "EBIT": -49,
        "Net Income": -47
    },
    "2018-12-31": {
        "Diluted EPS": -0.86,
        "Total Revenue": NaN,
        "Gross Profit": NaN,
        "Operating Income": -34,
        "EBIT": -34,
        "Net Income": -32
    },
    "2018-09-30": {
        "Diluted EPS": -0.65,
        "Total Revenue": NaN,
        "Gross Profit": NaN,
        "Operating Income": -26,
        "EBIT": -26,
        "Net Income": -24
    },
    "2018-06-30": {
        "Diluted EPS": -0.65,
        "Total Revenue": NaN,
        "Gross Profit": NaN,
        "Operating Income": -22,
        "EBIT": -22,
        "Net Income": -22
    },
    "2018-03-31": {
        "Diluted EPS": -0.66,
        "Total Revenue": NaN,
        "Gross Profit": NaN,
        "Operating Income": -22,
        "EBIT": -22,
        "Net Income": -21
    },
    "2017-12-31": {
        "Diluted EPS": -0.62,
        "Total Revenue": NaN,
        "Gross Profit": NaN,
        "Operating Income": -20,
        "EBIT": -20,
        "Net Income": -20
    },
    "2017-09-30": {
        "Diluted EPS": -1.04,
        "Total Revenue": NaN,
        "Gross Profit": NaN,
        "Operating Income": -12,
        "EBIT": -12,
        "Net Income": -12
    },
    "2017-06-30": {
        "Diluted EPS": -0.91,
        "Total Revenue": NaN,
        "Gross Profit": NaN,
        "Operating Income": -11,
        "EBIT": -11,
        "Net Income": -11
    },
    "2017-03-31": {
        "Diluted EPS": -0.66,
        "Total Revenue": NaN,
        "Gross Profit": NaN,
        "Operating Income": -8,
        "EBIT": -8,
        "Net Income": -8
    },
    "2016-12-31": {
        "Diluted EPS": 0.0,
        "Total Revenue": NaN,
        "Gross Profit": NaN,
        "Operating Income": NaN,
        "EBIT": NaN,
        "Net Income": NaN
    },
    "2015-12-31": {
        "Diluted EPS": 0.0,
        "Total Revenue": NaN,
        "Gross Profit": NaN,
        "Operating Income": NaN,
        "EBIT": NaN,
        "Net Income": NaN
    },
    "2023-06-30": {
        "Tax Effect Of Unusual Items": 0.0,
        "Tax Rate For Calcs": 0.0,
        "Normalized EBITDA": -52204000.0,
        "Net Income From Continuing Operation Net Minority Interest": -48562000.0,
        "Reconciled Depreciation": 571000.0,
        "Reconciled Cost Of Revenue": 173000.0,
        "EBITDA": -52204000.0,
        "EBIT": -52775000.0,
        "Net Interest Income": 4213000.0,
        "Interest Income": 4213000.0,
        "Normalized Income": -48562000.0,
        "Net Income From Continuing And Discontinued Operation": -48562000.0,
        "Total Expenses": 91079000.0,
        "Total Operating Income As Reported": -52775000.0,
        "Diluted Average Shares": 85020344.0,
        "Basic Average Shares": 85020344.0,
        "Diluted EPS": -0.57,
        "Basic EPS": -0.57,
        "Diluted NI Availto Com Stockholders": -48562000.0,
        "Net Income Common Stockholders": -48562000.0,
        "Net Income": -48562000.0,
        "Net Income Including Noncontrolling Interests": -48562000.0,
        "Net Income Continuous Operations": -48562000.0,
        "Pretax Income": -48562000.0,
        "Net Non Operating Interest Income Expense": 4213000.0,
        "Interest Income Non Operating": 4213000.0,
        "Operating Income": -52775000.0,
        "Operating Expense": 90906000.0,
        "Research And Development": 58296000.0,
        "Selling General And Administration": 32610000.0,
        "Gross Profit": 38131000.0,
        "Cost Of Revenue": 173000.0,
        "Total Revenue": 38304000.0,
        "Operating Revenue": 38304000.0
    },
    "2023-09-30": {
        "Tax Effect Of Unusual Items": 0.0,
        "Tax Rate For Calcs": 0.0,
        "Normalized EBITDA": -53223000.0,
        "Net Income From Continuing Operation Net Minority Interest": -49581000.0,
        "Reconciled Depreciation": 465000.0,
        "Reconciled Cost Of Revenue": 1286000.0,
        "EBITDA": -53223000.0,
        "EBIT": -53688000.0,
        "Net Interest Income": 4107000.0,
        "Interest Income": 4107000.0,
        "Normalized Income": -49581000.0,
        "Net Income From Continuing And Discontinued Operation": -49581000.0,
        "Total Expenses": 97001000.0,
        "Total Operating Income As Reported": -53688000.0,
        "Diluted Average Shares": 85788613.0,
        "Basic Average Shares": 85788613.0,
        "Diluted EPS": -0.58,
        "Basic EPS": -0.58,
        "Diluted NI Availto Com Stockholders": -49581000.0,
        "Net Income Common Stockholders": -49581000.0,
        "Net Income": -49581000.0,
        "Net Income Including Noncontrolling Interests": -49581000.0,
        "Net Income Continuous Operations": -49581000.0,
        "Pretax Income": -49581000.0,
        "Net Non Operating Interest Income Expense": 4107000.0,
        "Interest Income Non Operating": 4107000.0,
        "Operating Income": -53688000.0,
        "Operating Expense": 95715000.0,
        "Research And Development": 62463000.0,
        "Selling General And Administration": 33252000.0,
        "Gross Profit": 42027000.0,
        "Cost Of Revenue": 1286000.0,
        "Total Revenue": 43313000.0,
        "Operating Revenue": 43313000.0
    },
    "2023-12-31": {
        "Tax Effect Of Unusual Items": 0.0,
        "Tax Rate For Calcs": 0.0,
        "Normalized EBITDA": -50782000.0,
        "Net Income From Continuing Operation Net Minority Interest": -47190000.0,
        "Reconciled Depreciation": 456000.0,
        "Reconciled Cost Of Revenue": 1785000.0,
        "EBITDA": -50782000.0,
        "EBIT": -51238000.0,
        "Net Interest Income": 4479000.0,
        "Interest Income": 4479000.0,
        "Normalized Income": -47190000.0,
        "Net Income From Continuing And Discontinued Operation": -47190000.0,
        "Total Expenses": 99532000.0,
        "Total Operating Income As Reported": -51238000.0,
        "Diluted Average Shares": 86702025.0,
        "Basic Average Shares": 86702025.0,
        "Diluted EPS": -0.54,
        "Basic EPS": -0.54,
        "Diluted NI Availto Com Stockholders": -47190000.0,
        "Net Income Common Stockholders": -47190000.0,
        "Net Income": -47190000.0,
        "Net Income Including Noncontrolling Interests": -47190000.0,
        "Net Income Continuous Operations": -47190000.0,
        "Pretax Income": -46759000.0,
        "Net Non Operating Interest Income Expense": 4479000.0,
        "Interest Income Non Operating": 4479000.0,
        "Operating Income": -51238000.0,
        "Operating Expense": 97747000.0,
        "Research And Development": 58599000.0,
        "Selling General And Administration": 39148000.0,
        "Gross Profit": 46509000.0,
        "Cost Of Revenue": 1785000.0,
        "Total Revenue": 48294000.0,
        "Operating Revenue": 48294000.0
    },
    "2024-03-31": {
        "Tax Effect Of Unusual Items": 0.0,
        "Tax Rate For Calcs": 0.0,
        "Normalized EBITDA": -48397000.0,
        "Net Income From Continuing Operation Net Minority Interest": -45083000.0,
        "Reconciled Depreciation": 450000.0,
        "Reconciled Cost Of Revenue": 2088000.0,
        "EBITDA": -48397000.0,
        "EBIT": -48847000.0,
        "Net Interest Income": 3764000.0,
        "Interest Income": 3764000.0,
        "Normalized Income": -45083000.0,
        "Net Income From Continuing And Discontinued Operation": -45083000.0,
        "Total Expenses": 93846000.0,
        "Total Operating Income As Reported": -48847000.0,
        "Diluted Average Shares": 87388106.0,
        "Basic Average Shares": 87388106.0,
        "Diluted EPS": -0.52,
        "Basic EPS": -0.52,
        "Diluted NI Availto Com Stockholders": -45083000.0,
        "Net Income Common Stockholders": -45083000.0,
        "Net Income": -45083000.0,
        "Net Income Including Noncontrolling Interests": -45083000.0,
        "Net Income Continuous Operations": -45083000.0,
        "Pretax Income": -45083000.0,
        "Net Non Operating Interest Income Expense": 3764000.0,
        "Interest Income Non Operating": 3764000.0,
        "Operating Income": -48847000.0,
        "Operating Expense": 91758000.0,
        "Research And Development": 57834000.0,
        "Selling General And Administration": 33924000.0,
        "Gross Profit": 42911000.0,
        "Cost Of Revenue": 2088000.0,
        "Total Revenue": 44999000.0,
        "Operating Revenue": 44999000.0
    }
}