{
    "2023-03-31": {
        "Tax Effect Of Unusual Items": NaN,
        "Tax Rate For Calcs": NaN,
        "Normalized EBITDA": NaN,
        "Total Unusual Items": NaN,
        "Total Unusual Items Excluding Goodwill": NaN,
        "Net Income From Continuing Operation Net Minority Interest": NaN,
        "Reconciled Depreciation": NaN,
        "Reconciled Cost Of Revenue": NaN,
        "EBITDA": NaN,
        "EBIT": NaN,
        "Net Interest Income": NaN,
        "Interest Expense": NaN,
        "Interest Income": NaN,
        "Normalized Income": NaN,
        "Net Income From Continuing And Discontinued Operation": NaN,
        "Total Expenses": NaN,
        "Total Operating Income As Reported": NaN,
        "Diluted Average Shares": NaN,
        "Basic Average Shares": NaN,
        "Diluted EPS": NaN,
        "Basic EPS": NaN,
        "Diluted NI Availto Com Stockholders": NaN,
        "Net Income Common Stockholders": NaN,
        "Otherunder Preferred Stock Dividend": 88000.0,
        "Net Income": NaN,
        "Minority Interests": NaN,
        "Net Income Including Noncontrolling Interests": NaN,
        "Net Income Continuous Operations": NaN,
        "Earnings From Equity Interest Net Of Tax": NaN,
        "Tax Provision": NaN,
        "Pretax Income": NaN,
        "Other Income Expense": NaN,
        "Other Non Operating Income Expenses": NaN,
        "Special Income Charges": NaN,
        "Impairment Of Capital Assets": NaN,
        "Gain On Sale Of Security": NaN,
        "Net Non Operating Interest Income Expense": NaN,
        "Interest Expense Non Operating": NaN,
        "Interest Income Non Operating": NaN,
        "Operating Income": NaN,
        "Operating Expense": NaN,
        "Research And Development": NaN,
        "Selling General And Administration": NaN,
        "Gross Profit": NaN,
        "Cost Of Revenue": NaN,
        "Total Revenue": NaN,
        "Operating Revenue": NaN
    },
    "2022-12-31": {
        "Tax Effect Of Unusual Items": NaN,
        "Tax Rate For Calcs": NaN,
        "Normalized EBITDA": NaN,
        "Total Unusual Items": NaN,
        "Total Unusual Items Excluding Goodwill": NaN,
        "Net Income From Continuing Operation Net Minority Interest": NaN,
        "Reconciled Depreciation": NaN,
        "Reconciled Cost Of Revenue": NaN,
        "EBITDA": NaN,
        "EBIT": NaN,
        "Net Interest Income": NaN,
        "Interest Expense": NaN,
        "Interest Income": NaN,
        "Normalized Income": NaN,
        "Net Income From Continuing And Discontinued Operation": NaN,
        "Total Expenses": NaN,
        "Total Operating Income As Reported": NaN,
        "Diluted Average Shares": NaN,
        "Basic Average Shares": NaN,
        "Diluted EPS": NaN,
        "Basic EPS": NaN,
        "Diluted NI Availto Com Stockholders": NaN,
        "Net Income Common Stockholders": NaN,
        "Otherunder Preferred Stock Dividend": NaN,
        "Net Income": NaN,
        "Minority Interests": NaN,
        "Net Income Including Noncontrolling Interests": NaN,
        "Net Income Continuous Operations": NaN,
        "Earnings From Equity Interest Net Of Tax": NaN,
        "Tax Provision": NaN,
        "Pretax Income": NaN,
        "Other Income Expense": NaN,
        "Other Non Operating Income Expenses": -625000.0,
        "Special Income Charges": NaN,
        "Impairment Of Capital Assets": NaN,
        "Gain On Sale Of Security": NaN,
        "Net Non Operating Interest Income Expense": NaN,
        "Interest Expense Non Operating": NaN,
        "Interest Income Non Operating": NaN,
        "Operating Income": NaN,
        "Operating Expense": NaN,
        "Research And Development": NaN,
        "Selling General And Administration": NaN,
        "Gross Profit": NaN,
        "Cost Of Revenue": NaN,
        "Total Revenue": NaN,
        "Operating Revenue": NaN
    },
    "2022-09-30": {
        "Tax Effect Of Unusual Items": -160440.0,
        "Tax Rate For Calcs": 0.21,
        "Normalized EBITDA": -21610000.0,
        "Total Unusual Items": -764000.0,
        "Total Unusual Items Excluding Goodwill": -764000.0,
        "Net Income From Continuing Operation Net Minority Interest": -37398000.0,
        "Reconciled Depreciation": 10066000.0,
        "Reconciled Cost Of Revenue": 79583000.0,
        "EBITDA": -22374000.0,
        "EBIT": -32440000.0,
        "Net Interest Income": -2738000.0,
        "Interest Expense": 4767000.0,
        "Interest Income": 2029000.0,
        "Normalized Income": -36794440.0,
        "Net Income From Continuing And Discontinued Operation": -37398000.0,
        "Total Expenses": 165958000.0,
        "Total Operating Income As Reported": -33705000.0,
        "Diluted Average Shares": NaN,
        "Basic Average Shares": NaN,
        "Diluted EPS": NaN,
        "Basic EPS": NaN,
        "Diluted NI Availto Com Stockholders": -37860000.0,
        "Net Income Common Stockholders": -37860000.0,
        "Otherunder Preferred Stock Dividend": 462000.0,
        "Net Income": -37398000.0,
        "Minority Interests": 147000.0,
        "Net Income Including Noncontrolling Interests": -37545000.0,
        "Net Income Continuous Operations": -37545000.0,
        "Earnings From Equity Interest Net Of Tax": 0.0,
        "Tax Provision": 338000.0,
        "Pretax Income": -37207000.0,
        "Other Income Expense": -764000.0,
        "Other Non Operating Income Expenses": -4767000.0,
        "Special Income Charges": 0.0,
        "Impairment Of Capital Assets": 0.0,
        "Gain On Sale Of Security": -764000.0,
        "Net Non Operating Interest Income Expense": -2738000.0,
        "Interest Expense Non Operating": 4767000.0,
        "Interest Income Non Operating": 2029000.0,
        "Operating Income": -33705000.0,
        "Operating Expense": 86375000.0,
        "Research And Development": 20796000.0,
        "Selling General And Administration": 65579000.0,
        "Gross Profit": 52670000.0,
        "Cost Of Revenue": 79583000.0,
        "Total Revenue": 132253000.0,
        "Operating Revenue": 132253000.0
    },
    "2022-06-30": {
        "Tax Effect Of Unusual Items": -484400.0,
        "Tax Rate For Calcs": 0.4,
        "Normalized EBITDA": -21162000.0,
        "Total Unusual Items": -1211000.0,
        "Total Unusual Items Excluding Goodwill": -1211000.0,
        "Net Income From Continuing Operation Net Minority Interest": -32961000.0,
        "Reconciled Depreciation": 9051000.0,
        "Reconciled Cost Of Revenue": 86907000.0,
        "EBITDA": -22373000.0,
        "EBIT": -31424000.0,
        "Net Interest Income": 1540000.0,
        "Interest Expense": 285000.0,
        "Interest Income": 1825000.0,
        "Normalized Income": -32234400.0,
        "Net Income From Continuing And Discontinued Operation": -32961000.0,
        "Total Expenses": 172083000.0,
        "Total Operating Income As Reported": -32038000.0,
        "Diluted Average Shares": 127703000.0,
        "Basic Average Shares": 127703000.0,
        "Diluted EPS": -0.26,
        "Basic EPS": -0.26,
        "Diluted NI Availto Com Stockholders": -32961000.0,
        "Net Income Common Stockholders": -32961000.0,
        "Otherunder Preferred Stock Dividend": NaN,
        "Net Income": -32961000.0,
        "Minority Interests": 37000.0,
        "Net Income Including Noncontrolling Interests": -32998000.0,
        "Net Income Continuous Operations": -32998000.0,
        "Earnings From Equity Interest Net Of Tax": NaN,
        "Tax Provision": 1289000.0,
        "Pretax Income": -31709000.0,
        "Other Income Expense": -1211000.0,
        "Other Non Operating Income Expenses": -285000.0,
        "Gain On Sale Of Security": -1211000.0,
        "Net Non Operating Interest Income Expense": 1540000.0,
        "Total Other Finance Cost": NaN,
        "Interest Expense Non Operating": 285000.0,
        "Interest Income Non Operating": 1825000.0,
        "Operating Income": -32038000.0,
        "Operating Expense": 85176000.0,
        "Research And Development": 20772000.0,
        "Selling General And Administration": 64404000.0,
        "Gross Profit": 53138000.0,
        "Cost Of Revenue": 86907000.0,
        "Total Revenue": 140045000.0,
        "Operating Revenue": 140045000.0
    },
    "2022-03-31": {
        "Diluted EPS": -0.21,
        "Total Revenue": 133,
        "Gross Profit": 54,
        "Operating Income": -23,
        "EBIT": -14,
        "Net Income": -27
    },
    "2021-12-31": {
        "Diluted EPS": -0.07,
        "Total Revenue": 151,
        "Gross Profit": 66,
        "Operating Income": -4,
        "EBIT": 4,
        "Net Income": -6
    },
    "2021-09-30": {
        "Diluted EPS": 2.34,
        "Total Revenue": 156,
        "Gross Profit": 64,
        "Operating Income": -17,
        "EBIT": -9,
        "Net Income": 293
    },
    "2021-06-30": {
        "Diluted EPS": -0.08,
        "Total Revenue": 163,
        "Gross Profit": 69,
        "Operating Income": -10,
        "EBIT": -1,
        "Net Income": -10
    },
    "2021-03-31": {
        "Diluted EPS": 0.36,
        "Total Revenue": 146,
        "Gross Profit": 64,
        "Operating Income": -2,
        "EBIT": 7,
        "Net Income": 45
    },
    "2020-12-31": {
        "Diluted EPS": -0.16,
        "Total Revenue": 173,
        "Gross Profit": 72,
        "Operating Income": 1,
        "EBIT": 10,
        "Net Income": -20
    },
    "2020-09-30": {
        "Diluted EPS": -0.61,
        "Total Revenue": 136,
        "Gross Profit": 59,
        "Operating Income": -68,
        "EBIT": -56,
        "Net Income": -73
    },
    "2020-06-30": {
        "Diluted EPS": -0.33,
        "Total Revenue": 113,
        "Gross Profit": 35,
        "Operating Income": -34,
        "EBIT": -23,
        "Net Income": -38
    },
    "2020-03-31": {
        "Diluted EPS": -0.17,
        "Total Revenue": 136,
        "Gross Profit": 57,
        "Operating Income": -18,
        "EBIT": -7,
        "Net Income": -19
    },
    "2019-12-31": {
        "Diluted EPS": -0.03,
        "Total Revenue": 172,
        "Gross Profit": 74,
        "Operating Income": -5,
        "EBIT": 6,
        "Net Income": -5
    },
    "2019-09-30": {
        "Diluted EPS": -0.15,
        "Total Revenue": 155,
        "Gross Profit": 67,
        "Operating Income": -12,
        "EBIT": 1,
        "Net Income": -17
    },
    "2019-06-30": {
        "Diluted EPS": -0.21,
        "Total Revenue": 157,
        "Gross Profit": 73,
        "Operating Income": -19,
        "EBIT": -6,
        "Net Income": -24
    },
    "2019-03-31": {
        "Diluted EPS": -0.22,
        "Total Revenue": 152,
        "Gross Profit": 66,
        "Operating Income": -21,
        "EBIT": -8,
        "Net Income": -24
    },
    "2018-12-31": {
        "Diluted EPS": -0.04,
        "Total Revenue": 185,
        "Gross Profit": 83,
        "Operating Income": -7,
        "EBIT": 7,
        "Net Income": -4
    },
    "2018-09-30": {
        "Diluted EPS": -0.1,
        "Total Revenue": 165,
        "Gross Profit": 78,
        "Operating Income": -11,
        "EBIT": 4,
        "Net Income": -12
    },
    "2018-06-30": {
        "Diluted EPS": -0.08,
        "Total Revenue": 177,
        "Gross Profit": 86,
        "Operating Income": -8,
        "EBIT": 7,
        "Net Income": -9
    },
    "2018-03-31": {
        "Diluted EPS": -0.19,
        "Total Revenue": 166,
        "Gross Profit": 78,
        "Operating Income": -17,
        "EBIT": -2,
        "Net Income": -21
    },
    "2017-12-31": {
        "Diluted EPS": -0.08,
        "Total Revenue": 177,
        "Gross Profit": 85,
        "Operating Income": -6,
        "EBIT": 10,
        "Net Income": -10
    },
    "2017-09-30": {
        "Diluted EPS": -0.34,
        "Total Revenue": 153,
        "Gross Profit": 59,
        "Operating Income": -32,
        "EBIT": -17,
        "Net Income": -38
    },
    "2017-06-30": {
        "Diluted EPS": -0.08,
        "Total Revenue": 159,
        "Gross Profit": 81,
        "Operating Income": -7,
        "EBIT": 9,
        "Net Income": -8
    },
    "2017-03-31": {
        "Diluted EPS": -0.09,
        "Total Revenue": 156,
        "Gross Profit": 80,
        "Operating Income": -9,
        "EBIT": 6,
        "Net Income": -10
    },
    "2016-12-31": {
        "Diluted EPS": 0.04,
        "Total Revenue": 166,
        "Gross Profit": 83,
        "Operating Income": 4,
        "EBIT": 19,
        "Net Income": 5
    },
    "2016-09-30": {
        "Diluted EPS": -0.19,
        "Total Revenue": 156,
        "Gross Profit": 69,
        "Operating Income": -22,
        "EBIT": -7,
        "Net Income": -21
    },
    "2016-06-30": {
        "Diluted EPS": -0.04,
        "Total Revenue": 158,
        "Gross Profit": 80,
        "Operating Income": -4,
        "EBIT": 12,
        "Net Income": -5
    },
    "2016-03-31": {
        "Diluted EPS": -0.16,
        "Total Revenue": 153,
        "Gross Profit": 78,
        "Operating Income": -17,
        "EBIT": -2,
        "Net Income": -18
    },
    "2015-12-31": {
        "Diluted EPS": -5.32,
        "Total Revenue": 183,
        "Gross Profit": 60,
        "Operating Income": -566,
        "EBIT": -547,
        "Net Income": -596
    },
    "2015-09-30": {
        "Diluted EPS": -0.29,
        "Total Revenue": 152,
        "Gross Profit": 71,
        "Operating Income": -35,
        "EBIT": -13,
        "Net Income": -32
    },
    "2015-06-30": {
        "Diluted EPS": -0.12,
        "Total Revenue": 171,
        "Gross Profit": 82,
        "Operating Income": -24,
        "EBIT": -1,
        "Net Income": -14
    },
    "2015-03-31": {
        "Diluted EPS": -0.12,
        "Total Revenue": 161,
        "Gross Profit": 79,
        "Operating Income": -18,
        "EBIT": 2,
        "Net Income": -13
    },
    "2014-12-31": {
        "Diluted EPS": 0.01,
        "Total Revenue": 187,
        "Gross Profit": 90,
        "Operating Income": 4,
        "EBIT": 20,
        "Net Income": 2
    },
    "2014-09-30": {
        "Diluted EPS": 0.03,
        "Total Revenue": 167,
        "Gross Profit": 80,
        "Operating Income": 8,
        "EBIT": 23,
        "Net Income": 3
    },
    "2014-06-30": {
        "Diluted EPS": 0.02,
        "Total Revenue": 152,
        "Gross Profit": 72,
        "Operating Income": 4,
        "EBIT": 16,
        "Net Income": 2
    },
    "2014-03-31": {
        "Diluted EPS": 0.05,
        "Total Revenue": 148,
        "Gross Profit": 75,
        "Operating Income": 10,
        "EBIT": 22,
        "Net Income": 5
    },
    "2013-12-31": {
        "Diluted EPS": 0.12,
        "Total Revenue": 155,
        "Gross Profit": 80,
        "Operating Income": 18,
        "EBIT": 26,
        "Net Income": 11
    },
    "2013-09-30": {
        "Diluted EPS": 0.17,
        "Total Revenue": 136,
        "Gross Profit": 71,
        "Operating Income": 29,
        "EBIT": 37,
        "Net Income": 18
    },
    "2013-06-30": {
        "Diluted EPS": 0.1,
        "Total Revenue": 121,
        "Gross Profit": 63,
        "Operating Income": 17,
        "EBIT": 24,
        "Net Income": 9
    },
    "2013-03-31": {
        "Diluted EPS": 0.06,
        "Total Revenue": 102,
        "Gross Profit": 53,
        "Operating Income": 18,
        "EBIT": 24,
        "Net Income": 6
    },
    "2012-12-31": {
        "Diluted EPS": 0.13,
        "Total Revenue": 102,
        "Gross Profit": 52,
        "Operating Income": 18,
        "EBIT": 24,
        "Net Income": 11
    },
    "2012-09-30": {
        "Diluted EPS": 0.16,
        "Total Revenue": 91,
        "Gross Profit": 47,
        "Operating Income": 18,
        "EBIT": 24,
        "Net Income": 14
    },
    "2012-06-30": {
        "Diluted EPS": 0.11,
        "Total Revenue": 84,
        "Gross Profit": 43,
        "Operating Income": 14,
        "EBIT": 19,
        "Net Income": 8
    },
    "2012-03-31": {
        "Diluted EPS": 0.08,
        "Total Revenue": 78,
        "Gross Profit": 39,
        "Operating Income": 10,
        "EBIT": 15,
        "Net Income": 6
    },
    "2011-12-31": {
        "Diluted EPS": 0.11,
        "Total Revenue": 70,
        "Gross Profit": 33,
        "Operating Income": 11,
        "EBIT": 14,
        "Net Income": 8
    },
    "2011-09-30": {
        "Diluted EPS": 0.09,
        "Total Revenue": 58,
        "Gross Profit": 28,
        "Operating Income": 9,
        "EBIT": 11,
        "Net Income": 7
    },
    "2011-06-30": {
        "Diluted EPS": 0.17,
        "Total Revenue": 55,
        "Gross Profit": 25,
        "Operating Income": 8,
        "EBIT": 11,
        "Net Income": 13
    },
    "2011-03-31": {
        "Diluted EPS": 0.09,
        "Total Revenue": 48,
        "Gross Profit": 23,
        "Operating Income": 7,
        "EBIT": 10,
        "Net Income": 7
    },
    "2010-12-31": {
        "Diluted EPS": 0.14,
        "Total Revenue": 52,
        "Gross Profit": 25,
        "Operating Income": 10,
        "EBIT": 12,
        "Net Income": 9
    },
    "2010-09-30": {
        "Diluted EPS": 0.07,
        "Total Revenue": 42,
        "Gross Profit": 19,
        "Operating Income": 5,
        "EBIT": 7,
        "Net Income": 5
    },
    "2010-06-30": {
        "Diluted EPS": 0.04,
        "Total Revenue": 35,
        "Gross Profit": 16,
        "Operating Income": 3,
        "EBIT": 5,
        "Net Income": 3
    },
    "2010-03-31": {
        "Diluted EPS": 0.03,
        "Total Revenue": 32,
        "Gross Profit": 14,
        "Operating Income": 3,
        "EBIT": 4,
        "Net Income": 2
    },
    "2009-12-31": {
        "Diluted EPS": 0.05,
        "Total Revenue": 36,
        "Gross Profit": 16,
        "Operating Income": 4,
        "EBIT": 6,
        "Net Income": 4
    },
    "2009-09-30": {
        "Diluted EPS": 0.01,
        "Total Revenue": 28,
        "Gross Profit": 12,
        "Operating Income": 1,
        "EBIT": 2,
        "Net Income": 1
    },
    "2009-06-30": {
        "Diluted EPS": -0.02,
        "Total Revenue": 25,
        "Gross Profit": 11,
        "Operating Income": -1,
        "EBIT": 1,
        "Net Income": -1
    },
    "2009-03-31": {
        "Diluted EPS": -0.03,
        "Total Revenue": 24,
        "Gross Profit": 10,
        "Operating Income": -2,
        "EBIT": 0,
        "Net Income": -2
    },
    "2023-06-30": {
        "Tax Effect Of Unusual Items": NaN,
        "Tax Rate For Calcs": NaN,
        "Normalized EBITDA": NaN,
        "Total Unusual Items": NaN,
        "Total Unusual Items Excluding Goodwill": NaN,
        "Net Income From Continuing Operation Net Minority Interest": NaN,
        "Reconciled Depreciation": NaN,
        "Reconciled Cost Of Revenue": NaN,
        "EBITDA": NaN,
        "EBIT": NaN,
        "Net Interest Income": NaN,
        "Interest Expense": 939000.0,
        "Interest Income": NaN,
        "Normalized Income": NaN,
        "Net Income From Continuing And Discontinued Operation": NaN,
        "Total Expenses": NaN,
        "Total Operating Income As Reported": NaN,
        "Diluted Average Shares": NaN,
        "Basic Average Shares": NaN,
        "Diluted EPS": NaN,
        "Basic EPS": NaN,
        "Diluted NI Availto Com Stockholders": NaN,
        "Net Income Common Stockholders": NaN,
        "Otherunder Preferred Stock Dividend": NaN,
        "Net Income": NaN,
        "Minority Interests": NaN,
        "Net Income Including Noncontrolling Interests": NaN,
        "Net Income Continuous Operations": NaN,
        "Earnings From Equity Interest Net Of Tax": NaN,
        "Tax Provision": NaN,
        "Pretax Income": NaN,
        "Other Income Expense": NaN,
        "Other Non Operating Income Expenses": 83000.0,
        "Special Income Charges": NaN,
        "Impairment Of Capital Assets": NaN,
        "Gain On Sale Of Security": NaN,
        "Net Non Operating Interest Income Expense": NaN,
        "Interest Expense Non Operating": 939000.0,
        "Interest Income Non Operating": NaN,
        "Operating Income": NaN,
        "Operating Expense": NaN,
        "Research And Development": NaN,
        "Selling General And Administration": NaN,
        "Gross Profit": NaN,
        "Cost Of Revenue": NaN,
        "Total Revenue": NaN,
        "Operating Revenue": NaN
    },
    "2023-09-30": {
        "Tax Effect Of Unusual Items": NaN,
        "Tax Rate For Calcs": NaN,
        "Normalized EBITDA": NaN,
        "Total Unusual Items": NaN,
        "Total Unusual Items Excluding Goodwill": NaN,
        "Net Income From Continuing Operation Net Minority Interest": NaN,
        "Reconciled Depreciation": NaN,
        "Reconciled Cost Of Revenue": NaN,
        "EBITDA": NaN,
        "EBIT": NaN,
        "Net Interest Income": NaN,
        "Interest Expense": NaN,
        "Interest Income": NaN,
        "Normalized Income": NaN,
        "Net Income From Continuing And Discontinued Operation": NaN,
        "Total Expenses": NaN,
        "Total Operating Income As Reported": NaN,
        "Diluted Average Shares": NaN,
        "Basic Average Shares": NaN,
        "Diluted EPS": NaN,
        "Basic EPS": NaN,
        "Diluted NI Availto Com Stockholders": NaN,
        "Net Income Common Stockholders": NaN,
        "Otherunder Preferred Stock Dividend": 61000.0,
        "Net Income": NaN,
        "Minority Interests": NaN,
        "Net Income Including Noncontrolling Interests": NaN,
        "Net Income Continuous Operations": NaN,
        "Earnings From Equity Interest Net Of Tax": NaN,
        "Tax Provision": NaN,
        "Pretax Income": NaN,
        "Other Income Expense": NaN,
        "Other Non Operating Income Expenses": NaN,
        "Special Income Charges": NaN,
        "Impairment Of Capital Assets": 13597000.0,
        "Restructuring And Mergern Acquisition": NaN,
        "Gain On Sale Of Security": NaN,
        "Net Non Operating Interest Income Expense": NaN,
        "Interest Expense Non Operating": NaN,
        "Interest Income Non Operating": NaN,
        "Operating Income": NaN,
        "Operating Expense": NaN,
        "Research And Development": NaN,
        "Selling General And Administration": NaN,
        "General And Administrative Expense": NaN,
        "Other Gand A": NaN,
        "Gross Profit": NaN,
        "Cost Of Revenue": NaN,
        "Total Revenue": NaN,
        "Operating Revenue": NaN
    },
    "2023-12-31": {
        "Tax Effect Of Unusual Items": NaN,
        "Tax Rate For Calcs": NaN,
        "Normalized EBITDA": NaN,
        "Total Unusual Items": NaN,
        "Total Unusual Items Excluding Goodwill": NaN,
        "Net Income From Continuing Operation Net Minority Interest": NaN,
        "Reconciled Depreciation": NaN,
        "Reconciled Cost Of Revenue": NaN,
        "EBITDA": NaN,
        "EBIT": NaN,
        "Net Interest Income": NaN,
        "Interest Expense": NaN,
        "Interest Income": NaN,
        "Normalized Income": NaN,
        "Net Income From Continuing And Discontinued Operation": NaN,
        "Total Expenses": NaN,
        "Total Operating Income As Reported": NaN,
        "Diluted Average Shares": NaN,
        "Basic Average Shares": NaN,
        "Diluted EPS": NaN,
        "Basic EPS": NaN,
        "Diluted NI Availto Com Stockholders": NaN,
        "Net Income Common Stockholders": NaN,
        "Otherunder Preferred Stock Dividend": NaN,
        "Net Income": NaN,
        "Minority Interests": NaN,
        "Net Income Including Noncontrolling Interests": NaN,
        "Net Income Continuous Operations": NaN,
        "Earnings From Equity Interest Net Of Tax": NaN,
        "Tax Provision": NaN,
        "Pretax Income": NaN,
        "Other Income Expense": NaN,
        "Other Non Operating Income Expenses": NaN,
        "Special Income Charges": NaN,
        "Gain On Sale Of Business": NaN,
        "Impairment Of Capital Assets": 289190000.0,
        "Restructuring And Mergern Acquisition": NaN,
        "Gain On Sale Of Security": NaN,
        "Net Non Operating Interest Income Expense": NaN,
        "Interest Expense Non Operating": NaN,
        "Interest Income Non Operating": NaN,
        "Operating Income": NaN,
        "Operating Expense": NaN,
        "Research And Development": NaN,
        "Selling General And Administration": NaN,
        "General And Administrative Expense": NaN,
        "Other Gand A": NaN,
        "Gross Profit": NaN,
        "Cost Of Revenue": NaN,
        "Total Revenue": NaN,
        "Operating Revenue": NaN
    },
    "2024-03-31": {
        "Tax Effect Of Unusual Items": NaN,
        "Tax Rate For Calcs": NaN,
        "Normalized EBITDA": NaN,
        "Total Unusual Items": NaN,
        "Total Unusual Items Excluding Goodwill": NaN,
        "Net Income From Continuing Operation Net Minority Interest": NaN,
        "Reconciled Depreciation": NaN,
        "Reconciled Cost Of Revenue": NaN,
        "EBITDA": NaN,
        "EBIT": NaN,
        "Net Interest Income": NaN,
        "Interest Expense": NaN,
        "Interest Income": NaN,
        "Normalized Income": NaN,
        "Net Income From Continuing And Discontinued Operation": NaN,
        "Total Expenses": NaN,
        "Total Operating Income As Reported": NaN,
        "Diluted Average Shares": NaN,
        "Basic Average Shares": NaN,
        "Diluted EPS": NaN,
        "Basic EPS": NaN,
        "Diluted NI Availto Com Stockholders": NaN,
        "Net Income Common Stockholders": NaN,
        "Otherunder Preferred Stock Dividend": 75000.0,
        "Net Income": NaN,
        "Minority Interests": NaN,
        "Net Income Including Noncontrolling Interests": NaN,
        "Net Income Continuous Operations": NaN,
        "Earnings From Equity Interest Net Of Tax": NaN,
        "Tax Provision": NaN,
        "Pretax Income": NaN,
        "Other Income Expense": NaN,
        "Other Non Operating Income Expenses": NaN,
        "Special Income Charges": NaN,
        "Gain On Sale Of Business": NaN,
        "Impairment Of Capital Assets": NaN,
        "Restructuring And Mergern Acquisition": 18000.0,
        "Gain On Sale Of Security": NaN,
        "Net Non Operating Interest Income Expense": NaN,
        "Interest Expense Non Operating": NaN,
        "Interest Income Non Operating": NaN,
        "Operating Income": NaN,
        "Operating Expense": NaN,
        "Research And Development": NaN,
        "Selling General And Administration": NaN,
        "General And Administrative Expense": 57286000.0,
        "Other Gand A": 57286000.0,
        "Gross Profit": NaN,
        "Cost Of Revenue": NaN,
        "Total Revenue": NaN,
        "Operating Revenue": NaN
    },
    "2024-06-30": {
        "Tax Effect Of Unusual Items": -335160.0,
        "Tax Rate For Calcs": 0.21,
        "Normalized EBITDA": -16203000.0,
        "Total Unusual Items": -1596000.0,
        "Total Unusual Items Excluding Goodwill": -1596000.0,
        "Net Income From Continuing Operation Net Minority Interest": -27258000.0,
        "Reconciled Depreciation": 7500000.0,
        "Reconciled Cost Of Revenue": 66154000.0,
        "EBITDA": -17799000.0,
        "EBIT": -25299000.0,
        "Net Interest Income": 828000.0,
        "Interest Expense": 624000.0,
        "Interest Income": 1452000.0,
        "Normalized Income": -25997160.0,
        "Net Income From Continuing And Discontinued Operation": -27258000.0,
        "Total Expenses": 138791000.0,
        "Total Operating Income As Reported": -26412000.0,
        "Diluted Average Shares": 131802000.0,
        "Basic Average Shares": 131802000.0,
        "Diluted EPS": -0.21,
        "Basic EPS": -0.21,
        "Diluted NI Availto Com Stockholders": -27258000.0,
        "Net Income Common Stockholders": -27258000.0,
        "Otherunder Preferred Stock Dividend": NaN,
        "Net Income": -27258000.0,
        "Minority Interests": 43000.0,
        "Net Income Including Noncontrolling Interests": -27301000.0,
        "Net Income Continuous Operations": -27301000.0,
        "Earnings From Equity Interest Net Of Tax": -902000.0,
        "Tax Provision": 476000.0,
        "Pretax Income": -25923000.0,
        "Other Income Expense": -1212000.0,
        "Other Non Operating Income Expenses": 384000.0,
        "Special Income Charges": -873000.0,
        "Gain On Sale Of Business": 0.0,
        "Impairment Of Capital Assets": NaN,
        "Restructuring And Mergern Acquisition": 873000.0,
        "Gain On Sale Of Security": -723000.0,
        "Net Non Operating Interest Income Expense": 828000.0,
        "Interest Expense Non Operating": 624000.0,
        "Interest Income Non Operating": 1452000.0,
        "Operating Income": -25539000.0,
        "Operating Expense": 72637000.0,
        "Research And Development": 22016000.0,
        "Selling General And Administration": 50621000.0,
        "General And Administrative Expense": 50621000.0,
        "Other Gand A": 50621000.0,
        "Gross Profit": 47098000.0,
        "Cost Of Revenue": 66154000.0,
        "Total Revenue": 113252000.0,
        "Operating Revenue": 113252000.0
    },
    "2024-09-30": {
        "Tax Effect Of Unusual Items": -3496632.0,
        "Tax Rate For Calcs": 0.024,
        "Normalized EBITDA": -21461000.0,
        "Total Unusual Items": -145693000.0,
        "Total Unusual Items Excluding Goodwill": -145693000.0,
        "Net Income From Continuing Operation Net Minority Interest": -178627000.0,
        "Reconciled Depreciation": 14065000.0,
        "Reconciled Cost Of Revenue": 71227000.0,
        "EBITDA": -167154000.0,
        "EBIT": -181219000.0,
        "Net Interest Income": 944000.0,
        "Interest Expense": 606000.0,
        "Interest Income": 1550000.0,
        "Normalized Income": -36430632.0,
        "Net Income From Continuing And Discontinued Operation": -178627000.0,
        "Total Expenses": 149965000.0,
        "Total Operating Income As Reported": -180758000.0,
        "Diluted Average Shares": 132235000.0,
        "Basic Average Shares": 132235000.0,
        "Diluted EPS": -1.35,
        "Basic EPS": -1.35,
        "Diluted NI Availto Com Stockholders": -178790000.0,
        "Net Income Common Stockholders": -178790000.0,
        "Otherunder Preferred Stock Dividend": 163000.0,
        "Net Income": -178627000.0,
        "Minority Interests": 109000.0,
        "Net Income Including Noncontrolling Interests": -178736000.0,
        "Net Income Continuous Operations": -178736000.0,
        "Earnings From Equity Interest Net Of Tax": -1254000.0,
        "Tax Provision": -4343000.0,
        "Pretax Income": -181825000.0,
        "Other Income Expense": -145744000.0,
        "Other Non Operating Income Expenses": -51000.0,
        "Special Income Charges": -143733000.0,
        "Gain On Sale Of Business": NaN,
        "Impairment Of Capital Assets": 143733000.0,
        "Restructuring And Mergern Acquisition": NaN,
        "Gain On Sale Of Security": -1960000.0,
        "Net Non Operating Interest Income Expense": 944000.0,
        "Interest Expense Non Operating": 606000.0,
        "Interest Income Non Operating": 1550000.0,
        "Operating Income": -37025000.0,
        "Operating Expense": 78738000.0,
        "Research And Development": 20764000.0,
        "Selling General And Administration": 57974000.0,
        "General And Administrative Expense": NaN,
        "Other Gand A": NaN,
        "Gross Profit": 41713000.0,
        "Cost Of Revenue": 71227000.0,
        "Total Revenue": 112940000.0,
        "Operating Revenue": 112940000.0
    },
    "2024-12-31": {
        "Tax Effect Of Unusual Items": 418320.0,
        "Tax Rate For Calcs": 0.21,
        "Normalized EBITDA": -24664000.0,
        "Total Unusual Items": 1992000.0,
        "Total Unusual Items Excluding Goodwill": 1992000.0,
        "Net Income From Continuing Operation Net Minority Interest": -33707000.0,
        "Reconciled Depreciation": 4473000.0,
        "Reconciled Cost Of Revenue": 76579000.0,
        "EBITDA": -22672000.0,
        "EBIT": -27145000.0,
        "Net Interest Income": 882000.0,
        "Interest Expense": 620000.0,
        "Interest Income": 1502000.0,
        "Normalized Income": -35280680.0,
        "Net Income From Continuing And Discontinued Operation": -33707000.0,
        "Total Expenses": 140158000.0,
        "Total Operating Income As Reported": -30368000.0,
        "Diluted Average Shares": 132576000.0,
        "Basic Average Shares": 132576000.0,
        "Diluted EPS": -0.25,
        "Basic EPS": -0.25,
        "Diluted NI Availto Com Stockholders": -33371000.0,
        "Net Income Common Stockholders": -33371000.0,
        "Otherunder Preferred Stock Dividend": NaN,
        "Net Income": -33707000.0,
        "Minority Interests": -252000.0,
        "Net Income Including Noncontrolling Interests": -33455000.0,
        "Net Income Continuous Operations": -33455000.0,
        "Earnings From Equity Interest Net Of Tax": -1001000.0,
        "Tax Provision": 4689000.0,
        "Pretax Income": -27765000.0,
        "Other Income Expense": 487000.0,
        "Other Non Operating Income Expenses": -1505000.0,
        "Special Income Charges": -1234000.0,
        "Gain On Sale Of Business": NaN,
        "Impairment Of Capital Assets": 1234000.0,
        "Restructuring And Mergern Acquisition": NaN,
        "Gain On Sale Of Security": 3226000.0,
        "Net Non Operating Interest Income Expense": 882000.0,
        "Interest Expense Non Operating": 620000.0,
        "Interest Income Non Operating": 1502000.0,
        "Operating Income": -29134000.0,
        "Operating Expense": 63579000.0,
        "Research And Development": 20219000.0,
        "Selling General And Administration": 43360000.0,
        "General And Administrative Expense": NaN,
        "Other Gand A": NaN,
        "Gross Profit": 34445000.0,
        "Cost Of Revenue": 76579000.0,
        "Total Revenue": 111024000.0,
        "Operating Revenue": 111024000.0
    },
    "2025-03-31": {
        "Tax Effect Of Unusual Items": 122010.0,
        "Tax Rate For Calcs": 0.21,
        "Normalized EBITDA": -29700000.0,
        "Total Unusual Items": 581000.0,
        "Total Unusual Items Excluding Goodwill": 581000.0,
        "Net Income From Continuing Operation Net Minority Interest": -36986000.0,
        "Reconciled Depreciation": 5712000.0,
        "Reconciled Cost Of Revenue": 61851000.0,
        "EBITDA": -29119000.0,
        "EBIT": -34831000.0,
        "Net Interest Income": 372000.0,
        "Interest Expense": 581000.0,
        "Interest Income": 953000.0,
        "Normalized Income": -37444990.0,
        "Net Income From Continuing And Discontinued Operation": -36986000.0,
        "Total Expenses": 130745000.0,
        "Total Operating Income As Reported": -36763000.0,
        "Diluted Average Shares": 132462000.0,
        "Basic Average Shares": 132462000.0,
        "Diluted EPS": -0.28,
        "Basic EPS": -0.28,
        "Diluted NI Availto Com Stockholders": -36986000.0,
        "Net Income Common Stockholders": -36986000.0,
        "Otherunder Preferred Stock Dividend": 0.0,
        "Net Income": -36986000.0,
        "Minority Interests": 0.0,
        "Net Income Including Noncontrolling Interests": -36986000.0,
        "Net Income Continuous Operations": -36986000.0,
        "Earnings From Equity Interest Net Of Tax": -903000.0,
        "Tax Provision": 671000.0,
        "Pretax Income": -35412000.0,
        "Other Income Expense": 421000.0,
        "Other Non Operating Income Expenses": -160000.0,
        "Special Income Charges": -558000.0,
        "Gain On Sale Of Business": NaN,
        "Impairment Of Capital Assets": NaN,
        "Restructuring And Mergern Acquisition": 558000.0,
        "Gain On Sale Of Security": 1139000.0,
        "Net Non Operating Interest Income Expense": 372000.0,
        "Interest Expense Non Operating": 581000.0,
        "Interest Income Non Operating": 953000.0,
        "Operating Income": -36205000.0,
        "Operating Expense": 68894000.0,
        "Research And Development": 19683000.0,
        "Selling General And Administration": 49211000.0,
        "General And Administrative Expense": 49211000.0,
        "Other Gand A": 49211000.0,
        "Gross Profit": 32689000.0,
        "Cost Of Revenue": 61851000.0,
        "Total Revenue": 94540000.0,
        "Operating Revenue": 94540000.0
    },
    "2025-06-30": {
        "Tax Effect Of Unusual Items": 11365956.704915,
        "Tax Rate For Calcs": 0.094348,
        "Normalized EBITDA": 2204000.0,
        "Total Unusual Items": 120468000.0,
        "Total Unusual Items Excluding Goodwill": 120468000.0,
        "Net Income From Continuing Operation Net Minority Interest": 104436000.0,
        "Reconciled Depreciation": 5195000.0,
        "Reconciled Cost Of Revenue": 58688000.0,
        "EBITDA": 122672000.0,
        "EBIT": 117477000.0,
        "Net Interest Income": 1020000.0,
        "Interest Expense": 697000.0,
        "Interest Income": 1717000.0,
        "Normalized Income": -4666043.295085,
        "Net Income From Continuing And Discontinued Operation": 104436000.0,
        "Total Expenses": 106566000.0,
        "Total Operating Income As Reported": -15350000.0,
        "Diluted Average Shares": 182716000.0,
        "Basic Average Shares": 132280000.0,
        "Diluted EPS": 0.57,
        "Basic EPS": 0.79,
        "Diluted NI Availto Com Stockholders": 104436000.0,
        "Net Income Common Stockholders": 104436000.0,
        "Otherunder Preferred Stock Dividend": NaN,
        "Net Income": 104436000.0,
        "Minority Interests": 0.0,
        "Net Income Including Noncontrolling Interests": 104436000.0,
        "Net Income Continuous Operations": 104436000.0,
        "Earnings From Equity Interest Net Of Tax": -1326000.0,
        "Tax Provision": 11018000.0,
        "Pretax Income": 116780000.0,
        "Other Income Expense": 127488000.0,
        "Other Non Operating Income Expenses": 7020000.0,
        "Special Income Charges": 122059000.0,
        "Gain On Sale Of Business": 125681000.0,
        "Impairment Of Capital Assets": NaN,
        "Restructuring And Mergern Acquisition": 3622000.0,
        "Gain On Sale Of Security": -1591000.0,
        "Net Non Operating Interest Income Expense": 1020000.0,
        "Interest Expense Non Operating": 697000.0,
        "Interest Income Non Operating": 1717000.0,
        "Operating Income": -11728000.0,
        "Operating Expense": 47878000.0,
        "Research And Development": 17361000.0,
        "Selling General And Administration": 30517000.0,
        "General And Administrative Expense": 30517000.0,
        "Other Gand A": 30517000.0,
        "Gross Profit": 36150000.0,
        "Cost Of Revenue": 58688000.0,
        "Total Revenue": 94838000.0,
        "Operating Revenue": 94838000.0
    }
}