{
    "2023-03-31": {
        "Tax Effect Of Unusual Items": NaN,
        "Tax Rate For Calcs": NaN,
        "Normalized EBITDA": NaN,
        "Total Unusual Items": NaN,
        "Total Unusual Items Excluding Goodwill": NaN,
        "Net Income From Continuing Operation Net Minority Interest": NaN,
        "Reconciled Depreciation": NaN,
        "Reconciled Cost Of Revenue": NaN,
        "EBITDA": NaN,
        "EBIT": NaN,
        "Net Interest Income": NaN,
        "Interest Expense": NaN,
        "Interest Income": NaN,
        "Normalized Income": NaN,
        "Net Income From Continuing And Discontinued Operation": NaN,
        "Total Expenses": NaN,
        "Total Operating Income As Reported": NaN,
        "Diluted Average Shares": NaN,
        "Basic Average Shares": NaN,
        "Diluted EPS": NaN,
        "Basic EPS": NaN,
        "Diluted NI Availto Com Stockholders": NaN,
        "Net Income Common Stockholders": NaN,
        "Net Income": NaN,
        "Minority Interests": 0.0,
        "Net Income Including Noncontrolling Interests": NaN,
        "Net Income Continuous Operations": NaN,
        "Tax Provision": NaN,
        "Pretax Income": NaN,
        "Other Income Expense": NaN,
        "Other Non Operating Income Expenses": NaN,
        "Special Income Charges": NaN,
        "Gain On Sale Of Security": NaN,
        "Net Non Operating Interest Income Expense": NaN,
        "Interest Expense Non Operating": NaN,
        "Interest Income Non Operating": NaN,
        "Operating Income": NaN,
        "Operating Expense": NaN,
        "Depreciation Amortization Depletion Income Statement": NaN,
        "Depreciation And Amortization In Income Statement": NaN,
        "Research And Development": NaN,
        "Selling General And Administration": NaN,
        "Selling And Marketing Expense": NaN,
        "General And Administrative Expense": NaN,
        "Other Gand A": NaN,
        "Gross Profit": NaN,
        "Cost Of Revenue": NaN,
        "Total Revenue": NaN,
        "Operating Revenue": NaN
    },
    "2022-12-31": {
        "Tax Effect Of Unusual Items": NaN,
        "Tax Rate For Calcs": NaN,
        "Normalized EBITDA": NaN,
        "Total Unusual Items": NaN,
        "Total Unusual Items Excluding Goodwill": NaN,
        "Net Income From Continuing Operation Net Minority Interest": NaN,
        "Reconciled Depreciation": NaN,
        "Reconciled Cost Of Revenue": NaN,
        "EBITDA": NaN,
        "EBIT": NaN,
        "Net Interest Income": NaN,
        "Interest Expense": NaN,
        "Interest Income": NaN,
        "Normalized Income": NaN,
        "Net Income From Continuing And Discontinued Operation": NaN,
        "Total Expenses": NaN,
        "Total Operating Income As Reported": NaN,
        "Diluted Average Shares": NaN,
        "Basic Average Shares": NaN,
        "Diluted EPS": NaN,
        "Basic EPS": NaN,
        "Diluted NI Availto Com Stockholders": NaN,
        "Net Income Common Stockholders": NaN,
        "Net Income": NaN,
        "Minority Interests": NaN,
        "Net Income Including Noncontrolling Interests": NaN,
        "Net Income Continuous Operations": NaN,
        "Tax Provision": NaN,
        "Pretax Income": NaN,
        "Other Income Expense": NaN,
        "Other Non Operating Income Expenses": NaN,
        "Special Income Charges": -269893000.0,
        "Other Special Charges": 0.0,
        "Gain On Sale Of Security": NaN,
        "Net Non Operating Interest Income Expense": NaN,
        "Interest Expense Non Operating": NaN,
        "Interest Income Non Operating": NaN,
        "Operating Income": NaN,
        "Operating Expense": NaN,
        "Depreciation Amortization Depletion Income Statement": NaN,
        "Depreciation And Amortization In Income Statement": NaN,
        "Research And Development": NaN,
        "Selling General And Administration": NaN,
        "Selling And Marketing Expense": NaN,
        "General And Administrative Expense": NaN,
        "Other Gand A": NaN,
        "Gross Profit": NaN,
        "Cost Of Revenue": NaN,
        "Total Revenue": NaN,
        "Operating Revenue": NaN
    },
    "2022-09-30": {
        "Tax Effect Of Unusual Items": NaN,
        "Tax Rate For Calcs": NaN,
        "Normalized EBITDA": NaN,
        "Total Unusual Items": NaN,
        "Total Unusual Items Excluding Goodwill": NaN,
        "Net Income From Continuing Operation Net Minority Interest": NaN,
        "Reconciled Depreciation": NaN,
        "Reconciled Cost Of Revenue": NaN,
        "EBITDA": NaN,
        "EBIT": NaN,
        "Net Interest Income": NaN,
        "Interest Expense": NaN,
        "Interest Income": NaN,
        "Normalized Income": NaN,
        "Net Income From Continuing And Discontinued Operation": NaN,
        "Total Expenses": NaN,
        "Total Operating Income As Reported": NaN,
        "Diluted Average Shares": NaN,
        "Basic Average Shares": NaN,
        "Diluted EPS": NaN,
        "Basic EPS": NaN,
        "Diluted NI Availto Com Stockholders": NaN,
        "Net Income Common Stockholders": NaN,
        "Net Income": NaN,
        "Minority Interests": NaN,
        "Net Income Including Noncontrolling Interests": NaN,
        "Net Income Continuous Operations": NaN,
        "Tax Provision": NaN,
        "Pretax Income": NaN,
        "Other Income Expense": NaN,
        "Other Non Operating Income Expenses": NaN,
        "Special Income Charges": -70250000.0,
        "Other Special Charges": 70250000.0,
        "Gain On Sale Of Security": NaN,
        "Net Non Operating Interest Income Expense": NaN,
        "Interest Expense Non Operating": NaN,
        "Interest Income Non Operating": NaN,
        "Operating Income": NaN,
        "Operating Expense": NaN,
        "Depreciation Amortization Depletion Income Statement": NaN,
        "Depreciation And Amortization In Income Statement": NaN,
        "Research And Development": NaN,
        "Selling General And Administration": NaN,
        "Selling And Marketing Expense": NaN,
        "General And Administrative Expense": NaN,
        "Other Gand A": NaN,
        "Gross Profit": NaN,
        "Cost Of Revenue": NaN,
        "Total Revenue": NaN,
        "Operating Revenue": NaN
    },
    "2022-06-30": {
        "Tax Effect Of Unusual Items": 461751.049071,
        "Tax Rate For Calcs": 0.257386,
        "Normalized EBITDA": -46554000.0,
        "Total Unusual Items": 1794000.0,
        "Total Unusual Items Excluding Goodwill": 1794000.0,
        "Net Income From Continuing Operation Net Minority Interest": -34056000.0,
        "Reconciled Depreciation": 1494000.0,
        "Reconciled Cost Of Revenue": 27496000.0,
        "EBITDA": -44760000.0,
        "EBIT": -46254000.0,
        "Net Interest Income": 132000.0,
        "Interest Expense": 454000.0,
        "Interest Income": 586000.0,
        "Normalized Income": -35388248.950929,
        "Net Income From Continuing And Discontinued Operation": -34056000.0,
        "Total Expenses": 128554000.0,
        "Total Operating Income As Reported": -47984000.0,
        "Diluted Average Shares": 49553440.0,
        "Basic Average Shares": 49553440.0,
        "Diluted EPS": -0.6875,
        "Basic EPS": -0.6875,
        "Diluted NI Availto Com Stockholders": -34056000.0,
        "Net Income Common Stockholders": -34056000.0,
        "Net Income": -34056000.0,
        "Net Income Including Noncontrolling Interests": -34686000.0,
        "Net Income Continuous Operations": -34686000.0,
        "Tax Provision": -12022000.0,
        "Pretax Income": -46708000.0,
        "Other Income Expense": 1774000.0,
        "Other Non Operating Income Expenses": -20000.0,
        "Special Income Charges": NaN,
        "Other Special Charges": NaN,
        "Impairment Of Capital Assets": NaN,
        "Gain On Sale Of Security": 1794000.0,
        "Net Non Operating Interest Income Expense": 132000.0,
        "Interest Expense Non Operating": 454000.0,
        "Interest Income Non Operating": 586000.0,
        "Operating Income": -47984000.0,
        "Operating Expense": 101057000.0,
        "Depreciation Amortization Depletion Income Statement": 1493000.0,
        "Depreciation And Amortization In Income Statement": 1493000.0,
        "Research And Development": 4333000.0,
        "Selling General And Administration": 95231000.0,
        "Selling And Marketing Expense": 18051000.0,
        "General And Administrative Expense": 77180000.0,
        "Other Gand A": 77180000.0,
        "Gross Profit": 53073000.0,
        "Cost Of Revenue": 27497000.0,
        "Total Revenue": 80570000.0,
        "Operating Revenue": 80570000.0
    },
    "2022-03-31": {
        "Diluted EPS": 0.37,
        "Total Revenue": 85,
        "Gross Profit": 57,
        "Operating Income": 25,
        "EBIT": 27,
        "Net Income": 18
    },
    "2021-12-31": {
        "Diluted EPS": 0.35,
        "Total Revenue": 86,
        "Gross Profit": 57,
        "Operating Income": 24,
        "EBIT": 26,
        "Net Income": 17
    },
    "2021-09-30": {
        "Diluted EPS": 0.5,
        "Total Revenue": 87,
        "Gross Profit": 57,
        "Operating Income": 28,
        "EBIT": 30,
        "Net Income": 23
    },
    "2021-06-30": {
        "Diluted EPS": 0.42,
        "Total Revenue": 93,
        "Gross Profit": 61,
        "Operating Income": 22,
        "EBIT": 28,
        "Net Income": 18
    },
    "2021-03-31": {
        "Diluted EPS": 0.44,
        "Total Revenue": 97,
        "Gross Profit": 63,
        "Operating Income": 26,
        "EBIT": 33,
        "Net Income": 19
    },
    "2020-12-31": {
        "Diluted EPS": 0.0,
        "Total Revenue": NaN,
        "Gross Profit": NaN,
        "Operating Income": NaN,
        "EBIT": NaN,
        "Net Income": NaN
    },
    "2020-09-30": {
        "Diluted EPS": 0.19,
        "Total Revenue": 92,
        "Gross Profit": 60,
        "Operating Income": 21,
        "EBIT": 29,
        "Net Income": 8
    },
    "2020-06-30": {
        "Diluted EPS": 0.42,
        "Total Revenue": 99,
        "Gross Profit": 64,
        "Operating Income": 28,
        "EBIT": 28,
        "Net Income": 17
    },
    "2019-12-31": {
        "Diluted EPS": 0.0,
        "Total Revenue": NaN,
        "Gross Profit": NaN,
        "Operating Income": NaN,
        "EBIT": NaN,
        "Net Income": NaN
    },
    "2023-06-30": {
        "Tax Effect Of Unusual Items": NaN,
        "Tax Rate For Calcs": NaN,
        "Normalized EBITDA": NaN,
        "Total Unusual Items": NaN,
        "Total Unusual Items Excluding Goodwill": NaN,
        "Net Income From Continuing Operation Net Minority Interest": NaN,
        "Reconciled Depreciation": NaN,
        "Reconciled Cost Of Revenue": NaN,
        "EBITDA": NaN,
        "EBIT": NaN,
        "Net Interest Income": NaN,
        "Interest Expense": NaN,
        "Interest Income": NaN,
        "Normalized Income": NaN,
        "Net Income From Continuing And Discontinued Operation": NaN,
        "Total Expenses": NaN,
        "Rent Expense Supplemental": NaN,
        "Total Operating Income As Reported": NaN,
        "Diluted Average Shares": NaN,
        "Basic Average Shares": NaN,
        "Diluted EPS": NaN,
        "Basic EPS": NaN,
        "Diluted NI Availto Com Stockholders": NaN,
        "Net Income Common Stockholders": NaN,
        "Net Income": NaN,
        "Minority Interests": 0.0,
        "Net Income Including Noncontrolling Interests": NaN,
        "Net Income Continuous Operations": NaN,
        "Tax Provision": NaN,
        "Pretax Income": NaN,
        "Other Income Expense": NaN,
        "Other Non Operating Income Expenses": NaN,
        "Special Income Charges": NaN,
        "Gain On Sale Of Security": NaN,
        "Net Non Operating Interest Income Expense": NaN,
        "Interest Expense Non Operating": NaN,
        "Interest Income Non Operating": NaN,
        "Operating Income": NaN,
        "Operating Expense": NaN,
        "Depreciation Amortization Depletion Income Statement": NaN,
        "Depreciation And Amortization In Income Statement": NaN,
        "Research And Development": NaN,
        "Selling General And Administration": NaN,
        "Selling And Marketing Expense": NaN,
        "General And Administrative Expense": NaN,
        "Other Gand A": NaN,
        "Rent And Landing Fees": NaN,
        "Gross Profit": NaN,
        "Cost Of Revenue": NaN,
        "Total Revenue": NaN,
        "Operating Revenue": NaN
    },
    "2023-09-30": {
        "Tax Effect Of Unusual Items": NaN,
        "Tax Rate For Calcs": NaN,
        "Normalized EBITDA": NaN,
        "Total Unusual Items": NaN,
        "Total Unusual Items Excluding Goodwill": NaN,
        "Net Income From Continuing Operation Net Minority Interest": NaN,
        "Reconciled Depreciation": NaN,
        "Reconciled Cost Of Revenue": NaN,
        "EBITDA": NaN,
        "EBIT": NaN,
        "Net Interest Income": NaN,
        "Interest Expense": NaN,
        "Interest Income": NaN,
        "Normalized Income": NaN,
        "Net Income From Continuing And Discontinued Operation": NaN,
        "Total Expenses": NaN,
        "Rent Expense Supplemental": 349000.0,
        "Total Operating Income As Reported": NaN,
        "Diluted Average Shares": NaN,
        "Basic Average Shares": NaN,
        "Diluted EPS": NaN,
        "Basic EPS": NaN,
        "Diluted NI Availto Com Stockholders": NaN,
        "Net Income Common Stockholders": NaN,
        "Net Income": NaN,
        "Minority Interests": 0.0,
        "Net Income Including Noncontrolling Interests": NaN,
        "Net Income Continuous Operations": NaN,
        "Tax Provision": NaN,
        "Pretax Income": NaN,
        "Other Income Expense": NaN,
        "Other Non Operating Income Expenses": NaN,
        "Special Income Charges": 0.0,
        "Gain On Sale Of Security": NaN,
        "Net Non Operating Interest Income Expense": NaN,
        "Interest Expense Non Operating": NaN,
        "Interest Income Non Operating": NaN,
        "Operating Income": NaN,
        "Operating Expense": NaN,
        "Other Operating Expenses": NaN,
        "Depreciation Amortization Depletion Income Statement": 55000.0,
        "Depreciation And Amortization In Income Statement": 55000.0,
        "Research And Development": NaN,
        "Selling General And Administration": NaN,
        "Selling And Marketing Expense": NaN,
        "General And Administrative Expense": NaN,
        "Other Gand A": NaN,
        "Rent And Landing Fees": 349000.0,
        "Gross Profit": NaN,
        "Cost Of Revenue": NaN,
        "Total Revenue": NaN,
        "Operating Revenue": NaN
    },
    "2023-12-31": {
        "Tax Effect Of Unusual Items": NaN,
        "Tax Rate For Calcs": NaN,
        "Normalized EBITDA": NaN,
        "Total Unusual Items": -4207000.0,
        "Total Unusual Items Excluding Goodwill": -4207000.0,
        "Net Income From Continuing Operation Net Minority Interest": NaN,
        "Reconciled Depreciation": NaN,
        "Reconciled Cost Of Revenue": NaN,
        "EBITDA": NaN,
        "EBIT": NaN,
        "Net Interest Income": NaN,
        "Interest Expense": NaN,
        "Interest Income": NaN,
        "Normalized Income": NaN,
        "Net Income From Continuing And Discontinued Operation": NaN,
        "Total Expenses": NaN,
        "Rent Expense Supplemental": NaN,
        "Total Operating Income As Reported": NaN,
        "Diluted Average Shares": NaN,
        "Basic Average Shares": NaN,
        "Diluted EPS": NaN,
        "Basic EPS": NaN,
        "Diluted NI Availto Com Stockholders": NaN,
        "Net Income Common Stockholders": NaN,
        "Net Income": NaN,
        "Minority Interests": NaN,
        "Net Income Including Noncontrolling Interests": NaN,
        "Net Income Continuous Operations": NaN,
        "Tax Provision": NaN,
        "Pretax Income": NaN,
        "Other Income Expense": -4236000.0,
        "Other Non Operating Income Expenses": -29000.0,
        "Special Income Charges": 0.0,
        "Gain On Sale Of Security": -4207000.0,
        "Net Non Operating Interest Income Expense": NaN,
        "Interest Expense Non Operating": NaN,
        "Interest Income Non Operating": NaN,
        "Operating Income": NaN,
        "Operating Expense": NaN,
        "Other Operating Expenses": NaN,
        "Depreciation Amortization Depletion Income Statement": 570000.0,
        "Depreciation And Amortization In Income Statement": 570000.0,
        "Research And Development": NaN,
        "Selling General And Administration": NaN,
        "Selling And Marketing Expense": NaN,
        "General And Administrative Expense": NaN,
        "Other Gand A": NaN,
        "Rent And Landing Fees": NaN,
        "Gross Profit": NaN,
        "Cost Of Revenue": NaN,
        "Total Revenue": NaN,
        "Operating Revenue": NaN
    },
    "2024-03-31": {
        "Tax Effect Of Unusual Items": NaN,
        "Tax Rate For Calcs": NaN,
        "Normalized EBITDA": NaN,
        "Total Unusual Items": 4299000.0,
        "Total Unusual Items Excluding Goodwill": 4299000.0,
        "Net Income From Continuing Operation Net Minority Interest": NaN,
        "Reconciled Depreciation": NaN,
        "Reconciled Cost Of Revenue": NaN,
        "EBITDA": NaN,
        "EBIT": NaN,
        "Net Interest Income": NaN,
        "Interest Expense": NaN,
        "Interest Income": NaN,
        "Normalized Income": NaN,
        "Net Income From Continuing And Discontinued Operation": NaN,
        "Total Expenses": NaN,
        "Rent Expense Supplemental": NaN,
        "Total Operating Income As Reported": NaN,
        "Diluted Average Shares": NaN,
        "Basic Average Shares": NaN,
        "Diluted EPS": NaN,
        "Basic EPS": NaN,
        "Diluted NI Availto Com Stockholders": NaN,
        "Net Income Common Stockholders": NaN,
        "Net Income": NaN,
        "Minority Interests": -53000.0,
        "Net Income Including Noncontrolling Interests": NaN,
        "Net Income Continuous Operations": NaN,
        "Tax Provision": NaN,
        "Pretax Income": NaN,
        "Other Income Expense": 4275000.0,
        "Other Non Operating Income Expenses": -24000.0,
        "Gain On Sale Of Security": 4299000.0,
        "Net Non Operating Interest Income Expense": NaN,
        "Interest Expense Non Operating": NaN,
        "Interest Income Non Operating": NaN,
        "Operating Income": NaN,
        "Operating Expense": NaN,
        "Other Operating Expenses": 24000.0,
        "Depreciation Amortization Depletion Income Statement": 827000.0,
        "Depreciation And Amortization In Income Statement": 827000.0,
        "Research And Development": NaN,
        "Selling General And Administration": NaN,
        "Selling And Marketing Expense": NaN,
        "General And Administrative Expense": NaN,
        "Other Gand A": NaN,
        "Rent And Landing Fees": NaN,
        "Gross Profit": NaN,
        "Cost Of Revenue": NaN,
        "Total Revenue": NaN,
        "Operating Revenue": NaN
    },
    "2024-06-30": {
        "Tax Effect Of Unusual Items": 0.0,
        "Tax Rate For Calcs": 0.219813,
        "Normalized EBITDA": 44690000.0,
        "Total Unusual Items": 2862000.0,
        "Total Unusual Items Excluding Goodwill": 2862000.0,
        "Net Income From Continuing Operation Net Minority Interest": 33083000.0,
        "Reconciled Depreciation": 1331000.0,
        "Reconciled Cost Of Revenue": 26859000.0,
        "EBITDA": 44690000.0,
        "EBIT": 43359000.0,
        "Net Interest Income": 6160000.0,
        "Interest Expense": 841000.0,
        "Interest Income": 7001000.0,
        "Normalized Income": 33083000.0,
        "Net Income From Continuing And Discontinued Operation": 33083000.0,
        "Total Expenses": 51878000.0,
        "Rent Expense Supplemental": NaN,
        "Total Operating Income As Reported": 36358000.0,
        "Diluted Average Shares": 49553440.0,
        "Basic Average Shares": 49553440.0,
        "Diluted EPS": 0.6675,
        "Basic EPS": 0.6675,
        "Diluted NI Availto Com Stockholders": 33083000.0,
        "Net Income Common Stockholders": 33083000.0,
        "Net Income": 33083000.0,
        "Minority Interests": -89000.0,
        "Net Income Including Noncontrolling Interests": 33172000.0,
        "Net Income Continuous Operations": 33172000.0,
        "Tax Provision": 9346000.0,
        "Pretax Income": 42518000.0,
        "Other Income Expense": 3044000.0,
        "Other Non Operating Income Expenses": 182000.0,
        "Gain On Sale Of Security": 2862000.0,
        "Net Non Operating Interest Income Expense": 6160000.0,
        "Interest Expense Non Operating": 841000.0,
        "Interest Income Non Operating": 7001000.0,
        "Operating Income": 36358000.0,
        "Operating Expense": 25019000.0,
        "Other Operating Expenses": -182000.0,
        "Depreciation Amortization Depletion Income Statement": 819000.0,
        "Depreciation And Amortization In Income Statement": 819000.0,
        "Research And Development": 3973000.0,
        "Selling General And Administration": 21228000.0,
        "Selling And Marketing Expense": 11574000.0,
        "General And Administrative Expense": 9654000.0,
        "Other Gand A": 9654000.0,
        "Rent And Landing Fees": NaN,
        "Gross Profit": 61377000.0,
        "Cost Of Revenue": 26859000.0,
        "Total Revenue": 88236000.0,
        "Operating Revenue": 88236000.0
    },
    "2024-09-30": {
        "Tax Effect Of Unusual Items": -1277497.127029,
        "Tax Rate For Calcs": 0.259127,
        "Normalized EBITDA": 40158000.0,
        "Total Unusual Items": -4930000.0,
        "Total Unusual Items Excluding Goodwill": -4930000.0,
        "Net Income From Continuing Operation Net Minority Interest": 25042000.0,
        "Reconciled Depreciation": -411000.0,
        "Reconciled Cost Of Revenue": 26005000.0,
        "EBITDA": 35228000.0,
        "EBIT": 34394000.0,
        "Net Interest Income": 3588000.0,
        "Interest Expense": 457000.0,
        "Interest Income": 4045000.0,
        "Normalized Income": 28694502.872971,
        "Net Income From Continuing And Discontinued Operation": 25042000.0,
        "Total Expenses": 47742000.0,
        "Rent Expense Supplemental": 1616000.0,
        "Total Operating Income As Reported": 35239000.0,
        "Diluted Average Shares": 49553440.0,
        "Basic Average Shares": 49553440.0,
        "Diluted EPS": 0.5055,
        "Basic EPS": 0.5055,
        "Diluted NI Availto Com Stockholders": 25042000.0,
        "Net Income Common Stockholders": 25042000.0,
        "Net Income": 25042000.0,
        "Minority Interests": -101000.0,
        "Net Income Including Noncontrolling Interests": 25143000.0,
        "Net Income Continuous Operations": 25143000.0,
        "Tax Provision": 8794000.0,
        "Pretax Income": 33937000.0,
        "Other Income Expense": -4890000.0,
        "Other Non Operating Income Expenses": 40000.0,
        "Gain On Sale Of Security": -4930000.0,
        "Net Non Operating Interest Income Expense": 3588000.0,
        "Interest Expense Non Operating": 457000.0,
        "Interest Income Non Operating": 4045000.0,
        "Operating Income": 35239000.0,
        "Operating Expense": 22982000.0,
        "Other Operating Expenses": NaN,
        "Depreciation Amortization Depletion Income Statement": 834000.0,
        "Depreciation And Amortization In Income Statement": 834000.0,
        "Research And Development": 2537000.0,
        "Selling General And Administration": 19611000.0,
        "Selling And Marketing Expense": 8864000.0,
        "General And Administrative Expense": 10747000.0,
        "Other Gand A": 9131000.0,
        "Rent And Landing Fees": 1616000.0,
        "Gross Profit": 58221000.0,
        "Cost Of Revenue": 24760000.0,
        "Total Revenue": 82981000.0,
        "Operating Revenue": 82981000.0
    },
    "2024-12-31": {
        "Tax Effect Of Unusual Items": 2612477.163712,
        "Tax Rate For Calcs": 0.2561,
        "Normalized EBITDA": 41212000.0,
        "Total Unusual Items": 10201000.0,
        "Total Unusual Items Excluding Goodwill": 10201000.0,
        "Net Income From Continuing Operation Net Minority Interest": 35578000.0,
        "Reconciled Depreciation": 2706000.0,
        "Reconciled Cost Of Revenue": 24588000.0,
        "EBITDA": 51413000.0,
        "EBIT": 48707000.0,
        "Net Interest Income": 3595000.0,
        "Interest Expense": 757000.0,
        "Interest Income": 4352000.0,
        "Normalized Income": 27989477.163712,
        "Net Income From Continuing And Discontinued Operation": 35578000.0,
        "Total Expenses": 47769000.0,
        "Rent Expense Supplemental": NaN,
        "Total Operating Income As Reported": 34528000.0,
        "Diluted Average Shares": 49553440.0,
        "Basic Average Shares": 49553440.0,
        "Diluted EPS": 0.7185,
        "Basic EPS": 0.7185,
        "Diluted NI Availto Com Stockholders": 35578000.0,
        "Net Income Common Stockholders": 35578000.0,
        "Net Income": 35578000.0,
        "Minority Interests": -92000.0,
        "Net Income Including Noncontrolling Interests": 35670000.0,
        "Net Income Continuous Operations": 35670000.0,
        "Tax Provision": 12280000.0,
        "Pretax Income": 47950000.0,
        "Other Income Expense": 10154000.0,
        "Other Non Operating Income Expenses": -47000.0,
        "Gain On Sale Of Security": 10025000.0,
        "Net Non Operating Interest Income Expense": 3595000.0,
        "Interest Expense Non Operating": 757000.0,
        "Interest Income Non Operating": 4352000.0,
        "Operating Income": 34201000.0,
        "Operating Expense": 23181000.0,
        "Other Operating Expenses": NaN,
        "Depreciation Amortization Depletion Income Statement": NaN,
        "Depreciation And Amortization In Income Statement": NaN,
        "Research And Development": 4904000.0,
        "Selling General And Administration": 20757000.0,
        "Selling And Marketing Expense": 11479000.0,
        "General And Administrative Expense": 9278000.0,
        "Other Gand A": 13871000.0,
        "Rent And Landing Fees": NaN,
        "Gross Profit": 57382000.0,
        "Cost Of Revenue": 24588000.0,
        "Total Revenue": 81970000.0,
        "Operating Revenue": 81970000.0
    },
    "2025-03-31": {
        "Tax Effect Of Unusual Items": 0.0,
        "Tax Rate For Calcs": 0.270486,
        "Normalized EBITDA": 35355000.0,
        "Total Unusual Items": NaN,
        "Total Unusual Items Excluding Goodwill": NaN,
        "Net Income From Continuing Operation Net Minority Interest": 23912000.0,
        "Reconciled Depreciation": 1112000.0,
        "Reconciled Cost Of Revenue": 24125000.0,
        "EBITDA": 35355000.0,
        "EBIT": 34243000.0,
        "Net Interest Income": 3147000.0,
        "Interest Expense": 1465000.0,
        "Interest Income": 4612000.0,
        "Normalized Income": 23912000.0,
        "Net Income From Continuing And Discontinued Operation": 23912000.0,
        "Total Expenses": 53861000.0,
        "Rent Expense Supplemental": NaN,
        "Total Operating Income As Reported": 29631000.0,
        "Diluted Average Shares": 49553440.0,
        "Basic Average Shares": 49553440.0,
        "Diluted EPS": 0.481,
        "Basic EPS": 0.481,
        "Diluted NI Availto Com Stockholders": 23912000.0,
        "Net Income Common Stockholders": 23912000.0,
        "Net Income": 23912000.0,
        "Minority Interests": NaN,
        "Net Income Including Noncontrolling Interests": 23912000.0,
        "Net Income Continuous Operations": 23912000.0,
        "Tax Provision": 8866000.0,
        "Pretax Income": 32778000.0,
        "Other Income Expense": NaN,
        "Other Non Operating Income Expenses": NaN,
        "Gain On Sale Of Security": NaN,
        "Net Non Operating Interest Income Expense": 3147000.0,
        "Interest Expense Non Operating": 1465000.0,
        "Interest Income Non Operating": 4612000.0,
        "Operating Income": 29631000.0,
        "Operating Expense": 29736000.0,
        "Other Operating Expenses": 9000.0,
        "Depreciation Amortization Depletion Income Statement": NaN,
        "Depreciation And Amortization In Income Statement": NaN,
        "Research And Development": 2492000.0,
        "Selling General And Administration": 27235000.0,
        "Selling And Marketing Expense": 14138000.0,
        "General And Administrative Expense": 13097000.0,
        "Other Gand A": 13097000.0,
        "Rent And Landing Fees": NaN,
        "Gross Profit": 59367000.0,
        "Cost Of Revenue": 24125000.0,
        "Total Revenue": 83492000.0,
        "Operating Revenue": 83492000.0
    },
    "2025-06-30": {
        "Tax Effect Of Unusual Items": 0.0,
        "Tax Rate For Calcs": 0.28563,
        "Normalized EBITDA": 37326000.0,
        "Total Unusual Items": NaN,
        "Total Unusual Items Excluding Goodwill": NaN,
        "Net Income From Continuing Operation Net Minority Interest": 21842000.0,
        "Reconciled Depreciation": 1178000.0,
        "Reconciled Cost Of Revenue": 23687000.0,
        "EBITDA": 37326000.0,
        "EBIT": 36148000.0,
        "Net Interest Income": -1794000.0,
        "Interest Expense": 5528000.0,
        "Interest Income": 3734000.0,
        "Normalized Income": 21842000.0,
        "Net Income From Continuing And Discontinued Operation": 21842000.0,
        "Total Expenses": 52399000.0,
        "Rent Expense Supplemental": NaN,
        "Total Operating Income As Reported": 32414000.0,
        "Diluted Average Shares": 49553440.0,
        "Basic Average Shares": 49553440.0,
        "Diluted EPS": 0.441,
        "Basic EPS": 0.441,
        "Diluted NI Availto Com Stockholders": 21842000.0,
        "Net Income Common Stockholders": 21842000.0,
        "Net Income": 21842000.0,
        "Minority Interests": -32000.0,
        "Net Income Including Noncontrolling Interests": 21874000.0,
        "Net Income Continuous Operations": 21874000.0,
        "Tax Provision": 8746000.0,
        "Pretax Income": 30620000.0,
        "Other Income Expense": NaN,
        "Other Non Operating Income Expenses": NaN,
        "Gain On Sale Of Security": NaN,
        "Net Non Operating Interest Income Expense": -1794000.0,
        "Interest Expense Non Operating": 5528000.0,
        "Interest Income Non Operating": 3734000.0,
        "Operating Income": 32414000.0,
        "Operating Expense": 28712000.0,
        "Other Operating Expenses": -100000.0,
        "Depreciation Amortization Depletion Income Statement": NaN,
        "Depreciation And Amortization In Income Statement": NaN,
        "Research And Development": 3195000.0,
        "Selling General And Administration": 25617000.0,
        "Selling And Marketing Expense": 13087000.0,
        "General And Administrative Expense": 12530000.0,
        "Other Gand A": 12530000.0,
        "Rent And Landing Fees": NaN,
        "Gross Profit": 61126000.0,
        "Cost Of Revenue": 23687000.0,
        "Total Revenue": 84813000.0,
        "Operating Revenue": 84813000.0
    }
}