{
    "2023-03-31": {
        "Tax Effect Of Unusual Items": NaN,
        "Tax Rate For Calcs": NaN,
        "Normalized EBITDA": NaN,
        "Net Income From Continuing Operation Net Minority Interest": NaN,
        "Reconciled Cost Of Revenue": NaN,
        "EBITDA": NaN,
        "EBIT": NaN,
        "Net Interest Income": NaN,
        "Interest Expense": NaN,
        "Interest Income": NaN,
        "Normalized Income": NaN,
        "Net Income From Continuing And Discontinued Operation": NaN,
        "Total Expenses": NaN,
        "Total Operating Income As Reported": NaN,
        "Diluted Average Shares": 216359452.0,
        "Basic Average Shares": 216359452.0,
        "Diluted EPS": -0.255,
        "Basic EPS": -0.255,
        "Diluted NI Availto Com Stockholders": NaN,
        "Net Income Common Stockholders": NaN,
        "Net Income": NaN,
        "Minority Interests": NaN,
        "Net Income Including Noncontrolling Interests": NaN,
        "Net Income Continuous Operations": NaN,
        "Tax Provision": NaN,
        "Pretax Income": NaN,
        "Other Income Expense": NaN,
        "Other Non Operating Income Expenses": NaN,
        "Net Non Operating Interest Income Expense": NaN,
        "Interest Expense Non Operating": NaN,
        "Interest Income Non Operating": NaN,
        "Operating Income": NaN,
        "Operating Expense": NaN,
        "Other Operating Expenses": NaN,
        "Research And Development": NaN,
        "Selling General And Administration": NaN,
        "Selling And Marketing Expense": 89758000.0,
        "General And Administrative Expense": NaN,
        "Other Gand A": NaN,
        "Gross Profit": NaN,
        "Cost Of Revenue": NaN,
        "Total Revenue": NaN,
        "Operating Revenue": NaN
    },
    "2022-12-31": {
        "Tax Effect Of Unusual Items": NaN,
        "Tax Rate For Calcs": NaN,
        "Normalized EBITDA": NaN,
        "Net Income From Continuing Operation Net Minority Interest": NaN,
        "Reconciled Cost Of Revenue": NaN,
        "EBITDA": NaN,
        "EBIT": NaN,
        "Net Interest Income": NaN,
        "Interest Expense": NaN,
        "Interest Income": NaN,
        "Normalized Income": NaN,
        "Net Income From Continuing And Discontinued Operation": NaN,
        "Total Expenses": NaN,
        "Total Operating Income As Reported": NaN,
        "Diluted Average Shares": NaN,
        "Basic Average Shares": NaN,
        "Diluted EPS": NaN,
        "Basic EPS": NaN,
        "Diluted NI Availto Com Stockholders": NaN,
        "Net Income Common Stockholders": NaN,
        "Otherunder Preferred Stock Dividend": -2025000.0,
        "Net Income": NaN,
        "Minority Interests": NaN,
        "Net Income Including Noncontrolling Interests": NaN,
        "Net Income Continuous Operations": NaN,
        "Tax Provision": NaN,
        "Pretax Income": NaN,
        "Other Income Expense": NaN,
        "Other Non Operating Income Expenses": NaN,
        "Net Non Operating Interest Income Expense": NaN,
        "Interest Expense Non Operating": NaN,
        "Interest Income Non Operating": NaN,
        "Operating Income": NaN,
        "Operating Expense": NaN,
        "Other Operating Expenses": NaN,
        "Research And Development": NaN,
        "Selling General And Administration": NaN,
        "Selling And Marketing Expense": 91135000.0,
        "General And Administrative Expense": NaN,
        "Other Gand A": NaN,
        "Gross Profit": NaN,
        "Cost Of Revenue": NaN,
        "Total Revenue": NaN,
        "Operating Revenue": NaN
    },
    "2022-09-30": {
        "Tax Effect Of Unusual Items": NaN,
        "Tax Rate For Calcs": NaN,
        "Normalized EBITDA": NaN,
        "Net Income From Continuing Operation Net Minority Interest": NaN,
        "Reconciled Cost Of Revenue": NaN,
        "EBITDA": NaN,
        "EBIT": NaN,
        "Net Interest Income": NaN,
        "Interest Expense": NaN,
        "Interest Income": NaN,
        "Normalized Income": NaN,
        "Net Income From Continuing And Discontinued Operation": NaN,
        "Total Expenses": NaN,
        "Total Operating Income As Reported": NaN,
        "Diluted Average Shares": NaN,
        "Basic Average Shares": NaN,
        "Diluted EPS": NaN,
        "Basic EPS": NaN,
        "Diluted NI Availto Com Stockholders": NaN,
        "Net Income Common Stockholders": NaN,
        "Otherunder Preferred Stock Dividend": 2025000.0,
        "Net Income": NaN,
        "Minority Interests": NaN,
        "Net Income Including Noncontrolling Interests": NaN,
        "Net Income Continuous Operations": NaN,
        "Tax Provision": NaN,
        "Pretax Income": NaN,
        "Other Income Expense": NaN,
        "Other Non Operating Income Expenses": NaN,
        "Net Non Operating Interest Income Expense": NaN,
        "Interest Expense Non Operating": NaN,
        "Interest Income Non Operating": NaN,
        "Operating Income": NaN,
        "Operating Expense": NaN,
        "Other Operating Expenses": NaN,
        "Research And Development": NaN,
        "Selling General And Administration": NaN,
        "Selling And Marketing Expense": 127174000.0,
        "General And Administrative Expense": NaN,
        "Other Gand A": NaN,
        "Gross Profit": NaN,
        "Cost Of Revenue": NaN,
        "Total Revenue": NaN,
        "Operating Revenue": NaN
    },
    "2022-06-30": {
        "Tax Effect Of Unusual Items": 0.0,
        "Tax Rate For Calcs": 0.4,
        "Normalized EBITDA": 4980000.0,
        "Net Income From Continuing Operation Net Minority Interest": -36488000.0,
        "Reconciled Cost Of Revenue": 4537312000.0,
        "EBITDA": 4980000.0,
        "EBIT": 4980000.0,
        "Net Interest Income": -15428000.0,
        "Interest Expense": 32844000.0,
        "Interest Income": 17416000.0,
        "Normalized Income": -36488000.0,
        "Net Income From Continuing And Discontinued Operation": -36488000.0,
        "Total Expenses": 6634628000.0,
        "Total Operating Income As Reported": -239000.0,
        "Diluted Average Shares": 216230009.0,
        "Basic Average Shares": 216230009.0,
        "Diluted EPS": -0.165,
        "Basic EPS": -0.165,
        "Diluted NI Availto Com Stockholders": -36488000.0,
        "Net Income Common Stockholders": -36488000.0,
        "Otherunder Preferred Stock Dividend": 0.0,
        "Net Income": -36488000.0,
        "Minority Interests": -1965000.0,
        "Net Income Including Noncontrolling Interests": -34523000.0,
        "Net Income Continuous Operations": -34523000.0,
        "Tax Provision": 6659000.0,
        "Pretax Income": -27864000.0,
        "Other Income Expense": -12197000.0,
        "Other Non Operating Income Expenses": -12197000.0,
        "Net Non Operating Interest Income Expense": -15428000.0,
        "Interest Expense Non Operating": 32844000.0,
        "Interest Income Non Operating": 17416000.0,
        "Operating Income": -239000.0,
        "Operating Expense": 2097316000.0,
        "Other Operating Expenses": NaN,
        "Research And Development": 255314000.0,
        "Selling General And Administration": 1842002000.0,
        "Selling And Marketing Expense": 146699000.0,
        "General And Administrative Expense": 1695303000.0,
        "Other Gand A": 1695303000.0,
        "Gross Profit": 2097077000.0,
        "Cost Of Revenue": 4537312000.0,
        "Total Revenue": 6634389000.0,
        "Operating Revenue": 6634389000.0
    },
    "2022-03-31": {
        "Diluted EPS": -0.35,
        "Total Revenue": 859,
        "Gross Profit": 247,
        "Operating Income": -71,
        "EBIT": -71,
        "Net Income": -76
    },
    "2021-12-31": {
        "Diluted EPS": 6.16,
        "Total Revenue": 897,
        "Gross Profit": 245,
        "Operating Income": -176,
        "EBIT": -176,
        "Net Income": -186
    },
    "2021-09-30": {
        "Diluted EPS": -1.44,
        "Total Revenue": 961,
        "Gross Profit": 175,
        "Operating Income": -313,
        "EBIT": -313,
        "Net Income": -312
    },
    "2021-06-30": {
        "Diluted EPS": -7.73,
        "Total Revenue": 720,
        "Gross Profit": 105,
        "Operating Income": -300,
        "EBIT": -300,
        "Net Income": -334
    },
    "2021-03-31": {
        "Diluted EPS": -5.12,
        "Total Revenue": 580,
        "Gross Profit": 110,
        "Operating Income": -204,
        "EBIT": -195,
        "Net Income": -221
    },
    "2020-12-31": {
        "Diluted EPS": 0.0,
        "Total Revenue": NaN,
        "Gross Profit": NaN,
        "Operating Income": NaN,
        "EBIT": NaN,
        "Net Income": NaN
    },
    "2023-06-30": {
        "Tax Effect Of Unusual Items": NaN,
        "Tax Rate For Calcs": NaN,
        "Normalized EBITDA": NaN,
        "Net Income From Continuing Operation Net Minority Interest": NaN,
        "Reconciled Cost Of Revenue": NaN,
        "EBITDA": NaN,
        "EBIT": NaN,
        "Net Interest Income": NaN,
        "Interest Expense": NaN,
        "Interest Income": NaN,
        "Normalized Income": NaN,
        "Net Income From Continuing And Discontinued Operation": NaN,
        "Total Expenses": NaN,
        "Total Operating Income As Reported": NaN,
        "Diluted Average Shares": 216404031.0,
        "Basic Average Shares": 216404031.0,
        "Diluted EPS": -0.18,
        "Basic EPS": -0.18,
        "Diluted NI Availto Com Stockholders": NaN,
        "Net Income Common Stockholders": NaN,
        "Net Income": NaN,
        "Minority Interests": NaN,
        "Net Income Including Noncontrolling Interests": NaN,
        "Net Income Continuous Operations": NaN,
        "Tax Provision": NaN,
        "Pretax Income": NaN,
        "Other Income Expense": NaN,
        "Other Non Operating Income Expenses": NaN,
        "Net Non Operating Interest Income Expense": NaN,
        "Interest Expense Non Operating": NaN,
        "Interest Income Non Operating": NaN,
        "Operating Income": NaN,
        "Operating Expense": NaN,
        "Other Operating Expenses": NaN,
        "Research And Development": NaN,
        "Selling General And Administration": NaN,
        "Selling And Marketing Expense": 93731000.0,
        "General And Administrative Expense": NaN,
        "Other Gand A": NaN,
        "Gross Profit": NaN,
        "Cost Of Revenue": NaN,
        "Total Revenue": NaN,
        "Operating Revenue": NaN
    },
    "2023-09-30": {
        "Tax Effect Of Unusual Items": NaN,
        "Tax Rate For Calcs": NaN,
        "Normalized EBITDA": NaN,
        "Net Income From Continuing Operation Net Minority Interest": NaN,
        "Reconciled Cost Of Revenue": NaN,
        "EBITDA": NaN,
        "EBIT": NaN,
        "Net Interest Income": NaN,
        "Interest Expense": NaN,
        "Interest Income": NaN,
        "Normalized Income": NaN,
        "Net Income From Continuing And Discontinued Operation": NaN,
        "Total Expenses": NaN,
        "Total Operating Income As Reported": NaN,
        "Diluted Average Shares": 216759814.0,
        "Basic Average Shares": 216759814.0,
        "Diluted EPS": -0.000383,
        "Basic EPS": -0.000383,
        "Diluted NI Availto Com Stockholders": NaN,
        "Net Income Common Stockholders": NaN,
        "Net Income": NaN,
        "Minority Interests": NaN,
        "Net Income Including Noncontrolling Interests": NaN,
        "Net Income Continuous Operations": NaN,
        "Tax Provision": NaN,
        "Pretax Income": NaN,
        "Other Income Expense": NaN,
        "Other Non Operating Income Expenses": NaN,
        "Net Non Operating Interest Income Expense": NaN,
        "Interest Expense Non Operating": NaN,
        "Interest Income Non Operating": NaN,
        "Operating Income": NaN,
        "Operating Expense": NaN,
        "Other Operating Expenses": NaN,
        "Research And Development": NaN,
        "Selling General And Administration": NaN,
        "Selling And Marketing Expense": 104176000.0,
        "General And Administrative Expense": NaN,
        "Other Gand A": NaN,
        "Gross Profit": NaN,
        "Cost Of Revenue": NaN,
        "Total Revenue": NaN,
        "Operating Revenue": NaN
    },
    "2023-12-31": {
        "Tax Effect Of Unusual Items": 0.0,
        "Tax Rate For Calcs": 0.25,
        "Normalized EBITDA": 19686000.0,
        "Net Income From Continuing Operation Net Minority Interest": -6619000.0,
        "Reconciled Cost Of Revenue": 3467818000.0,
        "EBITDA": 19686000.0,
        "EBIT": 19686000.0,
        "Net Interest Income": 21051000.0,
        "Interest Expense": 21241000.0,
        "Interest Income": 42292000.0,
        "Normalized Income": -6619000.0,
        "Net Income From Continuing And Discontinued Operation": -6619000.0,
        "Total Expenses": 5015336000.0,
        "Total Operating Income As Reported": -21882000.0,
        "Diluted Average Shares": NaN,
        "Basic Average Shares": NaN,
        "Diluted EPS": NaN,
        "Basic EPS": NaN,
        "Diluted NI Availto Com Stockholders": -6619000.0,
        "Net Income Common Stockholders": -6619000.0,
        "Net Income": -6619000.0,
        "Minority Interests": -2231000.0,
        "Net Income Including Noncontrolling Interests": -4388000.0,
        "Net Income Continuous Operations": -4388000.0,
        "Tax Provision": 2833000.0,
        "Pretax Income": -1555000.0,
        "Other Income Expense": -724000.0,
        "Other Non Operating Income Expenses": -724000.0,
        "Net Non Operating Interest Income Expense": 21051000.0,
        "Interest Expense Non Operating": 21241000.0,
        "Interest Income Non Operating": 42292000.0,
        "Operating Income": -21882000.0,
        "Operating Expense": 1547518000.0,
        "Other Operating Expenses": 1046178000.0,
        "Research And Development": 191218000.0,
        "Selling General And Administration": 310122000.0,
        "Selling And Marketing Expense": NaN,
        "General And Administrative Expense": 93850000.0,
        "Other Gand A": 93850000.0,
        "Gross Profit": 1525636000.0,
        "Cost Of Revenue": 3467818000.0,
        "Total Revenue": 4993454000.0,
        "Operating Revenue": 4993454000.0
    },
    "2024-03-31": {
        "Tax Effect Of Unusual Items": 0.0,
        "Tax Rate For Calcs": 0.1216,
        "Normalized EBITDA": 30745000.0,
        "Net Income From Continuing Operation Net Minority Interest": 10024000.0,
        "Reconciled Cost Of Revenue": 3488696000.0,
        "EBITDA": 30745000.0,
        "EBIT": 30745000.0,
        "Net Interest Income": 23525000.0,
        "Interest Expense": 16773000.0,
        "Interest Income": 40298000.0,
        "Normalized Income": 10024000.0,
        "Net Income From Continuing And Discontinued Operation": 10024000.0,
        "Total Expenses": 5035158000.0,
        "Total Operating Income As Reported": -11114000.0,
        "Diluted Average Shares": 218979822.0,
        "Basic Average Shares": 216683061.0,
        "Diluted EPS": 0.045,
        "Basic EPS": 0.045,
        "Diluted NI Availto Com Stockholders": 10024000.0,
        "Net Income Common Stockholders": 10024000.0,
        "Net Income": 10024000.0,
        "Minority Interests": -2249000.0,
        "Net Income Including Noncontrolling Interests": 12273000.0,
        "Net Income Continuous Operations": 12273000.0,
        "Tax Provision": 1699000.0,
        "Pretax Income": 13972000.0,
        "Other Income Expense": 1561000.0,
        "Other Non Operating Income Expenses": 1561000.0,
        "Net Non Operating Interest Income Expense": 23525000.0,
        "Interest Expense Non Operating": 16773000.0,
        "Interest Income Non Operating": 40298000.0,
        "Operating Income": -11114000.0,
        "Operating Expense": 1546462000.0,
        "Other Operating Expenses": 1137124000.0,
        "Research And Development": 193262000.0,
        "Selling General And Administration": 216076000.0,
        "Selling And Marketing Expense": 111048000.0,
        "General And Administrative Expense": 105028000.0,
        "Other Gand A": 105028000.0,
        "Gross Profit": 1535348000.0,
        "Cost Of Revenue": 3488696000.0,
        "Total Revenue": 5024044000.0,
        "Operating Revenue": 5024044000.0
    },
    "2024-06-30": {
        "Tax Effect Of Unusual Items": 0.0,
        "Tax Rate For Calcs": 0.099463,
        "Normalized EBITDA": 88563000.0,
        "Net Income From Continuing Operation Net Minority Interest": 64834000.0,
        "Reconciled Cost Of Revenue": 3919445000.0,
        "EBITDA": 88563000.0,
        "EBIT": 88563000.0,
        "Net Interest Income": 23784000.0,
        "Interest Expense": 14023000.0,
        "Interest Income": 37807000.0,
        "Normalized Income": 64834000.0,
        "Net Income From Continuing And Discontinued Operation": 64834000.0,
        "Total Expenses": 5545353000.0,
        "Total Operating Income As Reported": 53600000.0,
        "Diluted Average Shares": 219876434.0,
        "Basic Average Shares": 216953989.0,
        "Diluted EPS": 0.3,
        "Basic EPS": 0.3,
        "Diluted NI Availto Com Stockholders": 64834000.0,
        "Net Income Common Stockholders": 64834000.0,
        "Net Income": 64834000.0,
        "Minority Interests": -2292000.0,
        "Net Income Including Noncontrolling Interests": 67126000.0,
        "Net Income Continuous Operations": 67126000.0,
        "Tax Provision": 7414000.0,
        "Pretax Income": 74540000.0,
        "Other Income Expense": -2844000.0,
        "Other Non Operating Income Expenses": -2844000.0,
        "Net Non Operating Interest Income Expense": 23784000.0,
        "Interest Expense Non Operating": 14023000.0,
        "Interest Income Non Operating": 37807000.0,
        "Operating Income": 53600000.0,
        "Operating Expense": 1625908000.0,
        "Other Operating Expenses": 1185421000.0,
        "Research And Development": 202663000.0,
        "Selling General And Administration": 237824000.0,
        "Selling And Marketing Expense": 129659000.0,
        "General And Administrative Expense": 108165000.0,
        "Other Gand A": 108165000.0,
        "Gross Profit": 1679508000.0,
        "Cost Of Revenue": 3919445000.0,
        "Total Revenue": 5598953000.0,
        "Operating Revenue": 5598953000.0
    },
    "2024-09-30": {
        "Tax Effect Of Unusual Items": 0.0,
        "Tax Rate For Calcs": 0.022523,
        "Normalized EBITDA": 146130000.0,
        "Net Income From Continuing Operation Net Minority Interest": 131043000.0,
        "Reconciled Cost Of Revenue": 4591429000.0,
        "EBITDA": 146130000.0,
        "EBIT": 146130000.0,
        "Net Interest Income": 28796000.0,
        "Interest Expense": 9650000.0,
        "Interest Income": 38446000.0,
        "Normalized Income": 131043000.0,
        "Net Income From Continuing And Discontinued Operation": 131043000.0,
        "Total Expenses": 6427686000.0,
        "Total Operating Income As Reported": 110549000.0,
        "Diluted Average Shares": 220618673.0,
        "Basic Average Shares": 216129967.0,
        "Diluted EPS": 0.6,
        "Basic EPS": 0.6,
        "Diluted NI Availto Com Stockholders": 131043000.0,
        "Net Income Common Stockholders": 131043000.0,
        "Net Income": 131043000.0,
        "Minority Interests": -2363000.0,
        "Net Income Including Noncontrolling Interests": 133406000.0,
        "Net Income Continuous Operations": 133406000.0,
        "Tax Provision": 3074000.0,
        "Pretax Income": 136480000.0,
        "Other Income Expense": -2865000.0,
        "Other Non Operating Income Expenses": -2865000.0,
        "Net Non Operating Interest Income Expense": 28796000.0,
        "Interest Expense Non Operating": 9650000.0,
        "Interest Income Non Operating": 38446000.0,
        "Operating Income": 110549000.0,
        "Operating Expense": 1836257000.0,
        "Other Operating Expenses": 1386989000.0,
        "Research And Development": 202412000.0,
        "Selling General And Administration": 246856000.0,
        "Selling And Marketing Expense": 144868000.0,
        "General And Administrative Expense": 101988000.0,
        "Other Gand A": 101988000.0,
        "Gross Profit": 1946806000.0,
        "Cost Of Revenue": 4591429000.0,
        "Total Revenue": 6538235000.0,
        "Operating Revenue": 6538235000.0
    },
    "2024-12-31": {
        "Tax Effect Of Unusual Items": 0.0,
        "Tax Rate For Calcs": 0.040127,
        "Normalized EBITDA": 102275000.0,
        "Net Income From Continuing Operation Net Minority Interest": 89183000.0,
        "Reconciled Cost Of Revenue": 4120793000.0,
        "EBITDA": 102275000.0,
        "EBIT": 102275000.0,
        "Net Interest Income": 31027000.0,
        "Interest Expense": 6852000.0,
        "Interest Income": 37879000.0,
        "Normalized Income": 89183000.0,
        "Net Income From Continuing And Discontinued Operation": 89183000.0,
        "Total Expenses": 5843504000.0,
        "Total Operating Income As Reported": 61518000.0,
        "Diluted Average Shares": 225289093.0,
        "Basic Average Shares": 216333946.0,
        "Diluted EPS": 0.39,
        "Basic EPS": 0.405,
        "Diluted NI Availto Com Stockholders": 89183000.0,
        "Net Income Common Stockholders": 89183000.0,
        "Net Income": 89183000.0,
        "Minority Interests": -2411000.0,
        "Net Income Including Noncontrolling Interests": 91594000.0,
        "Net Income Continuous Operations": 91594000.0,
        "Tax Provision": 3829000.0,
        "Pretax Income": 95423000.0,
        "Other Income Expense": 2878000.0,
        "Other Non Operating Income Expenses": 2878000.0,
        "Net Non Operating Interest Income Expense": 31027000.0,
        "Interest Expense Non Operating": 6852000.0,
        "Interest Income Non Operating": 37879000.0,
        "Operating Income": 61518000.0,
        "Operating Expense": 1722711000.0,
        "Other Operating Expenses": 1274371000.0,
        "Research And Development": 201632000.0,
        "Selling General And Administration": 246708000.0,
        "Selling And Marketing Expense": 137513000.0,
        "General And Administrative Expense": 109195000.0,
        "Other Gand A": 109195000.0,
        "Gross Profit": 1784229000.0,
        "Cost Of Revenue": 4120793000.0,
        "Total Revenue": 5905022000.0,
        "Operating Revenue": 5905022000.0
    },
    "2025-03-31": {
        "Tax Effect Of Unusual Items": 0.0,
        "Tax Rate For Calcs": 0.162715,
        "Normalized EBITDA": 15539000.0,
        "Net Income From Continuing Operation Net Minority Interest": 5615000.0,
        "Reconciled Cost Of Revenue": 3842106000.0,
        "EBITDA": 15539000.0,
        "EBIT": 15539000.0,
        "Net Interest Income": 29159000.0,
        "Interest Expense": 5964000.0,
        "Interest Income": 35123000.0,
        "Normalized Income": 5615000.0,
        "Net Income From Continuing And Discontinued Operation": 5615000.0,
        "Total Expenses": 5500280000.0,
        "Total Operating Income As Reported": -21241000.0,
        "Diluted Average Shares": 224651817.0,
        "Basic Average Shares": 216384505.0,
        "Diluted EPS": 0.03,
        "Basic EPS": 0.03,
        "Diluted NI Availto Com Stockholders": 5615000.0,
        "Net Income Common Stockholders": 5615000.0,
        "Net Income": 5615000.0,
        "Minority Interests": -2402000.0,
        "Net Income Including Noncontrolling Interests": 8017000.0,
        "Net Income Continuous Operations": 8017000.0,
        "Tax Provision": 1558000.0,
        "Pretax Income": 9575000.0,
        "Other Income Expense": 1657000.0,
        "Other Non Operating Income Expenses": 1657000.0,
        "Net Non Operating Interest Income Expense": 29159000.0,
        "Interest Expense Non Operating": 5964000.0,
        "Interest Income Non Operating": 35123000.0,
        "Operating Income": -21241000.0,
        "Operating Expense": 1658174000.0,
        "Other Operating Expenses": 1237371000.0,
        "Research And Development": 197969000.0,
        "Selling General And Administration": 222834000.0,
        "Selling And Marketing Expense": 109953000.0,
        "General And Administrative Expense": 112881000.0,
        "Other Gand A": 112881000.0,
        "Gross Profit": 1636933000.0,
        "Cost Of Revenue": 3842106000.0,
        "Total Revenue": 5479039000.0,
        "Operating Revenue": 5479039000.0
    },
    "2025-06-30": {
        "Tax Effect Of Unusual Items": 0.0,
        "Tax Rate For Calcs": 0.034273,
        "Normalized EBITDA": 115811000.0,
        "Net Income From Continuing Operation Net Minority Interest": 104711000.0,
        "Reconciled Cost Of Revenue": 4255182000.0,
        "EBITDA": 115811000.0,
        "EBIT": 115811000.0,
        "Net Interest Income": 28573000.0,
        "Interest Expense": 4820000.0,
        "Interest Income": 33393000.0,
        "Normalized Income": 104711000.0,
        "Net Income From Continuing And Discontinued Operation": 104711000.0,
        "Total Expenses": 5894234000.0,
        "Total Operating Income As Reported": 81635000.0,
        "Diluted Average Shares": 223570644.0,
        "Basic Average Shares": 216421664.0,
        "Diluted EPS": 0.465,
        "Basic EPS": 0.48,
        "Diluted NI Availto Com Stockholders": 104711000.0,
        "Net Income Common Stockholders": 104711000.0,
        "Net Income": 104711000.0,
        "Minority Interests": -2476000.0,
        "Net Income Including Noncontrolling Interests": 107187000.0,
        "Net Income Continuous Operations": 107187000.0,
        "Tax Provision": 3804000.0,
        "Pretax Income": 110991000.0,
        "Other Income Expense": 783000.0,
        "Other Non Operating Income Expenses": 783000.0,
        "Net Non Operating Interest Income Expense": 28573000.0,
        "Interest Expense Non Operating": 4820000.0,
        "Interest Income Non Operating": 33393000.0,
        "Operating Income": 81635000.0,
        "Operating Expense": 1639052000.0,
        "Other Operating Expenses": 1211407000.0,
        "Research And Development": 201822000.0,
        "Selling General And Administration": 225823000.0,
        "Selling And Marketing Expense": 102917000.0,
        "General And Administrative Expense": 122906000.0,
        "Other Gand A": 122906000.0,
        "Gross Profit": 1720687000.0,
        "Cost Of Revenue": 4255182000.0,
        "Total Revenue": 5975869000.0,
        "Operating Revenue": 5975869000.0
    }
}