{
    "2023-03-31": {
        "Tax Effect Of Unusual Items": NaN,
        "Tax Rate For Calcs": NaN,
        "Normalized EBITDA": NaN,
        "Net Income From Continuing Operation Net Minority Interest": NaN,
        "Reconciled Depreciation": NaN,
        "Reconciled Cost Of Revenue": NaN,
        "EBITDA": NaN,
        "EBIT": NaN,
        "Net Interest Income": NaN,
        "Interest Expense": NaN,
        "Interest Income": NaN,
        "Normalized Income": NaN,
        "Net Income From Continuing And Discontinued Operation": NaN,
        "Total Expenses": NaN,
        "Total Operating Income As Reported": NaN,
        "Diluted Average Shares": NaN,
        "Basic Average Shares": NaN,
        "Diluted EPS": NaN,
        "Basic EPS": NaN,
        "Diluted NI Availto Com Stockholders": NaN,
        "Net Income Common Stockholders": NaN,
        "Net Income": NaN,
        "Net Income Including Noncontrolling Interests": NaN,
        "Net Income Continuous Operations": NaN,
        "Tax Provision": NaN,
        "Pretax Income": NaN,
        "Other Income Expense": NaN,
        "Other Non Operating Income Expenses": NaN,
        "Net Non Operating Interest Income Expense": NaN,
        "Total Other Finance Cost": 845000.0,
        "Interest Expense Non Operating": NaN,
        "Interest Income Non Operating": NaN,
        "Operating Income": NaN,
        "Operating Expense": NaN,
        "Depreciation Amortization Depletion Income Statement": NaN,
        "Depreciation And Amortization In Income Statement": NaN,
        "Amortization": NaN,
        "Amortization Of Intangibles Income Statement": NaN,
        "Research And Development": NaN,
        "Selling General And Administration": NaN,
        "Selling And Marketing Expense": NaN,
        "General And Administrative Expense": NaN,
        "Other Gand A": NaN,
        "Gross Profit": NaN,
        "Cost Of Revenue": NaN,
        "Total Revenue": NaN,
        "Operating Revenue": NaN
    },
    "2022-12-31": {
        "Tax Effect Of Unusual Items": 0.0,
        "Tax Rate For Calcs": 0.21,
        "Normalized EBITDA": -10506000.0,
        "Net Income From Continuing Operation Net Minority Interest": -29034000.0,
        "Reconciled Depreciation": 9804000.0,
        "Reconciled Cost Of Revenue": 96757000.0,
        "EBITDA": -10506000.0,
        "EBIT": -20310000.0,
        "Net Interest Income": 10574000.0,
        "Interest Expense": 5544000.0,
        "Interest Income": 13593000.0,
        "Normalized Income": -29034000.0,
        "Net Income From Continuing And Discontinued Operation": -29034000.0,
        "Total Expenses": 504027000.0,
        "Total Operating Income As Reported": -34628000.0,
        "Diluted Average Shares": 317348000.0,
        "Basic Average Shares": 317348000.0,
        "Diluted EPS": -0.09,
        "Basic EPS": -0.09,
        "Diluted NI Availto Com Stockholders": -29034000.0,
        "Net Income Common Stockholders": -29034000.0,
        "Net Income": -29034000.0,
        "Net Income Including Noncontrolling Interests": -29034000.0,
        "Net Income Continuous Operations": -29034000.0,
        "Tax Provision": 3180000.0,
        "Pretax Income": -25854000.0,
        "Other Income Expense": -1800000.0,
        "Other Non Operating Income Expenses": -1800000.0,
        "Net Non Operating Interest Income Expense": 10574000.0,
        "Total Other Finance Cost": NaN,
        "Interest Expense Non Operating": 5544000.0,
        "Interest Income Non Operating": 13593000.0,
        "Operating Income": -34628000.0,
        "Operating Expense": 407270000.0,
        "Research And Development": 218656000.0,
        "Selling General And Administration": 188614000.0,
        "Selling And Marketing Expense": 149359000.0,
        "General And Administrative Expense": 39255000.0,
        "Other Gand A": 39255000.0,
        "Gross Profit": 372642000.0,
        "Cost Of Revenue": 96757000.0,
        "Total Revenue": 469399000.0,
        "Operating Revenue": 469399000.0
    },
    "2022-09-30": {
        "Tax Effect Of Unusual Items": NaN,
        "Tax Rate For Calcs": NaN,
        "Normalized EBITDA": NaN,
        "Net Income From Continuing Operation Net Minority Interest": NaN,
        "Reconciled Depreciation": NaN,
        "Reconciled Cost Of Revenue": NaN,
        "EBITDA": NaN,
        "EBIT": NaN,
        "Net Interest Income": NaN,
        "Interest Expense": NaN,
        "Interest Income": NaN,
        "Normalized Income": NaN,
        "Net Income From Continuing And Discontinued Operation": NaN,
        "Total Expenses": NaN,
        "Total Operating Income As Reported": NaN,
        "Diluted Average Shares": NaN,
        "Basic Average Shares": NaN,
        "Diluted EPS": NaN,
        "Basic EPS": NaN,
        "Diluted NI Availto Com Stockholders": NaN,
        "Net Income Common Stockholders": NaN,
        "Net Income": NaN,
        "Net Income Including Noncontrolling Interests": NaN,
        "Net Income Continuous Operations": NaN,
        "Tax Provision": NaN,
        "Pretax Income": NaN,
        "Other Income Expense": NaN,
        "Other Non Operating Income Expenses": NaN,
        "Net Non Operating Interest Income Expense": NaN,
        "Total Other Finance Cost": 843000.0,
        "Interest Expense Non Operating": NaN,
        "Interest Income Non Operating": NaN,
        "Operating Income": NaN,
        "Operating Expense": NaN,
        "Research And Development": NaN,
        "Selling General And Administration": NaN,
        "Selling And Marketing Expense": NaN,
        "General And Administrative Expense": NaN,
        "Other Gand A": NaN,
        "Gross Profit": NaN,
        "Cost Of Revenue": NaN,
        "Total Revenue": NaN,
        "Operating Revenue": NaN
    },
    "2022-06-30": {
        "Tax Effect Of Unusual Items": 0.0,
        "Tax Rate For Calcs": 0.4,
        "Normalized EBITDA": 12648000.0,
        "Net Income From Continuing Operation Net Minority Interest": -4879000.0,
        "Reconciled Depreciation": 8118000.0,
        "Reconciled Cost Of Revenue": 81925000.0,
        "EBITDA": 12648000.0,
        "EBIT": 4530000.0,
        "Net Interest Income": 3128000.0,
        "Interest Expense": 4541000.0,
        "Interest Income": 7669000.0,
        "Normalized Income": -4879000.0,
        "Net Income From Continuing And Discontinued Operation": -4879000.0,
        "Total Expenses": 409277000.0,
        "Total Operating Income As Reported": -3139000.0,
        "Diluted Average Shares": 314795000.0,
        "Basic Average Shares": 314795000.0,
        "Diluted EPS": -0.02,
        "Basic EPS": -0.02,
        "Diluted NI Availto Com Stockholders": -4879000.0,
        "Net Income Common Stockholders": -4879000.0,
        "Net Income": -4879000.0,
        "Net Income Including Noncontrolling Interests": -4879000.0,
        "Net Income Continuous Operations": -4879000.0,
        "Tax Provision": 4868000.0,
        "Pretax Income": -11000.0,
        "Other Income Expense": 914000.0,
        "Other Non Operating Income Expenses": 914000.0,
        "Net Non Operating Interest Income Expense": 3128000.0,
        "Total Other Finance Cost": NaN,
        "Interest Expense Non Operating": 4541000.0,
        "Interest Income Non Operating": 7669000.0,
        "Operating Income": -3139000.0,
        "Operating Expense": 327352000.0,
        "Research And Development": 177699000.0,
        "Selling General And Administration": 149653000.0,
        "Selling And Marketing Expense": 115270000.0,
        "General And Administrative Expense": 34383000.0,
        "Other Gand A": 34383000.0,
        "Gross Profit": 324213000.0,
        "Cost Of Revenue": 81925000.0,
        "Total Revenue": 406138000.0,
        "Operating Revenue": 406138000.0
    },
    "2022-03-31": {
        "Diluted EPS": 0.03,
        "Total Revenue": 363,
        "Gross Profit": 289,
        "Operating Income": 10,
        "EBIT": 29,
        "Net Income": 10
    },
    "2021-12-31": {
        "Diluted EPS": 0.02,
        "Total Revenue": 326,
        "Gross Profit": 259,
        "Operating Income": 8,
        "EBIT": 26,
        "Net Income": 7
    },
    "2021-09-30": {
        "Diluted EPS": -0.02,
        "Total Revenue": 270,
        "Gross Profit": 207,
        "Operating Income": -5,
        "EBIT": 11,
        "Net Income": -5
    },
    "2021-06-30": {
        "Diluted EPS": -0.03,
        "Total Revenue": 234,
        "Gross Profit": 176,
        "Operating Income": -10,
        "EBIT": 4,
        "Net Income": -9
    },
    "2021-03-31": {
        "Diluted EPS": -0.04,
        "Total Revenue": 199,
        "Gross Profit": 152,
        "Operating Income": -13,
        "EBIT": 0,
        "Net Income": -13
    },
    "2020-12-31": {
        "Diluted EPS": -0.05,
        "Total Revenue": 178,
        "Gross Profit": 137,
        "Operating Income": -9,
        "EBIT": 11,
        "Net Income": -16
    },
    "2020-09-30": {
        "Diluted EPS": -0.05,
        "Total Revenue": 155,
        "Gross Profit": 121,
        "Operating Income": -9,
        "EBIT": 9,
        "Net Income": -15
    },
    "2020-06-30": {
        "Diluted EPS": 0.0,
        "Total Revenue": 140,
        "Gross Profit": 111,
        "Operating Income": 1,
        "EBIT": 11,
        "Net Income": 0
    },
    "2020-03-31": {
        "Diluted EPS": 0.02,
        "Total Revenue": 131,
        "Gross Profit": 105,
        "Operating Income": 4,
        "EBIT": 10,
        "Net Income": 6
    },
    "2019-12-31": {
        "Diluted EPS": 0.09,
        "Total Revenue": 114,
        "Gross Profit": 88,
        "Operating Income": -2,
        "EBIT": 3,
        "Net Income": 1
    },
    "2019-09-30": {
        "Diluted EPS": -0.04,
        "Total Revenue": 96,
        "Gross Profit": 73,
        "Operating Income": -4,
        "EBIT": 1,
        "Net Income": -4
    },
    "2019-06-30": {
        "Diluted EPS": -0.05,
        "Total Revenue": 83,
        "Gross Profit": 62,
        "Operating Income": -4,
        "EBIT": 0,
        "Net Income": -4
    },
    "2019-03-31": {
        "Diluted EPS": -0.12,
        "Total Revenue": 70,
        "Gross Profit": 51,
        "Operating Income": -10,
        "EBIT": -7,
        "Net Income": -9
    },
    "2018-12-31": {
        "Diluted EPS": 0.0,
        "Total Revenue": NaN,
        "Gross Profit": NaN,
        "Operating Income": NaN,
        "EBIT": NaN,
        "Net Income": NaN
    },
    "2018-09-30": {
        "Diluted EPS": -0.06,
        "Total Revenue": 51,
        "Gross Profit": 39,
        "Operating Income": -5,
        "EBIT": -5,
        "Net Income": -5
    },
    "2017-12-31": {
        "Diluted EPS": 0.0,
        "Total Revenue": NaN,
        "Gross Profit": NaN,
        "Operating Income": NaN,
        "EBIT": NaN,
        "Net Income": NaN
    },
    "2023-06-30": {
        "Tax Effect Of Unusual Items": NaN,
        "Tax Rate For Calcs": NaN,
        "Normalized EBITDA": NaN,
        "Net Income From Continuing Operation Net Minority Interest": NaN,
        "Reconciled Depreciation": NaN,
        "Reconciled Cost Of Revenue": NaN,
        "EBITDA": NaN,
        "EBIT": NaN,
        "Net Interest Income": NaN,
        "Interest Expense": NaN,
        "Interest Income": NaN,
        "Normalized Income": NaN,
        "Net Income From Continuing And Discontinued Operation": NaN,
        "Total Expenses": NaN,
        "Total Operating Income As Reported": NaN,
        "Diluted Average Shares": NaN,
        "Basic Average Shares": NaN,
        "Diluted EPS": NaN,
        "Basic EPS": NaN,
        "Diluted NI Availto Com Stockholders": NaN,
        "Net Income Common Stockholders": NaN,
        "Net Income": NaN,
        "Net Income Including Noncontrolling Interests": NaN,
        "Net Income Continuous Operations": NaN,
        "Tax Provision": NaN,
        "Pretax Income": NaN,
        "Other Income Expense": NaN,
        "Other Non Operating Income Expenses": NaN,
        "Net Non Operating Interest Income Expense": NaN,
        "Total Other Finance Cost": 846000.0,
        "Interest Expense Non Operating": NaN,
        "Interest Income Non Operating": NaN,
        "Operating Income": NaN,
        "Operating Expense": NaN,
        "Depreciation Amortization Depletion Income Statement": 206000.0,
        "Depreciation And Amortization In Income Statement": 206000.0,
        "Amortization": 206000.0,
        "Amortization Of Intangibles Income Statement": 206000.0,
        "Research And Development": NaN,
        "Selling General And Administration": NaN,
        "Selling And Marketing Expense": NaN,
        "General And Administrative Expense": NaN,
        "Other Gand A": NaN,
        "Gross Profit": NaN,
        "Cost Of Revenue": NaN,
        "Total Revenue": NaN,
        "Operating Revenue": NaN
    },
    "2023-09-30": {
        "Tax Effect Of Unusual Items": NaN,
        "Tax Rate For Calcs": NaN,
        "Normalized EBITDA": NaN,
        "Net Income From Continuing Operation Net Minority Interest": NaN,
        "Reconciled Depreciation": NaN,
        "Reconciled Cost Of Revenue": NaN,
        "EBITDA": NaN,
        "EBIT": NaN,
        "Net Interest Income": NaN,
        "Interest Expense": NaN,
        "Interest Income": NaN,
        "Normalized Income": NaN,
        "Net Income From Continuing And Discontinued Operation": NaN,
        "Total Expenses": NaN,
        "Total Operating Income As Reported": NaN,
        "Diluted Average Shares": NaN,
        "Basic Average Shares": NaN,
        "Diluted EPS": NaN,
        "Basic EPS": NaN,
        "Diluted NI Availto Com Stockholders": NaN,
        "Net Income Common Stockholders": NaN,
        "Net Income": NaN,
        "Net Income Including Noncontrolling Interests": NaN,
        "Net Income Continuous Operations": NaN,
        "Tax Provision": NaN,
        "Pretax Income": NaN,
        "Other Income Expense": NaN,
        "Other Non Operating Income Expenses": NaN,
        "Net Non Operating Interest Income Expense": NaN,
        "Total Other Finance Cost": 848000.0,
        "Interest Expense Non Operating": NaN,
        "Interest Income Non Operating": NaN,
        "Operating Income": NaN,
        "Operating Expense": NaN,
        "Depreciation Amortization Depletion Income Statement": 208000.0,
        "Depreciation And Amortization In Income Statement": 208000.0,
        "Amortization": 208000.0,
        "Amortization Of Intangibles Income Statement": 208000.0,
        "Research And Development": NaN,
        "Selling General And Administration": NaN,
        "Selling And Marketing Expense": NaN,
        "General And Administrative Expense": NaN,
        "Other Gand A": NaN,
        "Gross Profit": NaN,
        "Cost Of Revenue": NaN,
        "Total Revenue": NaN,
        "Operating Revenue": NaN
    },
    "2023-12-31": {
        "Tax Effect Of Unusual Items": 0.0,
        "Tax Rate For Calcs": 0.057171,
        "Normalized EBITDA": 73129000.0,
        "Net Income From Continuing Operation Net Minority Interest": 53993000.0,
        "Reconciled Depreciation": 12031000.0,
        "Reconciled Cost Of Revenue": 104829000.0,
        "EBITDA": 73129000.0,
        "EBIT": 61098000.0,
        "Net Interest Income": 31491000.0,
        "Interest Expense": 3831000.0,
        "Interest Income": 32783000.0,
        "Normalized Income": 53993000.0,
        "Net Income From Continuing And Discontinued Operation": 53993000.0,
        "Total Expenses": 561907000.0,
        "Total Operating Income As Reported": 27742000.0,
        "Diluted Average Shares": 352907000.0,
        "Basic Average Shares": 328895000.0,
        "Diluted EPS": 0.15,
        "Basic EPS": 0.16,
        "Diluted NI Availto Com Stockholders": 53993000.0,
        "Net Income Common Stockholders": 53993000.0,
        "Net Income": 53993000.0,
        "Net Income Including Noncontrolling Interests": 53993000.0,
        "Net Income Continuous Operations": 53993000.0,
        "Tax Provision": 3274000.0,
        "Pretax Income": 57267000.0,
        "Other Income Expense": -1966000.0,
        "Other Non Operating Income Expenses": -1966000.0,
        "Net Non Operating Interest Income Expense": 31491000.0,
        "Total Other Finance Cost": NaN,
        "Interest Expense Non Operating": 3831000.0,
        "Interest Income Non Operating": 32783000.0,
        "Operating Income": 27742000.0,
        "Operating Expense": 457078000.0,
        "Depreciation Amortization Depletion Income Statement": NaN,
        "Depreciation And Amortization In Income Statement": NaN,
        "Amortization": NaN,
        "Amortization Of Intangibles Income Statement": NaN,
        "Research And Development": 253250000.0,
        "Selling General And Administration": 203828000.0,
        "Selling And Marketing Expense": 159980000.0,
        "General And Administrative Expense": 43848000.0,
        "Other Gand A": 43848000.0,
        "Gross Profit": 484820000.0,
        "Cost Of Revenue": 104829000.0,
        "Total Revenue": 589649000.0,
        "Operating Revenue": 589649000.0
    },
    "2024-03-31": {
        "Tax Effect Of Unusual Items": NaN,
        "Tax Rate For Calcs": NaN,
        "Normalized EBITDA": NaN,
        "Total Unusual Items": NaN,
        "Total Unusual Items Excluding Goodwill": NaN,
        "Net Income From Continuing Operation Net Minority Interest": NaN,
        "Reconciled Depreciation": NaN,
        "Reconciled Cost Of Revenue": NaN,
        "EBITDA": NaN,
        "EBIT": NaN,
        "Net Interest Income": NaN,
        "Interest Expense": NaN,
        "Interest Income": NaN,
        "Normalized Income": NaN,
        "Net Income From Continuing And Discontinued Operation": NaN,
        "Total Expenses": NaN,
        "Total Operating Income As Reported": NaN,
        "Diluted Average Shares": NaN,
        "Basic Average Shares": NaN,
        "Diluted EPS": NaN,
        "Basic EPS": NaN,
        "Diluted NI Availto Com Stockholders": NaN,
        "Net Income Common Stockholders": NaN,
        "Net Income": NaN,
        "Net Income Including Noncontrolling Interests": NaN,
        "Net Income Continuous Operations": NaN,
        "Tax Provision": NaN,
        "Pretax Income": NaN,
        "Other Income Expense": NaN,
        "Other Non Operating Income Expenses": NaN,
        "Special Income Charges": NaN,
        "Restructuring And Mergern Acquisition": NaN,
        "Net Non Operating Interest Income Expense": NaN,
        "Total Other Finance Cost": 850000.0,
        "Interest Expense Non Operating": NaN,
        "Interest Income Non Operating": NaN,
        "Operating Income": NaN,
        "Operating Expense": NaN,
        "Depreciation Amortization Depletion Income Statement": 205000.0,
        "Depreciation And Amortization In Income Statement": 205000.0,
        "Amortization": 205000.0,
        "Amortization Of Intangibles Income Statement": 205000.0,
        "Research And Development": NaN,
        "Selling General And Administration": NaN,
        "Selling And Marketing Expense": NaN,
        "General And Administrative Expense": NaN,
        "Other Gand A": NaN,
        "Gross Profit": NaN,
        "Cost Of Revenue": NaN,
        "Total Revenue": NaN,
        "Operating Revenue": NaN
    },
    "2024-06-30": {
        "Tax Effect Of Unusual Items": 0.0,
        "Tax Rate For Calcs": 0.083046,
        "Normalized EBITDA": 60795000.0,
        "Total Unusual Items": 0.0,
        "Total Unusual Items Excluding Goodwill": 0.0,
        "Net Income From Continuing Operation Net Minority Interest": 43824000.0,
        "Reconciled Depreciation": 12435000.0,
        "Reconciled Cost Of Revenue": 111269000.0,
        "EBITDA": 60795000.0,
        "EBIT": 48360000.0,
        "Net Interest Income": 35764000.0,
        "Interest Expense": 567000.0,
        "Interest Income": 37241000.0,
        "Normalized Income": 43824000.0,
        "Net Income From Continuing And Discontinued Operation": 43824000.0,
        "Total Expenses": 632661000.0,
        "Total Operating Income As Reported": 12618000.0,
        "Diluted Average Shares": NaN,
        "Basic Average Shares": NaN,
        "Diluted EPS": NaN,
        "Basic EPS": NaN,
        "Diluted NI Availto Com Stockholders": 43824000.0,
        "Net Income Common Stockholders": 43824000.0,
        "Net Income": 43824000.0,
        "Net Income Including Noncontrolling Interests": 43824000.0,
        "Net Income Continuous Operations": 43824000.0,
        "Tax Provision": 3969000.0,
        "Pretax Income": 47793000.0,
        "Other Income Expense": -589000.0,
        "Other Non Operating Income Expenses": -589000.0,
        "Special Income Charges": 0.0,
        "Restructuring And Mergern Acquisition": 0.0,
        "Net Non Operating Interest Income Expense": 35764000.0,
        "Total Other Finance Cost": 910000.0,
        "Interest Expense Non Operating": 567000.0,
        "Interest Income Non Operating": 37241000.0,
        "Operating Income": 12618000.0,
        "Operating Expense": 509162000.0,
        "Depreciation Amortization Depletion Income Statement": 205000.0,
        "Depreciation And Amortization In Income Statement": 205000.0,
        "Amortization": 205000.0,
        "Amortization Of Intangibles Income Statement": 205000.0,
        "Research And Development": 274599000.0,
        "Selling General And Administration": 234358000.0,
        "Selling And Marketing Expense": 186800000.0,
        "General And Administrative Expense": 47558000.0,
        "Other Gand A": 47558000.0,
        "Gross Profit": 521780000.0,
        "Cost Of Revenue": 123499000.0,
        "Total Revenue": 645279000.0,
        "Operating Revenue": 645279000.0
    },
    "2024-09-30": {
        "Tax Effect Of Unusual Items": 0.0,
        "Tax Rate For Calcs": 0.079076,
        "Normalized EBITDA": 70690000.0,
        "Total Unusual Items": NaN,
        "Total Unusual Items Excluding Goodwill": NaN,
        "Net Income From Continuing Operation Net Minority Interest": 51697000.0,
        "Reconciled Depreciation": 13892000.0,
        "Reconciled Cost Of Revenue": 124072000.0,
        "EBITDA": 70690000.0,
        "EBIT": 56798000.0,
        "Net Interest Income": 38508000.0,
        "Interest Expense": 662000.0,
        "Interest Income": 40082000.0,
        "Normalized Income": 51697000.0,
        "Net Income From Continuing And Discontinued Operation": 51697000.0,
        "Total Expenses": 669738000.0,
        "Total Operating Income As Reported": 20278000.0,
        "Diluted Average Shares": 357635000.0,
        "Basic Average Shares": 337562000.0,
        "Diluted EPS": 0.14,
        "Basic EPS": 0.15,
        "Diluted NI Availto Com Stockholders": 51697000.0,
        "Net Income Common Stockholders": 51697000.0,
        "Net Income": 51697000.0,
        "Net Income Including Noncontrolling Interests": 51697000.0,
        "Net Income Continuous Operations": 51697000.0,
        "Tax Provision": 4439000.0,
        "Pretax Income": 56136000.0,
        "Other Income Expense": -2650000.0,
        "Other Non Operating Income Expenses": -2650000.0,
        "Special Income Charges": NaN,
        "Restructuring And Mergern Acquisition": NaN,
        "Net Non Operating Interest Income Expense": 38508000.0,
        "Total Other Finance Cost": 912000.0,
        "Interest Expense Non Operating": 662000.0,
        "Interest Income Non Operating": 40082000.0,
        "Operating Income": 20278000.0,
        "Operating Expense": 531982000.0,
        "Depreciation Amortization Depletion Income Statement": 208000.0,
        "Depreciation And Amortization In Income Statement": 208000.0,
        "Amortization": 208000.0,
        "Amortization Of Intangibles Income Statement": 208000.0,
        "Research And Development": 291802000.0,
        "Selling General And Administration": 239972000.0,
        "Selling And Marketing Expense": 187564000.0,
        "General And Administrative Expense": 52408000.0,
        "Other Gand A": 52408000.0,
        "Gross Profit": 552260000.0,
        "Cost Of Revenue": 137756000.0,
        "Total Revenue": 690016000.0,
        "Operating Revenue": 690016000.0
    },
    "2024-12-31": {
        "Tax Effect Of Unusual Items": 0.0,
        "Tax Rate For Calcs": 0.152937,
        "Normalized EBITDA": 74847000.0,
        "Total Unusual Items": NaN,
        "Total Unusual Items Excluding Goodwill": NaN,
        "Net Income From Continuing Operation Net Minority Interest": 45594000.0,
        "Reconciled Depreciation": 15706000.0,
        "Reconciled Cost Of Revenue": 144178000.0,
        "EBITDA": 74847000.0,
        "EBIT": 59141000.0,
        "Net Interest Income": 39920000.0,
        "Interest Expense": 5315000.0,
        "Interest Income": 42563000.0,
        "Normalized Income": 45594000.0,
        "Net Income From Continuing And Discontinued Operation": 45594000.0,
        "Total Expenses": 728335000.0,
        "Total Operating Income As Reported": 9392000.0,
        "Diluted Average Shares": 360940000.0,
        "Basic Average Shares": 340320000.0,
        "Diluted EPS": 0.13,
        "Basic EPS": 0.13,
        "Diluted NI Availto Com Stockholders": 45594000.0,
        "Net Income Common Stockholders": 45594000.0,
        "Net Income": 45594000.0,
        "Net Income Including Noncontrolling Interests": 45594000.0,
        "Net Income Continuous Operations": 45594000.0,
        "Tax Provision": 8232000.0,
        "Pretax Income": 53826000.0,
        "Other Income Expense": 4514000.0,
        "Other Non Operating Income Expenses": 4514000.0,
        "Special Income Charges": NaN,
        "Restructuring And Mergern Acquisition": NaN,
        "Net Non Operating Interest Income Expense": 39920000.0,
        "Total Other Finance Cost": NaN,
        "Interest Expense Non Operating": 5315000.0,
        "Interest Income Non Operating": 42563000.0,
        "Operating Income": 9392000.0,
        "Operating Expense": 584157000.0,
        "Depreciation Amortization Depletion Income Statement": NaN,
        "Depreciation And Amortization In Income Statement": NaN,
        "Amortization": NaN,
        "Amortization Of Intangibles Income Statement": NaN,
        "Research And Development": 316314000.0,
        "Selling General And Administration": 268461000.0,
        "Selling And Marketing Expense": 208565000.0,
        "General And Administrative Expense": 59896000.0,
        "Other Gand A": 59896000.0,
        "Gross Profit": 593549000.0,
        "Cost Of Revenue": 144178000.0,
        "Total Revenue": 737727000.0,
        "Operating Revenue": 737727000.0
    },
    "2025-03-31": {
        "Tax Effect Of Unusual Items": 0.0,
        "Tax Rate For Calcs": 0.224997,
        "Normalized EBITDA": 44140000.0,
        "Total Unusual Items": NaN,
        "Total Unusual Items Excluding Goodwill": NaN,
        "Net Income From Continuing Operation Net Minority Interest": 24642000.0,
        "Reconciled Depreciation": 11200000.0,
        "Reconciled Cost Of Revenue": 146631000.0,
        "EBITDA": 44140000.0,
        "EBIT": 32940000.0,
        "Net Interest Income": 47764000.0,
        "Interest Expense": 1144000.0,
        "Interest Income": 50727000.0,
        "Normalized Income": 24642000.0,
        "Net Income From Continuing And Discontinued Operation": 24642000.0,
        "Total Expenses": 773973000.0,
        "Total Operating Income As Reported": -12420000.0,
        "Diluted Average Shares": 363078000.0,
        "Basic Average Shares": 343097000.0,
        "Diluted EPS": 0.07,
        "Basic EPS": 0.07,
        "Diluted NI Availto Com Stockholders": 24642000.0,
        "Net Income Common Stockholders": 24642000.0,
        "Net Income": 24642000.0,
        "Net Income Including Noncontrolling Interests": 24642000.0,
        "Net Income Continuous Operations": 24642000.0,
        "Tax Provision": 7154000.0,
        "Pretax Income": 31796000.0,
        "Other Income Expense": -3548000.0,
        "Other Non Operating Income Expenses": -3548000.0,
        "Special Income Charges": NaN,
        "Restructuring And Mergern Acquisition": NaN,
        "Net Non Operating Interest Income Expense": 47764000.0,
        "Total Other Finance Cost": 1819000.0,
        "Interest Expense Non Operating": 1144000.0,
        "Interest Income Non Operating": 50727000.0,
        "Operating Income": -12420000.0,
        "Operating Expense": 616345000.0,
        "Depreciation Amortization Depletion Income Statement": 203000.0,
        "Depreciation And Amortization In Income Statement": 203000.0,
        "Amortization": 203000.0,
        "Amortization Of Intangibles Income Statement": 203000.0,
        "Research And Development": 341061000.0,
        "Selling General And Administration": 275081000.0,
        "Selling And Marketing Expense": 214088000.0,
        "General And Administrative Expense": 60993000.0,
        "Other Gand A": 60993000.0,
        "Gross Profit": 603925000.0,
        "Cost Of Revenue": 157628000.0,
        "Total Revenue": 761553000.0,
        "Operating Revenue": 761553000.0
    },
    "2025-06-30": {
        "Tax Effect Of Unusual Items": -288330.0,
        "Tax Rate For Calcs": 0.21,
        "Normalized EBITDA": 21722000.0,
        "Total Unusual Items": -1373000.0,
        "Total Unusual Items Excluding Goodwill": -1373000.0,
        "Net Income From Continuing Operation Net Minority Interest": 2647000.0,
        "Reconciled Depreciation": 12877000.0,
        "Reconciled Cost Of Revenue": 153289000.0,
        "EBITDA": 20349000.0,
        "EBIT": 7472000.0,
        "Net Interest Income": 47678000.0,
        "Interest Expense": 1384000.0,
        "Interest Income": 50753000.0,
        "Normalized Income": 3731670.0,
        "Net Income From Continuing And Discontinued Operation": 2647000.0,
        "Total Expenses": 860887000.0,
        "Total Operating Income As Reported": -35500000.0,
        "Diluted Average Shares": 358725000.0,
        "Basic Average Shares": 346185000.0,
        "Diluted EPS": 0.01,
        "Basic EPS": 0.01,
        "Diluted NI Availto Com Stockholders": 2647000.0,
        "Net Income Common Stockholders": 2647000.0,
        "Net Income": 2647000.0,
        "Net Income Including Noncontrolling Interests": 2647000.0,
        "Net Income Continuous Operations": 2647000.0,
        "Tax Provision": 3441000.0,
        "Pretax Income": 6088000.0,
        "Other Income Expense": -7463000.0,
        "Other Non Operating Income Expenses": -6090000.0,
        "Special Income Charges": -1373000.0,
        "Restructuring And Mergern Acquisition": 1373000.0,
        "Net Non Operating Interest Income Expense": 47678000.0,
        "Total Other Finance Cost": 1691000.0,
        "Interest Expense Non Operating": 1384000.0,
        "Interest Income Non Operating": 50753000.0,
        "Operating Income": -34127000.0,
        "Operating Expense": 694909000.0,
        "Depreciation Amortization Depletion Income Statement": 188000.0,
        "Depreciation And Amortization In Income Statement": 188000.0,
        "Amortization": 188000.0,
        "Amortization Of Intangibles Income Statement": 188000.0,
        "Research And Development": 387482000.0,
        "Selling General And Administration": 307239000.0,
        "Selling And Marketing Expense": 238838000.0,
        "General And Administrative Expense": 68401000.0,
        "Other Gand A": 68401000.0,
        "Gross Profit": 660782000.0,
        "Cost Of Revenue": 165978000.0,
        "Total Revenue": 826760000.0,
        "Operating Revenue": 826760000.0
    },
    "2025-09-30": {
        "Tax Effect Of Unusual Items": NaN,
        "Tax Rate For Calcs": NaN,
        "Normalized EBITDA": NaN,
        "Total Unusual Items": NaN,
        "Total Unusual Items Excluding Goodwill": NaN,
        "Net Income From Continuing Operation Net Minority Interest": NaN,
        "Reconciled Depreciation": NaN,
        "Reconciled Cost Of Revenue": NaN,
        "EBITDA": NaN,
        "EBIT": NaN,
        "Net Interest Income": NaN,
        "Interest Expense": NaN,
        "Interest Income": NaN,
        "Normalized Income": NaN,
        "Net Income From Continuing And Discontinued Operation": NaN,
        "Total Expenses": NaN,
        "Total Operating Income As Reported": NaN,
        "Diluted Average Shares": 362001000.0,
        "Basic Average Shares": 348645000.0,
        "Diluted EPS": 0.1,
        "Basic EPS": 0.1,
        "Diluted NI Availto Com Stockholders": NaN,
        "Net Income Common Stockholders": NaN,
        "Net Income": NaN,
        "Net Income Including Noncontrolling Interests": NaN,
        "Net Income Continuous Operations": NaN,
        "Tax Provision": NaN,
        "Pretax Income": NaN,
        "Other Income Expense": NaN,
        "Other Non Operating Income Expenses": NaN,
        "Special Income Charges": NaN,
        "Restructuring And Mergern Acquisition": NaN,
        "Net Non Operating Interest Income Expense": NaN,
        "Total Other Finance Cost": NaN,
        "Interest Expense Non Operating": NaN,
        "Interest Income Non Operating": NaN,
        "Operating Income": NaN,
        "Operating Expense": NaN,
        "Depreciation Amortization Depletion Income Statement": NaN,
        "Depreciation And Amortization In Income Statement": NaN,
        "Amortization": NaN,
        "Amortization Of Intangibles Income Statement": NaN,
        "Research And Development": NaN,
        "Selling General And Administration": NaN,
        "Selling And Marketing Expense": NaN,
        "General And Administrative Expense": NaN,
        "Other Gand A": NaN,
        "Gross Profit": NaN,
        "Cost Of Revenue": NaN,
        "Total Revenue": NaN,
        "Operating Revenue": NaN
    }
}