{
    "2023-06-30": {
        "Tax Effect Of Unusual Items": NaN,
        "Tax Rate For Calcs": NaN,
        "Normalized EBITDA": NaN,
        "Net Income From Continuing Operation Net Minority Interest": NaN,
        "Reconciled Depreciation": NaN,
        "Reconciled Cost Of Revenue": NaN,
        "EBITDA": NaN,
        "EBIT": NaN,
        "Net Interest Income": NaN,
        "Interest Expense": NaN,
        "Interest Income": NaN,
        "Normalized Income": NaN,
        "Net Income From Continuing And Discontinued Operation": NaN,
        "Total Expenses": NaN,
        "Total Operating Income As Reported": NaN,
        "Diluted Average Shares": 157926000.0,
        "Basic Average Shares": 156990000.0,
        "Diluted EPS": 0.401667,
        "Basic EPS": 0.405,
        "Diluted NI Availto Com Stockholders": NaN,
        "Net Income Common Stockholders": NaN,
        "Net Income": NaN,
        "Net Income Including Noncontrolling Interests": NaN,
        "Net Income Continuous Operations": NaN,
        "Tax Provision": NaN,
        "Pretax Income": NaN,
        "Other Income Expense": NaN,
        "Other Non Operating Income Expenses": NaN,
        "Net Non Operating Interest Income Expense": NaN,
        "Interest Expense Non Operating": NaN,
        "Interest Income Non Operating": NaN,
        "Operating Income": NaN,
        "Operating Expense": NaN,
        "Selling General And Administration": NaN,
        "Gross Profit": NaN,
        "Cost Of Revenue": NaN,
        "Total Revenue": NaN,
        "Operating Revenue": NaN
    },
    "2023-03-31": {
        "Tax Effect Of Unusual Items": NaN,
        "Tax Rate For Calcs": NaN,
        "Normalized EBITDA": NaN,
        "Net Income From Continuing Operation Net Minority Interest": NaN,
        "Reconciled Depreciation": NaN,
        "Reconciled Cost Of Revenue": NaN,
        "EBITDA": NaN,
        "EBIT": NaN,
        "Net Interest Income": NaN,
        "Interest Expense": NaN,
        "Interest Income": NaN,
        "Normalized Income": NaN,
        "Net Income From Continuing And Discontinued Operation": NaN,
        "Total Expenses": NaN,
        "Total Operating Income As Reported": NaN,
        "Diluted Average Shares": 26493000.0,
        "Basic Average Shares": 26302000.0,
        "Diluted EPS": 3.46,
        "Basic EPS": 3.49,
        "Diluted NI Availto Com Stockholders": NaN,
        "Net Income Common Stockholders": NaN,
        "Net Income": NaN,
        "Net Income Including Noncontrolling Interests": NaN,
        "Net Income Continuous Operations": NaN,
        "Tax Provision": NaN,
        "Pretax Income": NaN,
        "Other Income Expense": NaN,
        "Other Non Operating Income Expenses": NaN,
        "Net Non Operating Interest Income Expense": NaN,
        "Interest Expense Non Operating": NaN,
        "Interest Income Non Operating": NaN,
        "Operating Income": NaN,
        "Operating Expense": NaN,
        "Selling General And Administration": NaN,
        "Gross Profit": NaN,
        "Cost Of Revenue": NaN,
        "Total Revenue": NaN,
        "Operating Revenue": NaN
    },
    "2022-12-31": {
        "Tax Effect Of Unusual Items": NaN,
        "Tax Rate For Calcs": NaN,
        "Normalized EBITDA": NaN,
        "Net Income From Continuing Operation Net Minority Interest": NaN,
        "Reconciled Depreciation": NaN,
        "Reconciled Cost Of Revenue": NaN,
        "EBITDA": NaN,
        "EBIT": NaN,
        "Net Interest Income": NaN,
        "Interest Expense": NaN,
        "Interest Income": NaN,
        "Normalized Income": NaN,
        "Net Income From Continuing And Discontinued Operation": NaN,
        "Total Expenses": NaN,
        "Total Operating Income As Reported": NaN,
        "Diluted Average Shares": 26586000.0,
        "Basic Average Shares": 26418000.0,
        "Diluted EPS": 10.48,
        "Basic EPS": 10.55,
        "Diluted NI Availto Com Stockholders": NaN,
        "Net Income Common Stockholders": NaN,
        "Net Income": NaN,
        "Net Income Including Noncontrolling Interests": NaN,
        "Net Income Continuous Operations": NaN,
        "Tax Provision": NaN,
        "Pretax Income": NaN,
        "Other Income Expense": NaN,
        "Other Non Operating Income Expenses": NaN,
        "Net Non Operating Interest Income Expense": NaN,
        "Interest Expense Non Operating": NaN,
        "Interest Income Non Operating": NaN,
        "Operating Income": NaN,
        "Operating Expense": NaN,
        "Selling General And Administration": NaN,
        "Gross Profit": NaN,
        "Cost Of Revenue": NaN,
        "Total Revenue": NaN,
        "Operating Revenue": NaN
    },
    "2022-09-30": {
        "Tax Effect Of Unusual Items": 0.0,
        "Tax Rate For Calcs": 0.212492,
        "Normalized EBITDA": 127831000.0,
        "Net Income From Continuing Operation Net Minority Interest": 101524000.0,
        "Reconciled Depreciation": 11313000.0,
        "Reconciled Cost Of Revenue": 453693000.0,
        "EBITDA": 127831000.0,
        "EBIT": 127831000.0,
        "Net Interest Income": 846000.0,
        "Interest Expense": 1038000.0,
        "Interest Income": 1884000.0,
        "Normalized Income": 101524000.0,
        "Net Income From Continuing And Discontinued Operation": 101524000.0,
        "Total Expenses": 747783000.0,
        "Total Operating Income As Reported": 127831000.0,
        "Diluted Average Shares": 26682000.0,
        "Basic Average Shares": 26517000.0,
        "Diluted EPS": 3.8,
        "Basic EPS": 3.83,
        "Diluted NI Availto Com Stockholders": 101524000.0,
        "Net Income Common Stockholders": 101524000.0,
        "Net Income": 101524000.0,
        "Net Income Including Noncontrolling Interests": 101524000.0,
        "Net Income Continuous Operations": 101524000.0,
        "Tax Provision": 27394000.0,
        "Pretax Income": 128918000.0,
        "Other Income Expense": 1087000.0,
        "Other Non Operating Income Expenses": 1087000.0,
        "Net Non Operating Interest Income Expense": 846000.0,
        "Interest Expense Non Operating": 1038000.0,
        "Interest Income Non Operating": 1884000.0,
        "Operating Income": 127831000.0,
        "Operating Expense": 294090000.0,
        "Selling General And Administration": 294090000.0,
        "Gross Profit": 421921000.0,
        "Cost Of Revenue": 453693000.0,
        "Total Revenue": 875614000.0,
        "Operating Revenue": 875614000.0
    },
    "2022-06-30": {
        "Tax Effect Of Unusual Items": 0.0,
        "Tax Rate For Calcs": 0.213203,
        "Normalized EBITDA": 56341000.0,
        "Net Income From Continuing Operation Net Minority Interest": 44849000.0,
        "Reconciled Depreciation": 11705000.0,
        "Reconciled Cost Of Revenue": 319709000.0,
        "EBITDA": 56341000.0,
        "EBIT": 56341000.0,
        "Net Interest Income": 162000.0,
        "Interest Expense": 1052000.0,
        "Interest Income": 1214000.0,
        "Normalized Income": 44849000.0,
        "Net Income From Continuing And Discontinued Operation": 44849000.0,
        "Total Expenses": 558120000.0,
        "Total Operating Income As Reported": 56341000.0,
        "Diluted Average Shares": 26948000.0,
        "Basic Average Shares": 26777000.0,
        "Diluted EPS": 1.66,
        "Basic EPS": 1.67,
        "Diluted NI Availto Com Stockholders": 44849000.0,
        "Net Income Common Stockholders": 44849000.0,
        "Net Income": 44849000.0,
        "Net Income Including Noncontrolling Interests": 44849000.0,
        "Net Income Continuous Operations": 44849000.0,
        "Tax Provision": 12153000.0,
        "Pretax Income": 57002000.0,
        "Other Income Expense": 661000.0,
        "Other Non Operating Income Expenses": 661000.0,
        "Net Non Operating Interest Income Expense": 162000.0,
        "Interest Expense Non Operating": 1052000.0,
        "Interest Income Non Operating": 1214000.0,
        "Operating Income": 56341000.0,
        "Operating Expense": 238411000.0,
        "Selling General And Administration": 238411000.0,
        "Gross Profit": 294752000.0,
        "Cost Of Revenue": 319709000.0,
        "Total Revenue": 614461000.0,
        "Operating Revenue": 614461000.0
    },
    "2022-03-31": {
        "Diluted EPS": 2.47,
        "Total Revenue": 736,
        "Gross Profit": 359,
        "Operating Income": 81,
        "EBIT": 93,
        "Net Income": 69
    },
    "2021-12-31": {
        "Diluted EPS": 8.42,
        "Total Revenue": NaN,
        "Gross Profit": 621,
        "Operating Income": 293,
        "EBIT": 305,
        "Net Income": 233
    },
    "2021-09-30": {
        "Diluted EPS": 3.66,
        "Total Revenue": 722,
        "Gross Profit": 367,
        "Operating Income": 128,
        "EBIT": 139,
        "Net Income": 102
    },
    "2021-06-30": {
        "Diluted EPS": 1.71,
        "Total Revenue": 505,
        "Gross Profit": 261,
        "Operating Income": 62,
        "EBIT": 72,
        "Net Income": 48
    },
    "2021-03-31": {
        "Diluted EPS": 1.18,
        "Total Revenue": 561,
        "Gross Profit": 299,
        "Operating Income": 55,
        "EBIT": 68,
        "Net Income": 33
    },
    "2020-12-31": {
        "Diluted EPS": 8.99,
        "Total Revenue": NaN,
        "Gross Profit": 614,
        "Operating Income": 329,
        "EBIT": 340,
        "Net Income": 256
    },
    "2020-09-30": {
        "Diluted EPS": 3.58,
        "Total Revenue": 624,
        "Gross Profit": 319,
        "Operating Income": 129,
        "EBIT": 139,
        "Net Income": 102
    },
    "2020-06-30": {
        "Diluted EPS": -0.28,
        "Total Revenue": 283,
        "Gross Profit": 143,
        "Operating Income": -8,
        "EBIT": 2,
        "Net Income": -8
    },
    "2020-03-31": {
        "Diluted EPS": 0.44,
        "Total Revenue": 375,
        "Gross Profit": 193,
        "Operating Income": 17,
        "EBIT": 26,
        "Net Income": 16
    },
    "2019-12-31": {
        "Diluted EPS": 7.14,
        "Total Revenue": 939,
        "Gross Profit": 508,
        "Operating Income": 256,
        "EBIT": 265,
        "Net Income": 202
    },
    "2019-09-30": {
        "Diluted EPS": 2.71,
        "Total Revenue": 542,
        "Gross Profit": 273,
        "Operating Income": 97,
        "EBIT": 107,
        "Net Income": 78
    },
    "2019-06-30": {
        "Diluted EPS": -0.67,
        "Total Revenue": 277,
        "Gross Profit": 130,
        "Operating Income": -31,
        "EBIT": -21,
        "Net Income": -19
    },
    "2019-03-31": {
        "Diluted EPS": 0.68,
        "Total Revenue": 394,
        "Gross Profit": 203,
        "Operating Income": 32,
        "EBIT": 43,
        "Net Income": 24
    },
    "2018-12-31": {
        "Diluted EPS": 6.68,
        "Total Revenue": 874,
        "Gross Profit": 470,
        "Operating Income": 245,
        "EBIT": 256,
        "Net Income": 196
    },
    "2018-09-30": {
        "Diluted EPS": 2.48,
        "Total Revenue": 502,
        "Gross Profit": 252,
        "Operating Income": 90,
        "EBIT": 101,
        "Net Income": 74
    },
    "2018-06-30": {
        "Diluted EPS": -1.0,
        "Total Revenue": 251,
        "Gross Profit": 115,
        "Operating Income": -39,
        "EBIT": -28,
        "Net Income": -30
    },
    "2018-03-31": {
        "Diluted EPS": 0.67,
        "Total Revenue": 401,
        "Gross Profit": 192,
        "Operating Income": 18,
        "EBIT": 30,
        "Net Income": 21
    },
    "2017-12-31": {
        "Diluted EPS": 2.69,
        "Total Revenue": 810,
        "Gross Profit": 423,
        "Operating Income": 193,
        "EBIT": 205,
        "Net Income": 86
    },
    "2017-09-30": {
        "Diluted EPS": 1.54,
        "Total Revenue": 482,
        "Gross Profit": 225,
        "Operating Income": 67,
        "EBIT": 80,
        "Net Income": 50
    },
    "2017-06-30": {
        "Diluted EPS": -1.32,
        "Total Revenue": 210,
        "Gross Profit": 91,
        "Operating Income": -56,
        "EBIT": -44,
        "Net Income": -42
    },
    "2017-03-31": {
        "Diluted EPS": -0.46,
        "Total Revenue": 369,
        "Gross Profit": 159,
        "Operating Income": -31,
        "EBIT": -18,
        "Net Income": -16
    },
    "2016-12-31": {
        "Diluted EPS": 1.27,
        "Total Revenue": 760,
        "Gross Profit": 384,
        "Operating Income": 53,
        "EBIT": 181,
        "Net Income": 41
    },
    "2016-09-30": {
        "Diluted EPS": 1.21,
        "Total Revenue": 486,
        "Gross Profit": 216,
        "Operating Income": 54,
        "EBIT": 67,
        "Net Income": 39
    },
    "2016-06-30": {
        "Diluted EPS": -1.84,
        "Total Revenue": 174,
        "Gross Profit": 76,
        "Operating Income": -78,
        "EBIT": -65,
        "Net Income": -59
    },
    "2016-03-31": {
        "Diluted EPS": -0.76,
        "Total Revenue": 379,
        "Gross Profit": 155,
        "Operating Income": -28,
        "EBIT": -16,
        "Net Income": -24
    },
    "2015-12-31": {
        "Diluted EPS": 4.78,
        "Total Revenue": 796,
        "Gross Profit": 391,
        "Operating Income": 203,
        "EBIT": 216,
        "Net Income": 157
    },
    "2015-09-30": {
        "Diluted EPS": 1.11,
        "Total Revenue": 487,
        "Gross Profit": 214,
        "Operating Income": 51,
        "EBIT": 64,
        "Net Income": 36
    },
    "2015-06-30": {
        "Diluted EPS": -1.43,
        "Total Revenue": 214,
        "Gross Profit": 87,
        "Operating Income": -64,
        "EBIT": -52,
        "Net Income": -47
    },
    "2015-03-31": {
        "Diluted EPS": 0.06,
        "Total Revenue": 341,
        "Gross Profit": 152,
        "Operating Income": 1,
        "EBIT": 12,
        "Net Income": 1
    },
    "2014-12-31": {
        "Diluted EPS": 4.5,
        "Total Revenue": 785,
        "Gross Profit": 415,
        "Operating Income": 215,
        "EBIT": 228,
        "Net Income": 157
    },
    "2014-09-30": {
        "Diluted EPS": 1.17,
        "Total Revenue": 480,
        "Gross Profit": 224,
        "Operating Income": 60,
        "EBIT": 73,
        "Net Income": 41
    },
    "2014-06-30": {
        "Diluted EPS": -1.07,
        "Total Revenue": 211,
        "Gross Profit": 87,
        "Operating Income": -50,
        "EBIT": -39,
        "Net Income": -37
    },
    "2014-03-31": {
        "Diluted EPS": -0.08,
        "Total Revenue": 295,
        "Gross Profit": 144,
        "Operating Income": 0,
        "EBIT": -22,
        "Net Income": -3
    },
    "2013-12-31": {
        "Diluted EPS": 0.0,
        "Total Revenue": NaN,
        "Gross Profit": NaN,
        "Operating Income": NaN,
        "EBIT": NaN,
        "Net Income": NaN
    },
    "2013-09-30": {
        "Diluted EPS": 0.95,
        "Total Revenue": 387,
        "Gross Profit": 167,
        "Operating Income": 46,
        "EBIT": 56,
        "Net Income": 33
    },
    "2013-06-30": {
        "Diluted EPS": -0.85,
        "Total Revenue": 170,
        "Gross Profit": 70,
        "Operating Income": -43,
        "EBIT": -34,
        "Net Income": -29
    },
    "2013-03-31": {
        "Diluted EPS": 0.03,
        "Total Revenue": 264,
        "Gross Profit": 124,
        "Operating Income": 264,
        "EBIT": 264,
        "Net Income": 1
    },
    "2012-12-31": {
        "Diluted EPS": 0.0,
        "Total Revenue": NaN,
        "Gross Profit": NaN,
        "Operating Income": NaN,
        "EBIT": NaN,
        "Net Income": NaN
    },
    "2012-09-30": {
        "Diluted EPS": 1.18,
        "Total Revenue": 376,
        "Gross Profit": 159,
        "Operating Income": 60,
        "EBIT": 68,
        "Net Income": 43
    },
    "2012-06-30": {
        "Diluted EPS": -0.53,
        "Total Revenue": 174,
        "Gross Profit": 74,
        "Operating Income": -29,
        "EBIT": -14,
        "Net Income": -20
    },
    "2012-03-31": {
        "Diluted EPS": 0.2,
        "Total Revenue": 246,
        "Gross Profit": 113,
        "Operating Income": 246,
        "EBIT": 246,
        "Net Income": 8
    },
    "2011-12-31": {
        "Diluted EPS": 0.0,
        "Total Revenue": NaN,
        "Gross Profit": NaN,
        "Operating Income": NaN,
        "EBIT": NaN,
        "Net Income": NaN
    },
    "2011-09-30": {
        "Diluted EPS": 1.59,
        "Total Revenue": 414,
        "Gross Profit": 203,
        "Operating Income": 91,
        "EBIT": 99,
        "Net Income": 62
    },
    "2011-06-30": {
        "Diluted EPS": -0.19,
        "Total Revenue": 154,
        "Gross Profit": 66,
        "Operating Income": -11,
        "EBIT": 1,
        "Net Income": -8
    },
    "2011-03-31": {
        "Diluted EPS": 0.49,
        "Total Revenue": 205,
        "Gross Profit": 102,
        "Operating Income": 205,
        "EBIT": 205,
        "Net Income": 19
    },
    "2010-12-31": {
        "Diluted EPS": 0.0,
        "Total Revenue": NaN,
        "Gross Profit": NaN,
        "Operating Income": NaN,
        "EBIT": NaN,
        "Net Income": NaN
    },
    "2010-09-30": {
        "Diluted EPS": 1.07,
        "Total Revenue": 278,
        "Gross Profit": 131,
        "Operating Income": 66,
        "EBIT": 69,
        "Net Income": 42
    },
    "2010-06-30": {
        "Diluted EPS": 0.23,
        "Total Revenue": 137,
        "Gross Profit": 61,
        "Operating Income": 13,
        "EBIT": 19,
        "Net Income": 9
    },
    "2010-03-31": {
        "Diluted EPS": 0.46,
        "Total Revenue": 156,
        "Gross Profit": 78,
        "Operating Income": 156,
        "EBIT": 156,
        "Net Income": 18
    },
    "2009-12-31": {
        "Diluted EPS": 0.0,
        "Total Revenue": NaN,
        "Gross Profit": NaN,
        "Operating Income": NaN,
        "EBIT": NaN,
        "Net Income": NaN
    },
    "2009-09-30": {
        "Diluted EPS": 0.86,
        "Total Revenue": 228,
        "Gross Profit": 98,
        "Operating Income": 53,
        "EBIT": 56,
        "Net Income": 34
    },
    "2009-06-30": {
        "Diluted EPS": 0.07,
        "Total Revenue": 103,
        "Gross Profit": 41,
        "Operating Income": 3,
        "EBIT": 8,
        "Net Income": 3
    },
    "2009-03-31": {
        "Diluted EPS": 0.31,
        "Total Revenue": 134,
        "Gross Profit": 59,
        "Operating Income": 134,
        "EBIT": 134,
        "Net Income": 12
    },
    "2023-09-30": {
        "Tax Effect Of Unusual Items": NaN,
        "Tax Rate For Calcs": NaN,
        "Normalized EBITDA": NaN,
        "Net Income From Continuing Operation Net Minority Interest": NaN,
        "Reconciled Depreciation": NaN,
        "Reconciled Cost Of Revenue": NaN,
        "EBITDA": NaN,
        "EBIT": NaN,
        "Net Interest Income": NaN,
        "Interest Expense": NaN,
        "Interest Income": NaN,
        "Normalized Income": NaN,
        "Net Income From Continuing And Discontinued Operation": NaN,
        "Total Expenses": NaN,
        "Total Operating Income As Reported": NaN,
        "Diluted Average Shares": 157070000.0,
        "Basic Average Shares": 156188000.0,
        "Diluted EPS": 1.14,
        "Basic EPS": 1.14,
        "Diluted NI Availto Com Stockholders": NaN,
        "Net Income Common Stockholders": NaN,
        "Net Income": NaN,
        "Net Income Including Noncontrolling Interests": NaN,
        "Net Income Continuous Operations": NaN,
        "Tax Provision": NaN,
        "Pretax Income": NaN,
        "Other Income Expense": NaN,
        "Other Non Operating Income Expenses": NaN,
        "Net Non Operating Interest Income Expense": NaN,
        "Interest Expense Non Operating": NaN,
        "Interest Income Non Operating": NaN,
        "Operating Income": NaN,
        "Operating Expense": NaN,
        "Selling General And Administration": NaN,
        "Gross Profit": NaN,
        "Cost Of Revenue": NaN,
        "Total Revenue": NaN,
        "Operating Revenue": NaN
    },
    "2023-12-31": {
        "Tax Effect Of Unusual Items": NaN,
        "Tax Rate For Calcs": NaN,
        "Normalized EBITDA": NaN,
        "Net Income From Continuing Operation Net Minority Interest": NaN,
        "Reconciled Depreciation": NaN,
        "Reconciled Cost Of Revenue": NaN,
        "EBITDA": NaN,
        "EBIT": NaN,
        "Net Interest Income": NaN,
        "Interest Expense": NaN,
        "Interest Income": NaN,
        "Normalized Income": NaN,
        "Net Income From Continuing And Discontinued Operation": NaN,
        "Total Expenses": NaN,
        "Total Operating Income As Reported": NaN,
        "Diluted Average Shares": 154865000.0,
        "Basic Average Shares": 153985000.0,
        "Diluted EPS": 2.52,
        "Basic EPS": 2.53,
        "Diluted NI Availto Com Stockholders": NaN,
        "Net Income Common Stockholders": NaN,
        "Net Income": NaN,
        "Net Income Including Noncontrolling Interests": NaN,
        "Net Income Continuous Operations": NaN,
        "Tax Provision": NaN,
        "Pretax Income": NaN,
        "Other Income Expense": NaN,
        "Other Non Operating Income Expenses": NaN,
        "Net Non Operating Interest Income Expense": NaN,
        "Interest Expense Non Operating": NaN,
        "Interest Income Non Operating": NaN,
        "Operating Income": NaN,
        "Operating Expense": NaN,
        "Selling General And Administration": NaN,
        "Gross Profit": NaN,
        "Cost Of Revenue": NaN,
        "Total Revenue": NaN,
        "Operating Revenue": NaN
    },
    "2024-03-31": {
        "Tax Effect Of Unusual Items": 0.0,
        "Tax Rate For Calcs": 0.223267,
        "Normalized EBITDA": 180109000.0,
        "Net Income From Continuing Operation Net Minority Interest": 127545000.0,
        "Reconciled Depreciation": 16265000.0,
        "Reconciled Cost Of Revenue": 420282000.0,
        "EBITDA": 180109000.0,
        "EBIT": 163844000.0,
        "Net Interest Income": 19300000.0,
        "Interest Expense": -363000.0,
        "Interest Income": 18937000.0,
        "Normalized Income": 127545000.0,
        "Net Income From Continuing And Discontinued Operation": 127545000.0,
        "Total Expenses": 815496000.0,
        "Total Operating Income As Reported": 144262000.0,
        "Diluted Average Shares": 154710000.0,
        "Basic Average Shares": 153738000.0,
        "Diluted EPS": 0.825,
        "Basic EPS": 0.83,
        "Diluted NI Availto Com Stockholders": 127545000.0,
        "Net Income Common Stockholders": 127545000.0,
        "Net Income": 127545000.0,
        "Net Income Including Noncontrolling Interests": 127545000.0,
        "Net Income Continuous Operations": 127545000.0,
        "Tax Provision": 36662000.0,
        "Pretax Income": 164207000.0,
        "Other Income Expense": 645000.0,
        "Other Non Operating Income Expenses": 645000.0,
        "Net Non Operating Interest Income Expense": 19300000.0,
        "Interest Expense Non Operating": -363000.0,
        "Interest Income Non Operating": 18937000.0,
        "Operating Income": 144262000.0,
        "Operating Expense": 395214000.0,
        "Selling General And Administration": 395214000.0,
        "Gross Profit": 539476000.0,
        "Cost Of Revenue": 420282000.0,
        "Total Revenue": 959758000.0,
        "Operating Revenue": 959758000.0
    },
    "2024-06-30": {
        "Tax Effect Of Unusual Items": 0.0,
        "Tax Rate For Calcs": 0.225,
        "Normalized EBITDA": 167245000.0,
        "Net Income From Continuing Operation Net Minority Interest": 115625000.0,
        "Reconciled Depreciation": 17061000.0,
        "Reconciled Cost Of Revenue": 355347000.0,
        "EBITDA": 167245000.0,
        "EBIT": 150184000.0,
        "Net Interest Income": 16221000.0,
        "Interest Expense": 1031000.0,
        "Interest Income": 17252000.0,
        "Normalized Income": 115625000.0,
        "Net Income From Continuing And Discontinued Operation": 115625000.0,
        "Total Expenses": 692540000.0,
        "Total Operating Income As Reported": 132807000.0,
        "Diluted Average Shares": 153486000.0,
        "Basic Average Shares": 152868000.0,
        "Diluted EPS": 0.753333,
        "Basic EPS": 0.756667,
        "Diluted NI Availto Com Stockholders": 115625000.0,
        "Net Income Common Stockholders": 115625000.0,
        "Net Income": 115625000.0,
        "Net Income Including Noncontrolling Interests": 115625000.0,
        "Net Income Continuous Operations": 115625000.0,
        "Tax Provision": 33528000.0,
        "Pretax Income": 149153000.0,
        "Other Income Expense": 125000.0,
        "Other Non Operating Income Expenses": 125000.0,
        "Net Non Operating Interest Income Expense": 16221000.0,
        "Interest Expense Non Operating": 1031000.0,
        "Interest Income Non Operating": 17252000.0,
        "Operating Income": 132807000.0,
        "Operating Expense": 337193000.0,
        "Selling General And Administration": 337193000.0,
        "Gross Profit": 470000000.0,
        "Cost Of Revenue": 355347000.0,
        "Total Revenue": 825347000.0,
        "Operating Revenue": 825347000.0
    },
    "2024-09-30": {
        "Tax Effect Of Unusual Items": 0.0,
        "Tax Rate For Calcs": 0.24,
        "Normalized EBITDA": 336752000.0,
        "Net Income From Continuing Operation Net Minority Interest": 242321000.0,
        "Reconciled Depreciation": 16689000.0,
        "Reconciled Cost Of Revenue": 578048000.0,
        "EBITDA": 336752000.0,
        "EBIT": 320063000.0,
        "Net Interest Income": 13646000.0,
        "Interest Expense": 1151000.0,
        "Interest Income": 14797000.0,
        "Normalized Income": 242321000.0,
        "Net Income From Continuing And Discontinued Operation": 242321000.0,
        "Total Expenses": 1006234000.0,
        "Total Operating Income As Reported": 305086000.0,
        "Diluted Average Shares": 152778000.0,
        "Basic Average Shares": 152240000.0,
        "Diluted EPS": 1.59,
        "Basic EPS": 1.59,
        "Diluted NI Availto Com Stockholders": 242321000.0,
        "Net Income Common Stockholders": 242321000.0,
        "Net Income": 242321000.0,
        "Net Income Including Noncontrolling Interests": 242321000.0,
        "Net Income Continuous Operations": 242321000.0,
        "Tax Provision": 76591000.0,
        "Pretax Income": 318912000.0,
        "Other Income Expense": 180000.0,
        "Other Non Operating Income Expenses": 180000.0,
        "Net Non Operating Interest Income Expense": 13646000.0,
        "Interest Expense Non Operating": 1151000.0,
        "Interest Income Non Operating": 14797000.0,
        "Operating Income": 305086000.0,
        "Operating Expense": 428186000.0,
        "Selling General And Administration": 428186000.0,
        "Gross Profit": 733272000.0,
        "Cost Of Revenue": 578048000.0,
        "Total Revenue": 1311320000.0,
        "Operating Revenue": 1311320000.0
    },
    "2024-12-31": {
        "Tax Effect Of Unusual Items": 0.0,
        "Tax Rate For Calcs": 0.218,
        "Normalized EBITDA": 601713000.0,
        "Net Income From Continuing Operation Net Minority Interest": 456734000.0,
        "Reconciled Depreciation": 17161000.0,
        "Reconciled Cost Of Revenue": 724542000.0,
        "EBITDA": 601713000.0,
        "EBIT": 584552000.0,
        "Net Interest Income": 15368000.0,
        "Interest Expense": 610000.0,
        "Interest Income": 15978000.0,
        "Normalized Income": 456734000.0,
        "Net Income From Continuing And Discontinued Operation": 456734000.0,
        "Total Expenses": 1259891000.0,
        "Total Operating Income As Reported": 567274000.0,
        "Diluted Average Shares": 152386000.0,
        "Basic Average Shares": 151820000.0,
        "Diluted EPS": 3.0,
        "Basic EPS": 3.01,
        "Diluted NI Availto Com Stockholders": 456734000.0,
        "Net Income Common Stockholders": 456734000.0,
        "Net Income": 456734000.0,
        "Net Income Including Noncontrolling Interests": 456734000.0,
        "Net Income Continuous Operations": 456734000.0,
        "Tax Provision": 127208000.0,
        "Pretax Income": 583942000.0,
        "Other Income Expense": 1300000.0,
        "Other Non Operating Income Expenses": 1300000.0,
        "Net Non Operating Interest Income Expense": 15368000.0,
        "Interest Expense Non Operating": 610000.0,
        "Interest Income Non Operating": 15978000.0,
        "Operating Income": 567274000.0,
        "Operating Expense": 535349000.0,
        "Selling General And Administration": 535349000.0,
        "Gross Profit": 1102623000.0,
        "Cost Of Revenue": 724542000.0,
        "Total Revenue": 1827165000.0,
        "Operating Revenue": 1827165000.0
    },
    "2025-03-31": {
        "Tax Effect Of Unusual Items": 0.0,
        "Tax Rate For Calcs": 0.208482,
        "Normalized EBITDA": 209532000.0,
        "Net Income From Continuing Operation Net Minority Interest": 151411000.0,
        "Reconciled Depreciation": 17515000.0,
        "Reconciled Cost Of Revenue": 442012000.0,
        "EBITDA": 209532000.0,
        "EBIT": 192017000.0,
        "Net Interest Income": 19637000.0,
        "Interest Expense": 725000.0,
        "Interest Income": 20362000.0,
        "Normalized Income": 151411000.0,
        "Net Income From Continuing And Discontinued Operation": 151411000.0,
        "Total Expenses": 847855000.0,
        "Total Operating Income As Reported": 173925000.0,
        "Diluted Average Shares": NaN,
        "Basic Average Shares": NaN,
        "Diluted EPS": NaN,
        "Basic EPS": NaN,
        "Diluted NI Availto Com Stockholders": 151411000.0,
        "Net Income Common Stockholders": 151411000.0,
        "Net Income": 151411000.0,
        "Net Income Including Noncontrolling Interests": 151411000.0,
        "Net Income Continuous Operations": 151411000.0,
        "Tax Provision": 39881000.0,
        "Pretax Income": 191292000.0,
        "Other Income Expense": -2270000.0,
        "Other Non Operating Income Expenses": -2270000.0,
        "Net Non Operating Interest Income Expense": 19637000.0,
        "Interest Expense Non Operating": 725000.0,
        "Interest Income Non Operating": 20362000.0,
        "Operating Income": 173925000.0,
        "Operating Expense": 405843000.0,
        "Selling General And Administration": 405843000.0,
        "Gross Profit": 579768000.0,
        "Cost Of Revenue": 442012000.0,
        "Total Revenue": 1021780000.0,
        "Operating Revenue": 1021780000.0
    }
}