{
    "2023-03-31": {
        "Tax Effect Of Unusual Items": 267330.0,
        "Tax Rate For Calcs": 0.21,
        "Normalized EBITDA": 8996000.0,
        "Total Unusual Items": 1273000.0,
        "Total Unusual Items Excluding Goodwill": 1273000.0,
        "Net Income From Continuing Operation Net Minority Interest": 597000.0,
        "Reconciled Depreciation": 3656000.0,
        "Reconciled Cost Of Revenue": 81266000.0,
        "EBITDA": 10269000.0,
        "EBIT": 6613000.0,
        "Net Interest Income": -4449000.0,
        "Interest Expense": 5064000.0,
        "Interest Income": 970000.0,
        "Normalized Income": -408670.0,
        "Net Income From Continuing And Discontinued Operation": 597000.0,
        "Total Expenses": 102653000.0,
        "Rent Expense Supplemental": 9766000.0,
        "Total Operating Income As Reported": 16147000.0,
        "Diluted Average Shares": 57840000.0,
        "Basic Average Shares": 57638000.0,
        "Diluted EPS": 0.01,
        "Basic EPS": 0.01,
        "Diluted NI Availto Com Stockholders": 597000.0,
        "Net Income Common Stockholders": 597000.0,
        "Net Income": 597000.0,
        "Net Income Including Noncontrolling Interests": 597000.0,
        "Net Income Continuous Operations": 597000.0,
        "Tax Provision": 952000.0,
        "Pretax Income": 1549000.0,
        "Other Income Expense": -8820000.0,
        "Other Non Operating Income Expenses": -10093000.0,
        "Special Income Charges": 1329000.0,
        "Gain On Sale Of Ppe": 1522000.0,
        "Impairment Of Capital Assets": 129000.0,
        "Restructuring And Mergern Acquisition": 64000.0,
        "Gain On Sale Of Security": -56000.0,
        "Net Non Operating Interest Income Expense": -4449000.0,
        "Total Other Finance Cost": 355000.0,
        "Interest Expense Non Operating": 5064000.0,
        "Interest Income Non Operating": 970000.0,
        "Operating Income": 14818000.0,
        "Operating Expense": 21387000.0,
        "Depreciation Amortization Depletion Income Statement": 3656000.0,
        "Depreciation And Amortization In Income Statement": 3656000.0,
        "Amortization": 562000.0,
        "Amortization Of Intangibles Income Statement": 562000.0,
        "Depreciation Income Statement": 3094000.0,
        "Selling General And Administration": 17731000.0,
        "General And Administrative Expense": 17731000.0,
        "Other Gand A": 14637000.0,
        "Salaries And Wages": 3094000.0,
        "Gross Profit": 36205000.0,
        "Cost Of Revenue": 81266000.0,
        "Total Revenue": 117471000.0,
        "Operating Revenue": 117471000.0
    },
    "2022-12-31": {
        "Tax Effect Of Unusual Items": -12240.101775,
        "Tax Rate For Calcs": 0.207459,
        "Normalized EBITDA": 23855000.0,
        "Total Unusual Items": -59000.0,
        "Total Unusual Items Excluding Goodwill": -59000.0,
        "Net Income From Continuing Operation Net Minority Interest": 12771000.0,
        "Reconciled Depreciation": 3810000.0,
        "Reconciled Cost Of Revenue": 83234000.0,
        "EBITDA": 23796000.0,
        "EBIT": 19986000.0,
        "Net Interest Income": -4227000.0,
        "Interest Expense": 3872000.0,
        "Interest Income": 45000.0,
        "Normalized Income": 12817759.898225,
        "Net Income From Continuing And Discontinued Operation": 12771000.0,
        "Total Expenses": 103163000.0,
        "Rent Expense Supplemental": 3838000.0,
        "Total Operating Income As Reported": 17640000.0,
        "Diluted Average Shares": 58480000.0,
        "Basic Average Shares": 58406000.0,
        "Diluted EPS": 0.22,
        "Basic EPS": 0.22,
        "Diluted NI Availto Com Stockholders": 12771000.0,
        "Net Income Common Stockholders": 12771000.0,
        "Net Income": 12771000.0,
        "Net Income Including Noncontrolling Interests": 12771000.0,
        "Net Income Continuous Operations": 12771000.0,
        "Tax Provision": 3343000.0,
        "Pretax Income": 16114000.0,
        "Other Income Expense": 2655000.0,
        "Other Non Operating Income Expenses": 2714000.0,
        "Special Income Charges": -46000.0,
        "Gain On Sale Of Ppe": 67000.0,
        "Impairment Of Capital Assets": 0.0,
        "Restructuring And Mergern Acquisition": 113000.0,
        "Gain On Sale Of Security": -13000.0,
        "Net Non Operating Interest Income Expense": -4227000.0,
        "Total Other Finance Cost": 400000.0,
        "Interest Expense Non Operating": 3872000.0,
        "Interest Income Non Operating": 45000.0,
        "Operating Income": 17686000.0,
        "Operating Expense": 19929000.0,
        "Depreciation Amortization Depletion Income Statement": 3810000.0,
        "Depreciation And Amortization In Income Statement": 3810000.0,
        "Amortization": 574000.0,
        "Amortization Of Intangibles Income Statement": 574000.0,
        "Depreciation Income Statement": 3236000.0,
        "Selling General And Administration": 16119000.0,
        "General And Administrative Expense": 16119000.0,
        "Other Gand A": 14186000.0,
        "Salaries And Wages": 1933000.0,
        "Gross Profit": 37615000.0,
        "Cost Of Revenue": 83234000.0,
        "Total Revenue": 120849000.0,
        "Operating Revenue": 120849000.0
    },
    "2022-09-30": {
        "Tax Effect Of Unusual Items": 0.0,
        "Tax Rate For Calcs": 0.243,
        "Normalized EBITDA": 30177000.0,
        "Total Unusual Items": 1887000.0,
        "Total Unusual Items Excluding Goodwill": 1887000.0,
        "Net Income From Continuing Operation Net Minority Interest": 17083000.0,
        "Reconciled Depreciation": 3914000.0,
        "Reconciled Cost Of Revenue": 83030000.0,
        "EBITDA": 30177000.0,
        "EBIT": 26263000.0,
        "Net Interest Income": -3691000.0,
        "Interest Expense": 3691000.0,
        "Interest Income": 26000.0,
        "Normalized Income": 17083000.0,
        "Net Income From Continuing And Discontinued Operation": 17083000.0,
        "Total Expenses": 101654000.0,
        "Rent Expense Supplemental": 4294000.0,
        "Total Operating Income As Reported": 42974000.0,
        "Diluted Average Shares": 59040000.0,
        "Basic Average Shares": 59020000.0,
        "Diluted EPS": 0.29,
        "Basic EPS": 0.29,
        "Diluted NI Availto Com Stockholders": 17083000.0,
        "Net Income Common Stockholders": 17083000.0,
        "Net Income": 17083000.0,
        "Net Income Including Noncontrolling Interests": 17083000.0,
        "Net Income Continuous Operations": 17083000.0,
        "Tax Provision": 5489000.0,
        "Pretax Income": 22572000.0,
        "Other Income Expense": 10461000.0,
        "Other Non Operating Income Expenses": 10461000.0,
        "Special Income Charges": 1897000.0,
        "Gain On Sale Of Ppe": 3066000.0,
        "Impairment Of Capital Assets": 697000.0,
        "Restructuring And Mergern Acquisition": 472000.0,
        "Gain On Sale Of Security": -10000.0,
        "Net Non Operating Interest Income Expense": -3691000.0,
        "Total Other Finance Cost": 382000.0,
        "Interest Expense Non Operating": 3691000.0,
        "Interest Income Non Operating": 26000.0,
        "Operating Income": 15802000.0,
        "Operating Expense": 18624000.0,
        "Other Operating Expenses": -1897000.0,
        "Depreciation Amortization Depletion Income Statement": 3914000.0,
        "Depreciation And Amortization In Income Statement": 3914000.0,
        "Amortization": 556000.0,
        "Amortization Of Intangibles Income Statement": 556000.0,
        "Depreciation Income Statement": 3358000.0,
        "Selling General And Administration": 16607000.0,
        "General And Administrative Expense": 16607000.0,
        "Other Gand A": 13473000.0,
        "Salaries And Wages": 3134000.0,
        "Gross Profit": 34426000.0,
        "Cost Of Revenue": 83030000.0,
        "Total Revenue": 117456000.0,
        "Operating Revenue": 117456000.0
    },
    "2022-06-30": {
        "Tax Effect Of Unusual Items": -215556.0,
        "Tax Rate For Calcs": 0.253,
        "Normalized EBITDA": 37670000.0,
        "Total Unusual Items": -852000.0,
        "Total Unusual Items Excluding Goodwill": -852000.0,
        "Net Income From Continuing Operation Net Minority Interest": 23003000.0,
        "Reconciled Depreciation": 3590000.0,
        "Reconciled Cost Of Revenue": 80093000.0,
        "EBITDA": 36818000.0,
        "EBIT": 33228000.0,
        "Net Interest Income": -2872000.0,
        "Interest Expense": 2446000.0,
        "Interest Income": 12000.0,
        "Normalized Income": 23639444.0,
        "Net Income From Continuing And Discontinued Operation": 23003000.0,
        "Total Expenses": 100306000.0,
        "Rent Expense Supplemental": 3782000.0,
        "Total Operating Income As Reported": 13865000.0,
        "Diluted Average Shares": 62430000.0,
        "Basic Average Shares": 62306000.0,
        "Diluted EPS": 0.37,
        "Basic EPS": 0.37,
        "Diluted NI Availto Com Stockholders": 23003000.0,
        "Net Income Common Stockholders": 23003000.0,
        "Net Income": 23003000.0,
        "Net Income Including Noncontrolling Interests": 23003000.0,
        "Net Income Continuous Operations": 23003000.0,
        "Tax Provision": 7779000.0,
        "Pretax Income": 30782000.0,
        "Other Income Expense": 18943000.0,
        "Other Non Operating Income Expenses": 19795000.0,
        "Special Income Charges": -846000.0,
        "Gain On Sale Of Ppe": 99000.0,
        "Impairment Of Capital Assets": 266000.0,
        "Restructuring And Mergern Acquisition": 679000.0,
        "Gain On Sale Of Security": -6000.0,
        "Net Non Operating Interest Income Expense": -2872000.0,
        "Total Other Finance Cost": 438000.0,
        "Interest Expense Non Operating": 2446000.0,
        "Interest Income Non Operating": 12000.0,
        "Operating Income": 14711000.0,
        "Operating Expense": 20213000.0,
        "Other Operating Expenses": NaN,
        "Depreciation Amortization Depletion Income Statement": 3590000.0,
        "Depreciation And Amortization In Income Statement": 3590000.0,
        "Amortization": 451000.0,
        "Amortization Of Intangibles Income Statement": 451000.0,
        "Depreciation Income Statement": 3139000.0,
        "Selling General And Administration": 16623000.0,
        "General And Administrative Expense": 16623000.0,
        "Other Gand A": 11479000.0,
        "Salaries And Wages": 5144000.0,
        "Gross Profit": 34924000.0,
        "Cost Of Revenue": 80093000.0,
        "Total Revenue": 115017000.0,
        "Operating Revenue": 115017000.0
    },
    "2023-06-30": {
        "Tax Effect Of Unusual Items": -299404.0,
        "Tax Rate For Calcs": 0.238,
        "Normalized EBITDA": 21329000.0,
        "Total Unusual Items": -1258000.0,
        "Total Unusual Items Excluding Goodwill": -1258000.0,
        "Net Income From Continuing Operation Net Minority Interest": 8538000.0,
        "Reconciled Depreciation": 3617000.0,
        "Reconciled Cost Of Revenue": 77028000.0,
        "EBITDA": 20071000.0,
        "EBIT": 16454000.0,
        "Net Interest Income": -4320000.0,
        "Interest Expense": 5256000.0,
        "Interest Income": 1294000.0,
        "Normalized Income": 9496596.0,
        "Net Income From Continuing And Discontinued Operation": 8538000.0,
        "Total Expenses": 100805000.0,
        "Rent Expense Supplemental": 9872000.0,
        "Total Operating Income As Reported": 14934000.0,
        "Diluted Average Shares": 57051000.0,
        "Basic Average Shares": 56787000.0,
        "Diluted EPS": 0.15,
        "Basic EPS": 0.15,
        "Diluted NI Availto Com Stockholders": 8538000.0,
        "Net Income Common Stockholders": 8538000.0,
        "Net Income": 8538000.0,
        "Net Income Including Noncontrolling Interests": 8538000.0,
        "Net Income Continuous Operations": 8538000.0,
        "Tax Provision": 2660000.0,
        "Pretax Income": 11198000.0,
        "Other Income Expense": -592000.0,
        "Other Non Operating Income Expenses": 666000.0,
        "Special Income Charges": -1176000.0,
        "Gain On Sale Of Ppe": 522000.0,
        "Impairment Of Capital Assets": 0.0,
        "Restructuring And Mergern Acquisition": 1698000.0,
        "Gain On Sale Of Security": -82000.0,
        "Net Non Operating Interest Income Expense": -4320000.0,
        "Total Other Finance Cost": 358000.0,
        "Interest Expense Non Operating": 5256000.0,
        "Interest Income Non Operating": 1294000.0,
        "Operating Income": 16110000.0,
        "Operating Expense": 23777000.0,
        "Depreciation Amortization Depletion Income Statement": 3617000.0,
        "Depreciation And Amortization In Income Statement": 3617000.0,
        "Amortization": 564000.0,
        "Amortization Of Intangibles Income Statement": 564000.0,
        "Depreciation Income Statement": 3053000.0,
        "Selling General And Administration": 20160000.0,
        "General And Administrative Expense": 20160000.0,
        "Other Gand A": 15742000.0,
        "Salaries And Wages": 4418000.0,
        "Gross Profit": 39887000.0,
        "Cost Of Revenue": 77028000.0,
        "Total Revenue": 116915000.0,
        "Operating Revenue": 116915000.0
    },
    "2022-03-31": {
        "Diluted EPS": 0.34,
        "Total Revenue": 103,
        "Gross Profit": 41,
        "Operating Income": 13,
        "EBIT": 17,
        "Net Income": 22
    },
    "2021-12-31": {
        "Diluted EPS": 0.66,
        "Total Revenue": 108,
        "Gross Profit": 46,
        "Operating Income": 63,
        "EBIT": 67,
        "Net Income": 43
    },
    "2021-09-30": {
        "Diluted EPS": 0.19,
        "Total Revenue": 104,
        "Gross Profit": 44,
        "Operating Income": 18,
        "EBIT": 22,
        "Net Income": 12
    },
    "2021-06-30": {
        "Diluted EPS": -0.01,
        "Total Revenue": 106,
        "Gross Profit": 46,
        "Operating Income": 18,
        "EBIT": 23,
        "Net Income": -1
    },
    "2021-03-31": {
        "Diluted EPS": 0.35,
        "Total Revenue": 81,
        "Gross Profit": 33,
        "Operating Income": 6,
        "EBIT": 10,
        "Net Income": 23
    },
    "2020-12-31": {
        "Diluted EPS": 0.07,
        "Total Revenue": 80,
        "Gross Profit": 29,
        "Operating Income": -1,
        "EBIT": 3,
        "Net Income": 2
    },
    "2020-09-30": {
        "Diluted EPS": 0.1,
        "Total Revenue": 72,
        "Gross Profit": 26,
        "Operating Income": 3,
        "EBIT": 8,
        "Net Income": 6
    },
    "2020-06-30": {
        "Diluted EPS": -0.41,
        "Total Revenue": 40,
        "Gross Profit": 10,
        "Operating Income": -14,
        "EBIT": -9,
        "Net Income": -23
    },
    "2020-03-31": {
        "Diluted EPS": 0.16,
        "Total Revenue": 97,
        "Gross Profit": 37,
        "Operating Income": 18,
        "EBIT": 22,
        "Net Income": 9
    },
    "2019-12-31": {
        "Diluted EPS": 0.31,
        "Total Revenue": 114,
        "Gross Profit": 47,
        "Operating Income": 27,
        "EBIT": 31,
        "Net Income": 19
    },
    "2019-09-30": {
        "Diluted EPS": 0.8,
        "Total Revenue": 124,
        "Gross Profit": 49,
        "Operating Income": 68,
        "EBIT": 73,
        "Net Income": 49
    },
    "2019-06-30": {
        "Diluted EPS": 0.55,
        "Total Revenue": 152,
        "Gross Profit": 57,
        "Operating Income": 46,
        "EBIT": 51,
        "Net Income": 34
    },
    "2019-03-31": {
        "Diluted EPS": 0.24,
        "Total Revenue": 151,
        "Gross Profit": 55,
        "Operating Income": 24,
        "EBIT": 31,
        "Net Income": 15
    },
    "2018-12-31": {
        "Diluted EPS": 0.18,
        "Total Revenue": 160,
        "Gross Profit": 59,
        "Operating Income": 20,
        "EBIT": 27,
        "Net Income": 12
    },
    "2018-09-30": {
        "Diluted EPS": 0.16,
        "Total Revenue": 158,
        "Gross Profit": 57,
        "Operating Income": 18,
        "EBIT": 25,
        "Net Income": 11
    },
    "2018-06-30": {
        "Diluted EPS": 0.18,
        "Total Revenue": 157,
        "Gross Profit": 57,
        "Operating Income": 19,
        "EBIT": 26,
        "Net Income": 12
    },
    "2018-03-31": {
        "Diluted EPS": 0.15,
        "Total Revenue": 155,
        "Gross Profit": 55,
        "Operating Income": 16,
        "EBIT": 23,
        "Net Income": 10
    },
    "2017-12-31": {
        "Diluted EPS": 0.2,
        "Total Revenue": 135,
        "Gross Profit": 55,
        "Operating Income": 19,
        "EBIT": 25,
        "Net Income": 13
    },
    "2017-09-30": {
        "Diluted EPS": 0.13,
        "Total Revenue": 132,
        "Gross Profit": 56,
        "Operating Income": 19,
        "EBIT": 25,
        "Net Income": 9
    },
    "2017-06-30": {
        "Diluted EPS": 0.12,
        "Total Revenue": 133,
        "Gross Profit": 54,
        "Operating Income": 17,
        "EBIT": 23,
        "Net Income": 9
    },
    "2017-03-31": {
        "Diluted EPS": 0.11,
        "Total Revenue": 128,
        "Gross Profit": 53,
        "Operating Income": 16,
        "EBIT": 22,
        "Net Income": 8
    },
    "2016-12-31": {
        "Diluted EPS": 0.14,
        "Total Revenue": 130,
        "Gross Profit": 53,
        "Operating Income": 16,
        "EBIT": 22,
        "Net Income": 11
    },
    "2016-09-30": {
        "Diluted EPS": 0.13,
        "Total Revenue": 128,
        "Gross Profit": 54,
        "Operating Income": 18,
        "EBIT": 23,
        "Net Income": 10
    },
    "2016-06-30": {
        "Diluted EPS": -0.15,
        "Total Revenue": 124,
        "Gross Profit": 53,
        "Operating Income": -5,
        "EBIT": 0,
        "Net Income": -12
    },
    "2016-03-31": {
        "Diluted EPS": 0.13,
        "Total Revenue": 125,
        "Gross Profit": 53,
        "Operating Income": 18,
        "EBIT": 24,
        "Net Income": 10
    },
    "2015-12-31": {
        "Diluted EPS": 0.1,
        "Total Revenue": 124,
        "Gross Profit": 49,
        "Operating Income": 15,
        "EBIT": 21,
        "Net Income": 9
    },
    "2015-09-30": {
        "Diluted EPS": 0.11,
        "Total Revenue": 124,
        "Gross Profit": 50,
        "Operating Income": 16,
        "EBIT": 21,
        "Net Income": 9
    },
    "2015-06-30": {
        "Diluted EPS": 0.11,
        "Total Revenue": 123,
        "Gross Profit": 52,
        "Operating Income": 17,
        "EBIT": 23,
        "Net Income": 10
    },
    "2015-03-31": {
        "Diluted EPS": 0.1,
        "Total Revenue": 120,
        "Gross Profit": 50,
        "Operating Income": 15,
        "EBIT": 20,
        "Net Income": 9
    },
    "2014-12-31": {
        "Diluted EPS": 0.11,
        "Total Revenue": 129,
        "Gross Profit": 52,
        "Operating Income": 16,
        "EBIT": 22,
        "Net Income": 10
    },
    "2014-09-30": {
        "Diluted EPS": 0.1,
        "Total Revenue": 117,
        "Gross Profit": 46,
        "Operating Income": 15,
        "EBIT": 20,
        "Net Income": 8
    },
    "2014-06-30": {
        "Diluted EPS": 0.09,
        "Total Revenue": 115,
        "Gross Profit": 46,
        "Operating Income": 15,
        "EBIT": 20,
        "Net Income": 8
    },
    "2014-03-31": {
        "Diluted EPS": 0.07,
        "Total Revenue": 112,
        "Gross Profit": 42,
        "Operating Income": 11,
        "EBIT": 17,
        "Net Income": 6
    },
    "2013-12-31": {
        "Diluted EPS": 0.04,
        "Total Revenue": 114,
        "Gross Profit": 43,
        "Operating Income": 8,
        "EBIT": 14,
        "Net Income": 4
    },
    "2013-09-30": {
        "Diluted EPS": 0.08,
        "Total Revenue": 117,
        "Gross Profit": 45,
        "Operating Income": 14,
        "EBIT": 19,
        "Net Income": 7
    },
    "2013-06-30": {
        "Diluted EPS": 0.07,
        "Total Revenue": 117,
        "Gross Profit": 45,
        "Operating Income": 13,
        "EBIT": 18,
        "Net Income": 6
    },
    "2013-03-31": {
        "Diluted EPS": 0.07,
        "Total Revenue": 114,
        "Gross Profit": 45,
        "Operating Income": 13,
        "EBIT": 19,
        "Net Income": 7
    },
    "2012-12-31": {
        "Diluted EPS": 0.06,
        "Total Revenue": 116,
        "Gross Profit": 45,
        "Operating Income": 12,
        "EBIT": 17,
        "Net Income": 6
    },
    "2012-09-30": {
        "Diluted EPS": 0.06,
        "Total Revenue": 121,
        "Gross Profit": 47,
        "Operating Income": 12,
        "EBIT": 17,
        "Net Income": 5
    },
    "2012-06-30": {
        "Diluted EPS": 0.05,
        "Total Revenue": 125,
        "Gross Profit": 48,
        "Operating Income": 19,
        "EBIT": 25,
        "Net Income": 5
    },
    "2012-03-31": {
        "Diluted EPS": 0.06,
        "Total Revenue": 127,
        "Gross Profit": 48,
        "Operating Income": 14,
        "EBIT": 20,
        "Net Income": 6
    },
    "2011-12-31": {
        "Diluted EPS": 0.93,
        "Total Revenue": 130,
        "Gross Profit": 48,
        "Operating Income": 12,
        "EBIT": 19,
        "Net Income": 92
    },
    "2011-09-30": {
        "Diluted EPS": 0.08,
        "Total Revenue": 137,
        "Gross Profit": 52,
        "Operating Income": 14,
        "EBIT": 21,
        "Net Income": 8
    },
    "2011-06-30": {
        "Diluted EPS": 0.08,
        "Total Revenue": 136,
        "Gross Profit": 50,
        "Operating Income": 14,
        "EBIT": 21,
        "Net Income": 8
    },
    "2011-03-31": {
        "Diluted EPS": 0.04,
        "Total Revenue": 136,
        "Gross Profit": 48,
        "Operating Income": 11,
        "EBIT": 19,
        "Net Income": 4
    },
    "2010-12-31": {
        "Diluted EPS": 0.02,
        "Total Revenue": 136,
        "Gross Profit": 49,
        "Operating Income": 14,
        "EBIT": 22,
        "Net Income": 3
    },
    "2010-09-30": {
        "Diluted EPS": 0.1,
        "Total Revenue": 140,
        "Gross Profit": 54,
        "Operating Income": 17,
        "EBIT": 25,
        "Net Income": 10
    },
    "2010-06-30": {
        "Diluted EPS": 0.05,
        "Total Revenue": 135,
        "Gross Profit": 49,
        "Operating Income": 13,
        "EBIT": 20,
        "Net Income": 5
    },
    "2010-03-31": {
        "Diluted EPS": 0.05,
        "Total Revenue": 138,
        "Gross Profit": 48,
        "Operating Income": 11,
        "EBIT": 19,
        "Net Income": 5
    },
    "2009-12-31": {
        "Diluted EPS": 0.19,
        "Total Revenue": 140,
        "Gross Profit": 54,
        "Operating Income": 24,
        "EBIT": 32,
        "Net Income": 18
    },
    "2009-09-30": {
        "Diluted EPS": 0.1,
        "Total Revenue": 146,
        "Gross Profit": 56,
        "Operating Income": 19,
        "EBIT": 27,
        "Net Income": 10
    },
    "2009-06-30": {
        "Diluted EPS": 0.09,
        "Total Revenue": 156,
        "Gross Profit": 56,
        "Operating Income": 17,
        "EBIT": 26,
        "Net Income": 9
    },
    "2009-03-31": {
        "Diluted EPS": 0.04,
        "Total Revenue": 166,
        "Gross Profit": 55,
        "Operating Income": 12,
        "EBIT": 21,
        "Net Income": 4
    },
    "2023-09-30": {
        "Tax Effect Of Unusual Items": NaN,
        "Tax Rate For Calcs": NaN,
        "Normalized EBITDA": NaN,
        "Total Unusual Items": NaN,
        "Total Unusual Items Excluding Goodwill": NaN,
        "Net Income From Continuing Operation Net Minority Interest": NaN,
        "Reconciled Depreciation": NaN,
        "Reconciled Cost Of Revenue": NaN,
        "EBITDA": NaN,
        "EBIT": NaN,
        "Net Interest Income": NaN,
        "Interest Expense": NaN,
        "Interest Income": NaN,
        "Normalized Income": NaN,
        "Net Income From Continuing And Discontinued Operation": NaN,
        "Total Expenses": NaN,
        "Rent Expense Supplemental": NaN,
        "Total Operating Income As Reported": NaN,
        "Diluted Average Shares": 56082000.0,
        "Basic Average Shares": 55869000.0,
        "Diluted EPS": 0.14,
        "Basic EPS": 0.14,
        "Diluted NI Availto Com Stockholders": NaN,
        "Net Income Common Stockholders": NaN,
        "Net Income": NaN,
        "Net Income Including Noncontrolling Interests": NaN,
        "Net Income Continuous Operations": NaN,
        "Tax Provision": NaN,
        "Pretax Income": NaN,
        "Other Income Expense": NaN,
        "Other Non Operating Income Expenses": NaN,
        "Special Income Charges": NaN,
        "Gain On Sale Of Ppe": NaN,
        "Impairment Of Capital Assets": NaN,
        "Restructuring And Mergern Acquisition": NaN,
        "Gain On Sale Of Security": NaN,
        "Net Non Operating Interest Income Expense": NaN,
        "Total Other Finance Cost": NaN,
        "Interest Expense Non Operating": NaN,
        "Interest Income Non Operating": NaN,
        "Operating Income": NaN,
        "Operating Expense": NaN,
        "Depreciation Amortization Depletion Income Statement": NaN,
        "Depreciation And Amortization In Income Statement": NaN,
        "Amortization": NaN,
        "Amortization Of Intangibles Income Statement": NaN,
        "Depreciation Income Statement": NaN,
        "Selling General And Administration": NaN,
        "General And Administrative Expense": NaN,
        "Other Gand A": NaN,
        "Salaries And Wages": NaN,
        "Gross Profit": NaN,
        "Cost Of Revenue": NaN,
        "Total Revenue": NaN,
        "Operating Revenue": NaN
    },
    "2023-12-31": {
        "Tax Effect Of Unusual Items": -5548479.443115,
        "Tax Rate For Calcs": 0.368719,
        "Normalized EBITDA": 28549000.0,
        "Total Unusual Items": -15048000.0,
        "Total Unusual Items Excluding Goodwill": -15048000.0,
        "Net Income From Continuing Operation Net Minority Interest": 2902000.0,
        "Reconciled Depreciation": 3507000.0,
        "Reconciled Cost Of Revenue": 78441000.0,
        "EBITDA": 13501000.0,
        "EBIT": 9994000.0,
        "Net Interest Income": -4187000.0,
        "Interest Expense": 5397000.0,
        "Interest Income": 1509000.0,
        "Normalized Income": 12401520.556885,
        "Net Income From Continuing And Discontinued Operation": 2902000.0,
        "Total Expenses": 101203000.0,
        "Rent Expense Supplemental": 26859000.0,
        "Total Operating Income As Reported": 7724000.0,
        "Diluted Average Shares": 53893000.0,
        "Basic Average Shares": 53648000.0,
        "Diluted EPS": 0.05,
        "Basic EPS": 0.05,
        "Diluted NI Availto Com Stockholders": 2902000.0,
        "Net Income Common Stockholders": 2902000.0,
        "Net Income": 2902000.0,
        "Net Income Including Noncontrolling Interests": 2902000.0,
        "Net Income Continuous Operations": 2902000.0,
        "Tax Provision": 1695000.0,
        "Pretax Income": 4597000.0,
        "Other Income Expense": -5366000.0,
        "Other Non Operating Income Expenses": 9682000.0,
        "Special Income Charges": -6426000.0,
        "Gain On Sale Of Ppe": 88000.0,
        "Impairment Of Capital Assets": 6737000.0,
        "Restructuring And Mergern Acquisition": -223000.0,
        "Gain On Sale Of Security": -8622000.0,
        "Net Non Operating Interest Income Expense": -4187000.0,
        "Total Other Finance Cost": 299000.0,
        "Interest Expense Non Operating": 5397000.0,
        "Interest Income Non Operating": 1509000.0,
        "Operating Income": 14150000.0,
        "Operating Expense": 22762000.0,
        "Depreciation Amortization Depletion Income Statement": 3507000.0,
        "Depreciation And Amortization In Income Statement": 3507000.0,
        "Amortization": 553000.0,
        "Amortization Of Intangibles Income Statement": 553000.0,
        "Depreciation Income Statement": 2954000.0,
        "Selling General And Administration": 19255000.0,
        "General And Administrative Expense": 19255000.0,
        "Other Gand A": 17547000.0,
        "Salaries And Wages": 1708000.0,
        "Gross Profit": 36912000.0,
        "Cost Of Revenue": 78441000.0,
        "Total Revenue": 115353000.0,
        "Operating Revenue": 115353000.0
    },
    "2024-03-31": {
        "Tax Effect Of Unusual Items": 45510.0,
        "Tax Rate For Calcs": 0.246,
        "Normalized EBITDA": 15185000.0,
        "Total Unusual Items": 185000.0,
        "Total Unusual Items Excluding Goodwill": 185000.0,
        "Net Income From Continuing Operation Net Minority Interest": 4691000.0,
        "Reconciled Depreciation": 3581000.0,
        "Reconciled Cost Of Revenue": 75492000.0,
        "EBITDA": 15370000.0,
        "EBIT": 11789000.0,
        "Net Interest Income": -4278000.0,
        "Interest Expense": 5566000.0,
        "Interest Income": 1579000.0,
        "Normalized Income": 4551510.0,
        "Net Income From Continuing And Discontinued Operation": 4691000.0,
        "Total Expenses": 100295000.0,
        "Rent Expense Supplemental": 9705000.0,
        "Total Operating Income As Reported": 10006000.0,
        "Diluted Average Shares": 53214000.0,
        "Basic Average Shares": 53068000.0,
        "Diluted EPS": 0.09,
        "Basic EPS": 0.09,
        "Diluted NI Availto Com Stockholders": 4691000.0,
        "Net Income Common Stockholders": 4691000.0,
        "Net Income": 4691000.0,
        "Net Income Including Noncontrolling Interests": 4691000.0,
        "Net Income Continuous Operations": 4691000.0,
        "Tax Provision": 1532000.0,
        "Pretax Income": 6223000.0,
        "Other Income Expense": 822000.0,
        "Other Non Operating Income Expenses": 637000.0,
        "Special Income Charges": 327000.0,
        "Gain On Sale Of Ppe": 620000.0,
        "Impairment Of Capital Assets": 95000.0,
        "Restructuring And Mergern Acquisition": 198000.0,
        "Gain On Sale Of Security": -142000.0,
        "Net Non Operating Interest Income Expense": -4278000.0,
        "Total Other Finance Cost": 291000.0,
        "Interest Expense Non Operating": 5566000.0,
        "Interest Income Non Operating": 1579000.0,
        "Operating Income": 9679000.0,
        "Operating Expense": 24803000.0,
        "Depreciation Amortization Depletion Income Statement": 3581000.0,
        "Depreciation And Amortization In Income Statement": 3581000.0,
        "Amortization": 574000.0,
        "Amortization Of Intangibles Income Statement": 574000.0,
        "Depreciation Income Statement": 3007000.0,
        "Selling General And Administration": 21222000.0,
        "General And Administrative Expense": 21222000.0,
        "Other Gand A": 15923000.0,
        "Salaries And Wages": 5299000.0,
        "Gross Profit": 34482000.0,
        "Cost Of Revenue": 75492000.0,
        "Total Revenue": 109974000.0,
        "Operating Revenue": 109974000.0
    },
    "2024-06-30": {
        "Tax Effect Of Unusual Items": -439752.0,
        "Tax Rate For Calcs": 0.251,
        "Normalized EBITDA": 15918000.0,
        "Total Unusual Items": -1752000.0,
        "Total Unusual Items Excluding Goodwill": -1752000.0,
        "Net Income From Continuing Operation Net Minority Interest": 3568000.0,
        "Reconciled Depreciation": 3735000.0,
        "Reconciled Cost Of Revenue": 81006000.0,
        "EBITDA": 14166000.0,
        "EBIT": 10431000.0,
        "Net Interest Income": -4406000.0,
        "Interest Expense": 5665000.0,
        "Interest Income": 1597000.0,
        "Normalized Income": 4880248.0,
        "Net Income From Continuing And Discontinued Operation": 3568000.0,
        "Total Expenses": 105227000.0,
        "Rent Expense Supplemental": 9765000.0,
        "Total Operating Income As Reported": 9115000.0,
        "Diluted Average Shares": 52787000.0,
        "Basic Average Shares": 52689000.0,
        "Diluted EPS": 0.07,
        "Basic EPS": 0.07,
        "Diluted NI Availto Com Stockholders": 3568000.0,
        "Net Income Common Stockholders": 3568000.0,
        "Net Income": 3568000.0,
        "Net Income Including Noncontrolling Interests": 3568000.0,
        "Net Income Continuous Operations": 3568000.0,
        "Tax Provision": 1198000.0,
        "Pretax Income": 4766000.0,
        "Other Income Expense": -1528000.0,
        "Other Non Operating Income Expenses": 224000.0,
        "Special Income Charges": -1585000.0,
        "Gain On Sale Of Ppe": -526000.0,
        "Impairment Of Capital Assets": 639000.0,
        "Restructuring And Mergern Acquisition": 420000.0,
        "Gain On Sale Of Security": -167000.0,
        "Net Non Operating Interest Income Expense": -4406000.0,
        "Total Other Finance Cost": 338000.0,
        "Interest Expense Non Operating": 5665000.0,
        "Interest Income Non Operating": 1597000.0,
        "Operating Income": 10700000.0,
        "Operating Expense": 24221000.0,
        "Depreciation Amortization Depletion Income Statement": 3735000.0,
        "Depreciation And Amortization In Income Statement": 3735000.0,
        "Amortization": 564000.0,
        "Amortization Of Intangibles Income Statement": 564000.0,
        "Depreciation Income Statement": 3171000.0,
        "Selling General And Administration": 20486000.0,
        "General And Administrative Expense": 20486000.0,
        "Other Gand A": 15964000.0,
        "Salaries And Wages": 4522000.0,
        "Gross Profit": 34921000.0,
        "Cost Of Revenue": 81006000.0,
        "Total Revenue": 115927000.0,
        "Operating Revenue": 115927000.0
    },
    "2024-09-30": {
        "Tax Effect Of Unusual Items": -173715.0,
        "Tax Rate For Calcs": 0.185,
        "Normalized EBITDA": 18208000.0,
        "Total Unusual Items": -939000.0,
        "Total Unusual Items Excluding Goodwill": -939000.0,
        "Net Income From Continuing Operation Net Minority Interest": 6516000.0,
        "Reconciled Depreciation": 3622000.0,
        "Reconciled Cost Of Revenue": 75819000.0,
        "EBITDA": 17269000.0,
        "EBIT": 13647000.0,
        "Net Interest Income": -4378000.0,
        "Interest Expense": 5653000.0,
        "Interest Income": 1633000.0,
        "Normalized Income": 7281285.0,
        "Net Income From Continuing And Discontinued Operation": 6516000.0,
        "Total Expenses": 99272000.0,
        "Rent Expense Supplemental": 4443000.0,
        "Total Operating Income As Reported": 11741000.0,
        "Diluted Average Shares": 52207000.0,
        "Basic Average Shares": 52148000.0,
        "Diluted EPS": 0.12,
        "Basic EPS": 0.12,
        "Diluted NI Availto Com Stockholders": 6516000.0,
        "Net Income Common Stockholders": 6516000.0,
        "Net Income": 6516000.0,
        "Net Income Including Noncontrolling Interests": 6516000.0,
        "Net Income Continuous Operations": 6516000.0,
        "Tax Provision": 1478000.0,
        "Pretax Income": 7994000.0,
        "Other Income Expense": -115000.0,
        "Other Non Operating Income Expenses": 824000.0,
        "Special Income Charges": -746000.0,
        "Gain On Sale Of Ppe": -6000.0,
        "Impairment Of Capital Assets": 78000.0,
        "Restructuring And Mergern Acquisition": 662000.0,
        "Gain On Sale Of Security": -193000.0,
        "Net Non Operating Interest Income Expense": -4378000.0,
        "Total Other Finance Cost": 358000.0,
        "Interest Expense Non Operating": 5653000.0,
        "Interest Income Non Operating": 1633000.0,
        "Operating Income": 12487000.0,
        "Operating Expense": 23453000.0,
        "Depreciation Amortization Depletion Income Statement": 3622000.0,
        "Depreciation And Amortization In Income Statement": 3622000.0,
        "Amortization": 551000.0,
        "Amortization Of Intangibles Income Statement": 551000.0,
        "Depreciation Income Statement": 3071000.0,
        "Selling General And Administration": 19831000.0,
        "General And Administrative Expense": 19831000.0,
        "Other Gand A": 16378000.0,
        "Salaries And Wages": 3453000.0,
        "Gross Profit": 35940000.0,
        "Cost Of Revenue": 75819000.0,
        "Total Revenue": 111759000.0,
        "Operating Revenue": 111759000.0
    },
    "2024-12-31": {
        "Tax Effect Of Unusual Items": -658441.457237,
        "Tax Rate For Calcs": 0.338009,
        "Normalized EBITDA": 21365000.0,
        "Total Unusual Items": -1948000.0,
        "Total Unusual Items Excluding Goodwill": -1948000.0,
        "Net Income From Continuing Operation Net Minority Interest": 6796000.0,
        "Reconciled Depreciation": 3919000.0,
        "Reconciled Cost Of Revenue": 77653000.0,
        "EBITDA": 19417000.0,
        "EBIT": 15498000.0,
        "Net Interest Income": -4152000.0,
        "Interest Expense": 5232000.0,
        "Interest Income": 1348000.0,
        "Normalized Income": 8085558.542763,
        "Net Income From Continuing And Discontinued Operation": 6796000.0,
        "Total Expenses": 100230000.0,
        "Rent Expense Supplemental": 24981000.0,
        "Total Operating Income As Reported": 14454000.0,
        "Diluted Average Shares": NaN,
        "Basic Average Shares": NaN,
        "Diluted EPS": NaN,
        "Basic EPS": NaN,
        "Diluted NI Availto Com Stockholders": 6796000.0,
        "Net Income Common Stockholders": 6796000.0,
        "Net Income": 6796000.0,
        "Net Income Including Noncontrolling Interests": 6796000.0,
        "Net Income Continuous Operations": 6796000.0,
        "Tax Provision": 3470000.0,
        "Pretax Income": 10266000.0,
        "Other Income Expense": -26000.0,
        "Other Non Operating Income Expenses": 1922000.0,
        "Special Income Charges": 10000.0,
        "Gain On Sale Of Ppe": 49000.0,
        "Impairment Of Capital Assets": 0.0,
        "Restructuring And Mergern Acquisition": 39000.0,
        "Gain On Sale Of Security": -1958000.0,
        "Net Non Operating Interest Income Expense": -4152000.0,
        "Total Other Finance Cost": 268000.0,
        "Interest Expense Non Operating": 5232000.0,
        "Interest Income Non Operating": 1348000.0,
        "Operating Income": 14444000.0,
        "Operating Expense": 22577000.0,
        "Depreciation Amortization Depletion Income Statement": 3919000.0,
        "Depreciation And Amortization In Income Statement": 3919000.0,
        "Amortization": 559000.0,
        "Amortization Of Intangibles Income Statement": 559000.0,
        "Depreciation Income Statement": 3360000.0,
        "Selling General And Administration": 18658000.0,
        "General And Administrative Expense": 18658000.0,
        "Other Gand A": 15795000.0,
        "Salaries And Wages": 2863000.0,
        "Gross Profit": 37021000.0,
        "Cost Of Revenue": 77653000.0,
        "Total Revenue": 114674000.0,
        "Operating Revenue": 114674000.0
    }
}