{
    "2023-03-31": {
        "Tax Effect Of Unusual Items": NaN,
        "Tax Rate For Calcs": NaN,
        "Normalized EBITDA": NaN,
        "Total Unusual Items": NaN,
        "Total Unusual Items Excluding Goodwill": NaN,
        "Net Income From Continuing Operation Net Minority Interest": NaN,
        "Reconciled Depreciation": NaN,
        "Reconciled Cost Of Revenue": NaN,
        "EBITDA": NaN,
        "EBIT": NaN,
        "Net Interest Income": NaN,
        "Interest Expense": NaN,
        "Interest Income": NaN,
        "Normalized Income": NaN,
        "Net Income From Continuing And Discontinued Operation": NaN,
        "Total Expenses": NaN,
        "Total Operating Income As Reported": NaN,
        "Diluted Average Shares": 17807194.0,
        "Basic Average Shares": 17807194.0,
        "Diluted EPS": -0.57,
        "Basic EPS": -0.57,
        "Diluted NI Availto Com Stockholders": NaN,
        "Net Income Common Stockholders": NaN,
        "Net Income": NaN,
        "Net Income Including Noncontrolling Interests": NaN,
        "Net Income Continuous Operations": NaN,
        "Tax Provision": NaN,
        "Pretax Income": NaN,
        "Other Income Expense": NaN,
        "Special Income Charges": NaN,
        "Impairment Of Capital Assets": NaN,
        "Gain On Sale Of Security": NaN,
        "Net Non Operating Interest Income Expense": NaN,
        "Interest Expense Non Operating": NaN,
        "Interest Income Non Operating": NaN,
        "Operating Income": NaN,
        "Operating Expense": NaN,
        "Research And Development": NaN,
        "Selling General And Administration": NaN,
        "General And Administrative Expense": NaN,
        "Other Gand A": NaN,
        "Salaries And Wages": NaN,
        "Gross Profit": NaN,
        "Cost Of Revenue": NaN,
        "Total Revenue": NaN,
        "Operating Revenue": NaN
    },
    "2022-12-31": {
        "Tax Effect Of Unusual Items": NaN,
        "Tax Rate For Calcs": NaN,
        "Normalized EBITDA": NaN,
        "Total Unusual Items": NaN,
        "Total Unusual Items Excluding Goodwill": NaN,
        "Net Income From Continuing Operation Net Minority Interest": NaN,
        "Reconciled Depreciation": NaN,
        "Reconciled Cost Of Revenue": NaN,
        "EBITDA": NaN,
        "EBIT": NaN,
        "Net Interest Income": NaN,
        "Interest Expense": NaN,
        "Interest Income": NaN,
        "Normalized Income": NaN,
        "Net Income From Continuing And Discontinued Operation": NaN,
        "Total Expenses": NaN,
        "Total Operating Income As Reported": NaN,
        "Diluted Average Shares": NaN,
        "Basic Average Shares": NaN,
        "Diluted EPS": NaN,
        "Basic EPS": NaN,
        "Diluted NI Availto Com Stockholders": NaN,
        "Net Income Common Stockholders": NaN,
        "Net Income": NaN,
        "Net Income Including Noncontrolling Interests": NaN,
        "Net Income Continuous Operations": NaN,
        "Tax Provision": NaN,
        "Pretax Income": NaN,
        "Other Income Expense": NaN,
        "Special Income Charges": 0.0,
        "Impairment Of Capital Assets": NaN,
        "Gain On Sale Of Security": NaN,
        "Net Non Operating Interest Income Expense": NaN,
        "Interest Expense Non Operating": NaN,
        "Interest Income Non Operating": NaN,
        "Operating Income": NaN,
        "Operating Expense": NaN,
        "Research And Development": NaN,
        "Selling General And Administration": NaN,
        "General And Administrative Expense": NaN,
        "Other Gand A": NaN,
        "Salaries And Wages": NaN,
        "Gross Profit": NaN,
        "Cost Of Revenue": NaN,
        "Total Revenue": NaN,
        "Operating Revenue": NaN
    },
    "2022-09-30": {
        "Tax Effect Of Unusual Items": NaN,
        "Tax Rate For Calcs": NaN,
        "Normalized EBITDA": NaN,
        "Total Unusual Items": NaN,
        "Total Unusual Items Excluding Goodwill": NaN,
        "Net Income From Continuing Operation Net Minority Interest": NaN,
        "Reconciled Depreciation": NaN,
        "Reconciled Cost Of Revenue": NaN,
        "EBITDA": NaN,
        "EBIT": NaN,
        "Net Interest Income": NaN,
        "Interest Expense": NaN,
        "Interest Income": NaN,
        "Normalized Income": NaN,
        "Net Income From Continuing And Discontinued Operation": NaN,
        "Total Expenses": NaN,
        "Total Operating Income As Reported": NaN,
        "Diluted Average Shares": NaN,
        "Basic Average Shares": NaN,
        "Diluted EPS": NaN,
        "Basic EPS": NaN,
        "Diluted NI Availto Com Stockholders": NaN,
        "Net Income Common Stockholders": NaN,
        "Net Income": NaN,
        "Net Income Including Noncontrolling Interests": NaN,
        "Net Income Continuous Operations": NaN,
        "Tax Provision": NaN,
        "Pretax Income": NaN,
        "Other Income Expense": NaN,
        "Special Income Charges": 0.0,
        "Impairment Of Capital Assets": 0.0,
        "Gain On Sale Of Security": NaN,
        "Net Non Operating Interest Income Expense": NaN,
        "Interest Expense Non Operating": NaN,
        "Interest Income Non Operating": NaN,
        "Operating Income": NaN,
        "Operating Expense": NaN,
        "Research And Development": NaN,
        "Selling General And Administration": NaN,
        "General And Administrative Expense": NaN,
        "Other Gand A": NaN,
        "Salaries And Wages": NaN,
        "Gross Profit": NaN,
        "Cost Of Revenue": NaN,
        "Total Revenue": NaN,
        "Operating Revenue": NaN
    },
    "2022-06-30": {
        "Tax Effect Of Unusual Items": 0.0,
        "Tax Rate For Calcs": 0.0085,
        "Normalized EBITDA": -6099000.0,
        "Total Unusual Items": NaN,
        "Total Unusual Items Excluding Goodwill": NaN,
        "Net Income From Continuing Operation Net Minority Interest": -7528000.0,
        "Reconciled Depreciation": 1039000.0,
        "Reconciled Cost Of Revenue": 7633000.0,
        "EBITDA": -6099000.0,
        "EBIT": -7138000.0,
        "Net Interest Income": -450000.0,
        "Interest Expense": 454000.0,
        "Interest Income": 4000.0,
        "Normalized Income": -7528000.0,
        "Net Income From Continuing And Discontinued Operation": -7528000.0,
        "Total Expenses": 25433000.0,
        "Total Operating Income As Reported": -7142000.0,
        "Diluted Average Shares": 17455894.0,
        "Basic Average Shares": 17455894.0,
        "Diluted EPS": -0.43,
        "Basic EPS": -0.43,
        "Diluted NI Availto Com Stockholders": -7528000.0,
        "Net Income Common Stockholders": -7528000.0,
        "Net Income": -7528000.0,
        "Net Income Including Noncontrolling Interests": -7528000.0,
        "Net Income Continuous Operations": -7528000.0,
        "Tax Provision": -64000.0,
        "Pretax Income": -7592000.0,
        "Other Income Expense": NaN,
        "Special Income Charges": NaN,
        "Impairment Of Capital Assets": NaN,
        "Gain On Sale Of Security": NaN,
        "Net Non Operating Interest Income Expense": -450000.0,
        "Interest Expense Non Operating": 454000.0,
        "Interest Income Non Operating": 4000.0,
        "Operating Income": -7142000.0,
        "Operating Expense": 17800000.0,
        "Research And Development": 2609000.0,
        "Selling General And Administration": 15191000.0,
        "General And Administrative Expense": NaN,
        "Other Gand A": NaN,
        "Salaries And Wages": NaN,
        "Gross Profit": 10658000.0,
        "Cost Of Revenue": 7633000.0,
        "Total Revenue": 18291000.0,
        "Operating Revenue": 18235000.0
    },
    "2022-03-31": {
        "Diluted EPS": -0.08,
        "Total Revenue": 23,
        "Gross Profit": 15,
        "Operating Income": -1,
        "EBIT": 0,
        "Net Income": -1
    },
    "2021-12-31": {
        "Diluted EPS": -1.88,
        "Total Revenue": 18,
        "Gross Profit": 8,
        "Operating Income": -9,
        "EBIT": -7,
        "Net Income": -22
    },
    "2021-09-30": {
        "Diluted EPS": -1.16,
        "Total Revenue": 20,
        "Gross Profit": 8,
        "Operating Income": -13,
        "EBIT": -12,
        "Net Income": -11
    },
    "2021-06-30": {
        "Diluted EPS": -1.3,
        "Total Revenue": 15,
        "Gross Profit": 8,
        "Operating Income": -14,
        "EBIT": -13,
        "Net Income": -12
    },
    "2021-03-31": {
        "Diluted EPS": 0.02,
        "Total Revenue": 11,
        "Gross Profit": 7,
        "Operating Income": 1,
        "EBIT": 1,
        "Net Income": 0
    },
    "2020-12-31": {
        "Diluted EPS": 0.0,
        "Total Revenue": NaN,
        "Gross Profit": NaN,
        "Operating Income": NaN,
        "EBIT": NaN,
        "Net Income": NaN
    },
    "2020-09-30": {
        "Diluted EPS": 0.0,
        "Total Revenue": 9,
        "Gross Profit": 6,
        "Operating Income": 0,
        "EBIT": 0,
        "Net Income": 0
    },
    "2019-12-31": {
        "Diluted EPS": 0.0,
        "Total Revenue": NaN,
        "Gross Profit": NaN,
        "Operating Income": NaN,
        "EBIT": NaN,
        "Net Income": NaN
    },
    "2023-06-30": {
        "Tax Effect Of Unusual Items": NaN,
        "Tax Rate For Calcs": NaN,
        "Normalized EBITDA": NaN,
        "Total Unusual Items": NaN,
        "Total Unusual Items Excluding Goodwill": NaN,
        "Net Income From Continuing Operation Net Minority Interest": NaN,
        "Reconciled Depreciation": NaN,
        "Reconciled Cost Of Revenue": NaN,
        "EBITDA": NaN,
        "EBIT": NaN,
        "Net Interest Income": NaN,
        "Interest Expense": NaN,
        "Interest Income": NaN,
        "Normalized Income": NaN,
        "Net Income From Continuing And Discontinued Operation": NaN,
        "Total Expenses": NaN,
        "Total Operating Income As Reported": NaN,
        "Diluted Average Shares": 18005055.0,
        "Basic Average Shares": 18005055.0,
        "Diluted EPS": -0.46,
        "Basic EPS": -0.46,
        "Diluted NI Availto Com Stockholders": NaN,
        "Net Income Common Stockholders": NaN,
        "Net Income": NaN,
        "Net Income Including Noncontrolling Interests": NaN,
        "Net Income Continuous Operations": NaN,
        "Tax Provision": NaN,
        "Pretax Income": NaN,
        "Other Income Expense": NaN,
        "Special Income Charges": NaN,
        "Other Special Charges": NaN,
        "Impairment Of Capital Assets": NaN,
        "Gain On Sale Of Security": NaN,
        "Net Non Operating Interest Income Expense": NaN,
        "Interest Expense Non Operating": NaN,
        "Interest Income Non Operating": NaN,
        "Operating Income": NaN,
        "Operating Expense": NaN,
        "Research And Development": NaN,
        "Selling General And Administration": NaN,
        "General And Administrative Expense": 12141000.0,
        "Other Gand A": 11298000.0,
        "Salaries And Wages": 843000.0,
        "Gross Profit": NaN,
        "Cost Of Revenue": NaN,
        "Total Revenue": NaN,
        "Operating Revenue": NaN
    },
    "2023-09-30": {
        "Tax Effect Of Unusual Items": NaN,
        "Tax Rate For Calcs": NaN,
        "Normalized EBITDA": NaN,
        "Total Unusual Items": NaN,
        "Total Unusual Items Excluding Goodwill": NaN,
        "Net Income From Continuing Operation Net Minority Interest": NaN,
        "Reconciled Depreciation": NaN,
        "Reconciled Cost Of Revenue": NaN,
        "EBITDA": NaN,
        "EBIT": NaN,
        "Net Interest Income": NaN,
        "Interest Expense": NaN,
        "Interest Income": NaN,
        "Normalized Income": NaN,
        "Net Income From Continuing And Discontinued Operation": NaN,
        "Total Expenses": NaN,
        "Total Operating Income As Reported": NaN,
        "Diluted Average Shares": 21034758.0,
        "Basic Average Shares": 18416368.0,
        "Diluted EPS": 0.8,
        "Basic EPS": 0.91,
        "Diluted NI Availto Com Stockholders": NaN,
        "Net Income Common Stockholders": NaN,
        "Net Income": NaN,
        "Net Income Including Noncontrolling Interests": NaN,
        "Net Income Continuous Operations": NaN,
        "Tax Provision": NaN,
        "Pretax Income": NaN,
        "Other Income Expense": NaN,
        "Special Income Charges": 0.0,
        "Other Special Charges": NaN,
        "Impairment Of Capital Assets": 0.0,
        "Gain On Sale Of Security": NaN,
        "Net Non Operating Interest Income Expense": NaN,
        "Interest Expense Non Operating": NaN,
        "Interest Income Non Operating": NaN,
        "Operating Income": NaN,
        "Operating Expense": NaN,
        "Depreciation Amortization Depletion Income Statement": NaN,
        "Depreciation And Amortization In Income Statement": NaN,
        "Amortization": NaN,
        "Amortization Of Intangibles Income Statement": NaN,
        "Research And Development": NaN,
        "Selling General And Administration": NaN,
        "Gross Profit": NaN,
        "Cost Of Revenue": NaN,
        "Total Revenue": NaN,
        "Operating Revenue": NaN
    },
    "2023-12-31": {
        "Tax Effect Of Unusual Items": NaN,
        "Tax Rate For Calcs": NaN,
        "Normalized EBITDA": NaN,
        "Total Unusual Items": NaN,
        "Total Unusual Items Excluding Goodwill": NaN,
        "Net Income From Continuing Operation Net Minority Interest": NaN,
        "Reconciled Depreciation": NaN,
        "Reconciled Cost Of Revenue": NaN,
        "EBITDA": NaN,
        "EBIT": NaN,
        "Net Interest Income": NaN,
        "Interest Expense": NaN,
        "Interest Income": NaN,
        "Normalized Income": NaN,
        "Net Income From Continuing And Discontinued Operation": NaN,
        "Total Expenses": NaN,
        "Total Operating Income As Reported": NaN,
        "Diluted Average Shares": NaN,
        "Basic Average Shares": NaN,
        "Diluted EPS": NaN,
        "Basic EPS": NaN,
        "Diluted NI Availto Com Stockholders": NaN,
        "Net Income Common Stockholders": NaN,
        "Net Income": NaN,
        "Net Income Including Noncontrolling Interests": NaN,
        "Net Income Continuous Operations": NaN,
        "Tax Provision": NaN,
        "Pretax Income": NaN,
        "Other Income Expense": NaN,
        "Special Income Charges": 0.0,
        "Other Special Charges": NaN,
        "Impairment Of Capital Assets": 0.0,
        "Gain On Sale Of Security": NaN,
        "Net Non Operating Interest Income Expense": NaN,
        "Interest Expense Non Operating": NaN,
        "Interest Income Non Operating": NaN,
        "Operating Income": NaN,
        "Operating Expense": NaN,
        "Depreciation Amortization Depletion Income Statement": NaN,
        "Depreciation And Amortization In Income Statement": NaN,
        "Amortization": NaN,
        "Amortization Of Intangibles Income Statement": NaN,
        "Research And Development": NaN,
        "Selling General And Administration": NaN,
        "Gross Profit": NaN,
        "Cost Of Revenue": NaN,
        "Total Revenue": NaN,
        "Operating Revenue": NaN
    },
    "2024-03-31": {
        "Tax Effect Of Unusual Items": 0.0,
        "Tax Rate For Calcs": 0.0,
        "Normalized EBITDA": -9037000.0,
        "Total Unusual Items": -21000.0,
        "Total Unusual Items Excluding Goodwill": -21000.0,
        "Net Income From Continuing Operation Net Minority Interest": -10442000.0,
        "Reconciled Depreciation": 836000.0,
        "Reconciled Cost Of Revenue": 5980000.0,
        "EBITDA": -9058000.0,
        "EBIT": -9894000.0,
        "Net Interest Income": -331000.0,
        "Interest Expense": 548000.0,
        "Interest Income": 217000.0,
        "Normalized Income": -10421000.0,
        "Net Income From Continuing And Discontinued Operation": -10442000.0,
        "Total Expenses": 23120000.0,
        "Total Operating Income As Reported": -10090000.0,
        "Diluted Average Shares": 19757449.0,
        "Basic Average Shares": 19757449.0,
        "Diluted EPS": -0.53,
        "Basic EPS": -0.53,
        "Diluted NI Availto Com Stockholders": -10442000.0,
        "Net Income Common Stockholders": -10442000.0,
        "Net Income": -10442000.0,
        "Net Income Including Noncontrolling Interests": -10442000.0,
        "Net Income Continuous Operations": -10442000.0,
        "Tax Provision": 0.0,
        "Pretax Income": -10442000.0,
        "Other Income Expense": -21000.0,
        "Special Income Charges": NaN,
        "Other Special Charges": NaN,
        "Impairment Of Capital Assets": NaN,
        "Gain On Sale Of Security": -21000.0,
        "Net Non Operating Interest Income Expense": -331000.0,
        "Interest Expense Non Operating": 548000.0,
        "Interest Income Non Operating": 217000.0,
        "Operating Income": -10090000.0,
        "Operating Expense": 17118000.0,
        "Depreciation Amortization Depletion Income Statement": 814000.0,
        "Depreciation And Amortization In Income Statement": 814000.0,
        "Amortization": 814000.0,
        "Amortization Of Intangibles Income Statement": 814000.0,
        "Research And Development": 7884000.0,
        "Selling General And Administration": 8420000.0,
        "Gross Profit": 7028000.0,
        "Cost Of Revenue": 6002000.0,
        "Total Revenue": 13030000.0,
        "Operating Revenue": 13030000.0
    },
    "2024-06-30": {
        "Tax Effect Of Unusual Items": 0.0,
        "Tax Rate For Calcs": 0.0,
        "Normalized EBITDA": -1927000.0,
        "Total Unusual Items": -32000.0,
        "Total Unusual Items Excluding Goodwill": -32000.0,
        "Net Income From Continuing Operation Net Minority Interest": -3361000.0,
        "Reconciled Depreciation": 839000.0,
        "Reconciled Cost Of Revenue": 6541000.0,
        "EBITDA": -1959000.0,
        "EBIT": -2798000.0,
        "Net Interest Income": -402000.0,
        "Interest Expense": 563000.0,
        "Interest Income": 161000.0,
        "Normalized Income": -3329000.0,
        "Net Income From Continuing And Discontinued Operation": -3361000.0,
        "Total Expenses": 17782000.0,
        "Total Operating Income As Reported": -2927000.0,
        "Diluted Average Shares": 19993858.0,
        "Basic Average Shares": 19993858.0,
        "Diluted EPS": -0.17,
        "Basic EPS": -0.17,
        "Diluted NI Availto Com Stockholders": -3361000.0,
        "Net Income Common Stockholders": -3361000.0,
        "Net Income": -3361000.0,
        "Net Income Including Noncontrolling Interests": -3361000.0,
        "Net Income Continuous Operations": -3361000.0,
        "Tax Provision": 0.0,
        "Pretax Income": -3361000.0,
        "Other Income Expense": -32000.0,
        "Special Income Charges": 0.0,
        "Other Special Charges": NaN,
        "Impairment Of Capital Assets": 0.0,
        "Gain On Sale Of Security": -32000.0,
        "Net Non Operating Interest Income Expense": -402000.0,
        "Interest Expense Non Operating": 563000.0,
        "Interest Income Non Operating": 161000.0,
        "Operating Income": -2927000.0,
        "Operating Expense": 11241000.0,
        "Depreciation Amortization Depletion Income Statement": NaN,
        "Depreciation And Amortization In Income Statement": NaN,
        "Amortization": NaN,
        "Amortization Of Intangibles Income Statement": NaN,
        "Research And Development": 913000.0,
        "Selling General And Administration": 10328000.0,
        "Gross Profit": 8314000.0,
        "Cost Of Revenue": 6541000.0,
        "Total Revenue": 14855000.0,
        "Operating Revenue": 14855000.0
    },
    "2024-09-30": {
        "Tax Effect Of Unusual Items": 0.0,
        "Tax Rate For Calcs": 0.0,
        "Normalized EBITDA": -1869000.0,
        "Total Unusual Items": 1074000.0,
        "Total Unusual Items Excluding Goodwill": 1074000.0,
        "Net Income From Continuing Operation Net Minority Interest": -2390000.0,
        "Reconciled Depreciation": 837000.0,
        "Reconciled Cost Of Revenue": 5285000.0,
        "EBITDA": -795000.0,
        "EBIT": -1632000.0,
        "Net Interest Income": -570000.0,
        "Interest Expense": 758000.0,
        "Interest Income": 188000.0,
        "Normalized Income": -3464000.0,
        "Net Income From Continuing And Discontinued Operation": -2390000.0,
        "Total Expenses": 17523000.0,
        "Total Operating Income As Reported": -2894000.0,
        "Diluted Average Shares": 20537794.0,
        "Basic Average Shares": 20537794.0,
        "Diluted EPS": -0.12,
        "Basic EPS": -0.12,
        "Diluted NI Availto Com Stockholders": -2390000.0,
        "Net Income Common Stockholders": -2390000.0,
        "Net Income": -2390000.0,
        "Net Income Including Noncontrolling Interests": -2390000.0,
        "Net Income Continuous Operations": -2390000.0,
        "Tax Provision": 0.0,
        "Pretax Income": -2390000.0,
        "Other Income Expense": 1074000.0,
        "Special Income Charges": 1125000.0,
        "Other Special Charges": -1125000.0,
        "Impairment Of Capital Assets": 0.0,
        "Gain On Sale Of Security": -51000.0,
        "Net Non Operating Interest Income Expense": -570000.0,
        "Interest Expense Non Operating": 758000.0,
        "Interest Income Non Operating": 188000.0,
        "Operating Income": -2894000.0,
        "Operating Expense": 12238000.0,
        "Depreciation Amortization Depletion Income Statement": NaN,
        "Depreciation And Amortization In Income Statement": NaN,
        "Amortization": NaN,
        "Amortization Of Intangibles Income Statement": NaN,
        "Research And Development": 842000.0,
        "Selling General And Administration": 11396000.0,
        "Gross Profit": 9344000.0,
        "Cost Of Revenue": 5285000.0,
        "Total Revenue": 14629000.0,
        "Operating Revenue": 14629000.0
    },
    "2024-12-31": {
        "Tax Effect Of Unusual Items": 175095.448799,
        "Tax Rate For Calcs": 0.038559,
        "Normalized EBITDA": -1125000.0,
        "Total Unusual Items": 4541000.0,
        "Total Unusual Items Excluding Goodwill": 4541000.0,
        "Net Income From Continuing Operation Net Minority Interest": 1521000.0,
        "Reconciled Depreciation": 1003000.0,
        "Reconciled Cost Of Revenue": 2237000.0,
        "EBITDA": 3416000.0,
        "EBIT": 2413000.0,
        "Net Interest Income": -640000.0,
        "Interest Expense": 831000.0,
        "Interest Income": 191000.0,
        "Normalized Income": -2844904.551201,
        "Net Income From Continuing And Discontinued Operation": 1521000.0,
        "Total Expenses": 15939000.0,
        "Total Operating Income As Reported": 2234000.0,
        "Diluted Average Shares": NaN,
        "Basic Average Shares": NaN,
        "Diluted EPS": NaN,
        "Basic EPS": NaN,
        "Diluted NI Availto Com Stockholders": 1521000.0,
        "Net Income Common Stockholders": 1521000.0,
        "Net Income": 1521000.0,
        "Net Income Including Noncontrolling Interests": 1521000.0,
        "Net Income Continuous Operations": 1521000.0,
        "Tax Provision": 61000.0,
        "Pretax Income": 1582000.0,
        "Other Income Expense": 4541000.0,
        "Special Income Charges": 4553000.0,
        "Other Special Charges": -4553000.0,
        "Impairment Of Capital Assets": 0.0,
        "Gain On Sale Of Security": -12000.0,
        "Net Non Operating Interest Income Expense": -640000.0,
        "Interest Expense Non Operating": 831000.0,
        "Interest Income Non Operating": 191000.0,
        "Operating Income": -2319000.0,
        "Operating Expense": 13702000.0,
        "Depreciation Amortization Depletion Income Statement": NaN,
        "Depreciation And Amortization In Income Statement": NaN,
        "Amortization": NaN,
        "Amortization Of Intangibles Income Statement": NaN,
        "Research And Development": 218000.0,
        "Selling General And Administration": 10060000.0,
        "Gross Profit": 11383000.0,
        "Cost Of Revenue": 2237000.0,
        "Total Revenue": 13620000.0,
        "Operating Revenue": 12620000.0
    },
    "2025-03-31": {
        "Tax Effect Of Unusual Items": 0.0,
        "Tax Rate For Calcs": 0.0,
        "Normalized EBITDA": -2089000.0,
        "Total Unusual Items": -7000.0,
        "Total Unusual Items Excluding Goodwill": -7000.0,
        "Net Income From Continuing Operation Net Minority Interest": -4073000.0,
        "Reconciled Depreciation": 1086000.0,
        "Reconciled Cost Of Revenue": 4769000.0,
        "EBITDA": -2096000.0,
        "EBIT": -3182000.0,
        "Net Interest Income": -742000.0,
        "Interest Expense": 891000.0,
        "Interest Income": 149000.0,
        "Normalized Income": -4066000.0,
        "Net Income From Continuing And Discontinued Operation": -4073000.0,
        "Total Expenses": 16463000.0,
        "Total Operating Income As Reported": -3324000.0,
        "Diluted Average Shares": 22611040.0,
        "Basic Average Shares": 22611040.0,
        "Diluted EPS": -0.18,
        "Basic EPS": -0.18,
        "Diluted NI Availto Com Stockholders": -4073000.0,
        "Net Income Common Stockholders": -4073000.0,
        "Net Income": -4073000.0,
        "Net Income Including Noncontrolling Interests": -4073000.0,
        "Net Income Continuous Operations": -4073000.0,
        "Tax Provision": 0.0,
        "Pretax Income": -4073000.0,
        "Other Income Expense": -7000.0,
        "Special Income Charges": NaN,
        "Other Special Charges": NaN,
        "Impairment Of Capital Assets": NaN,
        "Gain On Sale Of Security": -7000.0,
        "Net Non Operating Interest Income Expense": -742000.0,
        "Interest Expense Non Operating": 891000.0,
        "Interest Income Non Operating": 149000.0,
        "Operating Income": -3324000.0,
        "Operating Expense": 11673000.0,
        "Depreciation Amortization Depletion Income Statement": 1065000.0,
        "Depreciation And Amortization In Income Statement": 1065000.0,
        "Amortization": 1065000.0,
        "Amortization Of Intangibles Income Statement": 1065000.0,
        "Research And Development": 39000.0,
        "Selling General And Administration": 10569000.0,
        "Gross Profit": 8349000.0,
        "Cost Of Revenue": 4790000.0,
        "Total Revenue": 13139000.0,
        "Operating Revenue": 13139000.0
    }
}