{
    "2023-03-31": {
        "Tax Effect Of Unusual Items": NaN,
        "Tax Rate For Calcs": NaN,
        "Normalized EBITDA": NaN,
        "Total Unusual Items": NaN,
        "Total Unusual Items Excluding Goodwill": NaN,
        "Net Income From Continuing Operation Net Minority Interest": NaN,
        "Reconciled Depreciation": NaN,
        "Reconciled Cost Of Revenue": NaN,
        "EBITDA": NaN,
        "EBIT": NaN,
        "Normalized Income": NaN,
        "Net Income From Continuing And Discontinued Operation": NaN,
        "Total Expenses": NaN,
        "Diluted Average Shares": 108822306.0,
        "Basic Average Shares": 92940291.0,
        "Diluted EPS": 0.45,
        "Basic EPS": 0.49,
        "Diluted NI Availto Com Stockholders": NaN,
        "Net Income Common Stockholders": NaN,
        "Preferred Stock Dividends": NaN,
        "Net Income": NaN,
        "Minority Interests": NaN,
        "Net Income Including Noncontrolling Interests": NaN,
        "Net Income Continuous Operations": NaN,
        "Tax Provision": NaN,
        "Pretax Income": NaN,
        "Other Income Expense": NaN,
        "Other Non Operating Income Expenses": NaN,
        "Special Income Charges": NaN,
        "Restructuring And Mergern Acquisition": NaN,
        "Earnings From Equity Interest": NaN,
        "Operating Income": NaN,
        "Operating Expense": NaN,
        "Selling General And Administration": NaN,
        "Gross Profit": NaN,
        "Cost Of Revenue": NaN,
        "Total Revenue": NaN,
        "Operating Revenue": NaN
    },
    "2022-12-31": {
        "Tax Effect Of Unusual Items": NaN,
        "Tax Rate For Calcs": NaN,
        "Normalized EBITDA": NaN,
        "Total Unusual Items": NaN,
        "Total Unusual Items Excluding Goodwill": NaN,
        "Net Income From Continuing Operation Net Minority Interest": NaN,
        "Reconciled Depreciation": NaN,
        "Reconciled Cost Of Revenue": NaN,
        "EBITDA": NaN,
        "EBIT": NaN,
        "Net Interest Income": -1000.0,
        "Interest Expense": 1000.0,
        "Normalized Income": NaN,
        "Net Income From Continuing And Discontinued Operation": NaN,
        "Total Expenses": NaN,
        "Diluted Average Shares": NaN,
        "Basic Average Shares": NaN,
        "Diluted EPS": NaN,
        "Basic EPS": NaN,
        "Diluted NI Availto Com Stockholders": NaN,
        "Net Income Common Stockholders": NaN,
        "Preferred Stock Dividends": NaN,
        "Net Income": NaN,
        "Minority Interests": NaN,
        "Net Income Including Noncontrolling Interests": NaN,
        "Net Income Continuous Operations": NaN,
        "Tax Provision": NaN,
        "Pretax Income": NaN,
        "Other Income Expense": NaN,
        "Other Non Operating Income Expenses": NaN,
        "Special Income Charges": NaN,
        "Restructuring And Mergern Acquisition": NaN,
        "Earnings From Equity Interest": NaN,
        "Net Non Operating Interest Income Expense": -1000.0,
        "Interest Expense Non Operating": 1000.0,
        "Operating Income": NaN,
        "Operating Expense": NaN,
        "Selling General And Administration": NaN,
        "Gross Profit": NaN,
        "Cost Of Revenue": NaN,
        "Total Revenue": NaN,
        "Operating Revenue": NaN
    },
    "2022-09-30": {
        "Tax Effect Of Unusual Items": NaN,
        "Tax Rate For Calcs": NaN,
        "Normalized EBITDA": NaN,
        "Total Unusual Items": NaN,
        "Total Unusual Items Excluding Goodwill": NaN,
        "Net Income From Continuing Operation Net Minority Interest": NaN,
        "Reconciled Depreciation": NaN,
        "Reconciled Cost Of Revenue": NaN,
        "EBITDA": NaN,
        "EBIT": NaN,
        "Net Interest Income": -5000.0,
        "Interest Expense": 5000.0,
        "Normalized Income": NaN,
        "Net Income From Continuing And Discontinued Operation": NaN,
        "Total Expenses": NaN,
        "Diluted Average Shares": NaN,
        "Basic Average Shares": NaN,
        "Diluted EPS": NaN,
        "Basic EPS": NaN,
        "Diluted NI Availto Com Stockholders": NaN,
        "Net Income Common Stockholders": NaN,
        "Preferred Stock Dividends": NaN,
        "Net Income": NaN,
        "Minority Interests": NaN,
        "Net Income Including Noncontrolling Interests": NaN,
        "Net Income Continuous Operations": NaN,
        "Tax Provision": NaN,
        "Pretax Income": NaN,
        "Other Income Expense": NaN,
        "Other Non Operating Income Expenses": NaN,
        "Special Income Charges": NaN,
        "Restructuring And Mergern Acquisition": NaN,
        "Earnings From Equity Interest": NaN,
        "Net Non Operating Interest Income Expense": -5000.0,
        "Interest Expense Non Operating": 5000.0,
        "Operating Income": NaN,
        "Operating Expense": NaN,
        "Selling General And Administration": NaN,
        "Gross Profit": NaN,
        "Cost Of Revenue": NaN,
        "Total Revenue": NaN,
        "Operating Revenue": NaN
    },
    "2022-06-30": {
        "Tax Effect Of Unusual Items": -1311230.283841,
        "Tax Rate For Calcs": 0.260062,
        "Normalized EBITDA": 98381000.0,
        "Total Unusual Items": -5042000.0,
        "Total Unusual Items Excluding Goodwill": -5042000.0,
        "Net Income From Continuing Operation Net Minority Interest": 62624000.0,
        "Reconciled Depreciation": 3628000.0,
        "Reconciled Cost Of Revenue": 635422000.0,
        "EBITDA": 93339000.0,
        "EBIT": 89711000.0,
        "Net Interest Income": -13000.0,
        "Interest Expense": 13000.0,
        "Normalized Income": 66354769.716159,
        "Net Income From Continuing And Discontinued Operation": 62624000.0,
        "Total Expenses": 701437000.0,
        "Diluted Average Shares": 104566243.0,
        "Basic Average Shares": 92758939.0,
        "Diluted EPS": 0.6,
        "Basic EPS": 0.64,
        "Diluted NI Availto Com Stockholders": 59008000.0,
        "Net Income Common Stockholders": 59008000.0,
        "Preferred Stock Dividends": 3616000.0,
        "Net Income": 62624000.0,
        "Minority Interests": -3747000.0,
        "Net Income Including Noncontrolling Interests": 66371000.0,
        "Net Income Continuous Operations": 66371000.0,
        "Tax Provision": 23327000.0,
        "Pretax Income": 89698000.0,
        "Other Income Expense": -1986000.0,
        "Other Non Operating Income Expenses": -278000.0,
        "Special Income Charges": -5042000.0,
        "Restructuring And Mergern Acquisition": 5042000.0,
        "Earnings From Equity Interest": 3334000.0,
        "Net Non Operating Interest Income Expense": -13000.0,
        "Interest Expense Non Operating": 13000.0,
        "Operating Income": 91697000.0,
        "Operating Expense": 66015000.0,
        "Selling General And Administration": 66015000.0,
        "Gross Profit": 157712000.0,
        "Cost Of Revenue": 635422000.0,
        "Total Revenue": 793134000.0,
        "Operating Revenue": 791230000.0
    },
    "2022-03-31": {
        "Diluted EPS": 0.42,
        "Total Revenue": 664,
        "Gross Profit": 125,
        "Operating Income": 63,
        "EBIT": 67,
        "Net Income": 40
    },
    "2021-12-31": {
        "Diluted EPS": 0.58,
        "Total Revenue": 852,
        "Gross Profit": 140,
        "Operating Income": 79,
        "EBIT": 84,
        "Net Income": 54
    },
    "2021-09-30": {
        "Diluted EPS": 0.2,
        "Total Revenue": 363,
        "Gross Profit": 60,
        "Operating Income": 26,
        "EBIT": 27,
        "Net Income": 19
    },
    "2021-06-30": {
        "Diluted EPS": 0.31,
        "Total Revenue": 365,
        "Gross Profit": 62,
        "Operating Income": 32,
        "EBIT": 34,
        "Net Income": 28
    },
    "2021-03-31": {
        "Diluted EPS": 0.18,
        "Total Revenue": 344,
        "Gross Profit": 53,
        "Operating Income": 23,
        "EBIT": 26,
        "Net Income": 17
    },
    "2020-12-31": {
        "Diluted EPS": 0.0,
        "Total Revenue": 461,
        "Gross Profit": 74,
        "Operating Income": 38,
        "EBIT": 41,
        "Net Income": 38
    },
    "2020-09-30": {
        "Diluted EPS": 0.0,
        "Total Revenue": 284,
        "Gross Profit": 43,
        "Operating Income": 24,
        "EBIT": 26,
        "Net Income": 23
    },
    "2020-06-30": {
        "Diluted EPS": 0.0,
        "Total Revenue": 200,
        "Gross Profit": 29,
        "Operating Income": 12,
        "EBIT": 14,
        "Net Income": 12
    },
    "2020-03-31": {
        "Diluted EPS": 0.0,
        "Total Revenue": 189,
        "Gross Profit": 25,
        "Operating Income": 7,
        "EBIT": 9,
        "Net Income": 7
    },
    "2019-12-31": {
        "Diluted EPS": 0.0,
        "Total Revenue": NaN,
        "Gross Profit": NaN,
        "Operating Income": NaN,
        "EBIT": NaN,
        "Net Income": NaN
    },
    "2018-12-31": {
        "Diluted EPS": 0.0,
        "Total Revenue": NaN,
        "Gross Profit": NaN,
        "Operating Income": NaN,
        "EBIT": NaN,
        "Net Income": NaN
    },
    "2023-06-30": {
        "Tax Effect Of Unusual Items": NaN,
        "Tax Rate For Calcs": NaN,
        "Normalized EBITDA": NaN,
        "Total Unusual Items": NaN,
        "Total Unusual Items Excluding Goodwill": NaN,
        "Net Income From Continuing Operation Net Minority Interest": NaN,
        "Reconciled Depreciation": NaN,
        "Reconciled Cost Of Revenue": NaN,
        "EBITDA": NaN,
        "EBIT": NaN,
        "Normalized Income": NaN,
        "Net Income From Continuing And Discontinued Operation": NaN,
        "Total Expenses": NaN,
        "Diluted Average Shares": 105439519.0,
        "Basic Average Shares": 93108277.0,
        "Diluted EPS": 0.65,
        "Basic EPS": 0.7,
        "Diluted NI Availto Com Stockholders": NaN,
        "Net Income Common Stockholders": NaN,
        "Preferred Stock Dividends": NaN,
        "Net Income": NaN,
        "Minority Interests": NaN,
        "Net Income Including Noncontrolling Interests": NaN,
        "Net Income Continuous Operations": NaN,
        "Tax Provision": NaN,
        "Pretax Income": NaN,
        "Other Income Expense": NaN,
        "Other Non Operating Income Expenses": NaN,
        "Special Income Charges": NaN,
        "Restructuring And Mergern Acquisition": NaN,
        "Earnings From Equity Interest": NaN,
        "Operating Income": NaN,
        "Operating Expense": NaN,
        "Selling General And Administration": NaN,
        "Gross Profit": NaN,
        "Cost Of Revenue": NaN,
        "Total Revenue": NaN,
        "Operating Revenue": NaN
    },
    "2023-09-30": {
        "Tax Effect Of Unusual Items": NaN,
        "Tax Rate For Calcs": NaN,
        "Normalized EBITDA": NaN,
        "Total Unusual Items": NaN,
        "Total Unusual Items Excluding Goodwill": NaN,
        "Net Income From Continuing Operation Net Minority Interest": NaN,
        "Reconciled Depreciation": NaN,
        "Reconciled Cost Of Revenue": NaN,
        "EBITDA": NaN,
        "EBIT": NaN,
        "Normalized Income": NaN,
        "Net Income From Continuing And Discontinued Operation": NaN,
        "Total Expenses": NaN,
        "Diluted Average Shares": 102052181.0,
        "Basic Average Shares": 93108277.0,
        "Diluted EPS": 0.75,
        "Basic EPS": 0.79,
        "Diluted NI Availto Com Stockholders": NaN,
        "Net Income Common Stockholders": NaN,
        "Preferred Stock Dividends": NaN,
        "Net Income": NaN,
        "Minority Interests": NaN,
        "Net Income Including Noncontrolling Interests": NaN,
        "Net Income Continuous Operations": NaN,
        "Tax Provision": NaN,
        "Pretax Income": NaN,
        "Other Income Expense": NaN,
        "Other Non Operating Income Expenses": NaN,
        "Special Income Charges": NaN,
        "Restructuring And Mergern Acquisition": NaN,
        "Earnings From Equity Interest": NaN,
        "Operating Income": NaN,
        "Operating Expense": NaN,
        "Selling General And Administration": NaN,
        "Gross Profit": NaN,
        "Cost Of Revenue": NaN,
        "Total Revenue": NaN,
        "Operating Revenue": NaN
    },
    "2023-12-31": {
        "Tax Effect Of Unusual Items": -3147064.992026,
        "Tax Rate For Calcs": 0.22508,
        "Normalized EBITDA": 159764000.0,
        "Total Unusual Items": -13982000.0,
        "Total Unusual Items Excluding Goodwill": -13982000.0,
        "Net Income From Continuing Operation Net Minority Interest": 101950000.0,
        "Reconciled Depreciation": 4475000.0,
        "Reconciled Cost Of Revenue": 902328000.0,
        "EBITDA": 145782000.0,
        "EBIT": 141307000.0,
        "Normalized Income": 112784935.007974,
        "Net Income From Continuing And Discontinued Operation": 101950000.0,
        "Total Expenses": 996690000.0,
        "Diluted Average Shares": NaN,
        "Basic Average Shares": NaN,
        "Diluted EPS": NaN,
        "Basic EPS": NaN,
        "Diluted NI Availto Com Stockholders": 98575000.0,
        "Net Income Common Stockholders": 98575000.0,
        "Preferred Stock Dividends": 3375000.0,
        "Net Income": 101950000.0,
        "Minority Interests": -2999000.0,
        "Net Income Including Noncontrolling Interests": 104949000.0,
        "Net Income Continuous Operations": 104949000.0,
        "Tax Provision": 30483000.0,
        "Pretax Income": 135432000.0,
        "Other Income Expense": -5875000.0,
        "Other Non Operating Income Expenses": 2251000.0,
        "Special Income Charges": -13982000.0,
        "Restructuring And Mergern Acquisition": 13982000.0,
        "Earnings From Equity Interest": 5856000.0,
        "Operating Income": 141307000.0,
        "Operating Expense": 94362000.0,
        "Selling General And Administration": 94362000.0,
        "Gross Profit": 235669000.0,
        "Cost Of Revenue": 902328000.0,
        "Total Revenue": 1137997000.0,
        "Operating Revenue": 1135030000.0
    },
    "2024-03-31": {
        "Tax Effect Of Unusual Items": -685603.566588,
        "Tax Rate For Calcs": 0.213783,
        "Normalized EBITDA": 74607000.0,
        "Total Unusual Items": -3207000.0,
        "Total Unusual Items Excluding Goodwill": -3207000.0,
        "Net Income From Continuing Operation Net Minority Interest": 54494000.0,
        "Reconciled Depreciation": 4033000.0,
        "Reconciled Cost Of Revenue": 680324000.0,
        "EBITDA": 71400000.0,
        "EBIT": 67367000.0,
        "Normalized Income": 57015396.433412,
        "Net Income From Continuing And Discontinued Operation": 54494000.0,
        "Total Expenses": 760433000.0,
        "Diluted Average Shares": 99935524.0,
        "Basic Average Shares": 93325838.0,
        "Diluted EPS": 0.55,
        "Basic EPS": 0.55,
        "Diluted NI Availto Com Stockholders": 51119000.0,
        "Net Income Common Stockholders": 51119000.0,
        "Preferred Stock Dividends": 3375000.0,
        "Net Income": 54494000.0,
        "Minority Interests": -1189000.0,
        "Net Income Including Noncontrolling Interests": 55683000.0,
        "Net Income Continuous Operations": 55683000.0,
        "Tax Provision": 15141000.0,
        "Pretax Income": 70824000.0,
        "Other Income Expense": 3457000.0,
        "Other Non Operating Income Expenses": 1761000.0,
        "Special Income Charges": -3207000.0,
        "Restructuring And Mergern Acquisition": 3207000.0,
        "Earnings From Equity Interest": 4903000.0,
        "Operating Income": 67367000.0,
        "Operating Expense": 80109000.0,
        "Selling General And Administration": 80109000.0,
        "Gross Profit": 147476000.0,
        "Cost Of Revenue": 680324000.0,
        "Total Revenue": 827800000.0,
        "Operating Revenue": 827800000.0
    },
    "2024-06-30": {
        "Tax Effect Of Unusual Items": -1017001.641386,
        "Tax Rate For Calcs": 0.219276,
        "Normalized EBITDA": 112961000.0,
        "Total Unusual Items": -4638000.0,
        "Total Unusual Items Excluding Goodwill": -4638000.0,
        "Net Income From Continuing Operation Net Minority Interest": 80943000.0,
        "Reconciled Depreciation": 4339000.0,
        "Reconciled Cost Of Revenue": 854909000.0,
        "EBITDA": 108323000.0,
        "EBIT": 103984000.0,
        "Normalized Income": 84563998.358614,
        "Net Income From Continuing And Discontinued Operation": 80943000.0,
        "Total Expenses": 951763000.0,
        "Diluted Average Shares": 100125681.0,
        "Basic Average Shares": 93722953.0,
        "Diluted EPS": 0.81,
        "Basic EPS": 0.83,
        "Diluted NI Availto Com Stockholders": 77568000.0,
        "Net Income Common Stockholders": 77568000.0,
        "Preferred Stock Dividends": 3375000.0,
        "Net Income": 80943000.0,
        "Minority Interests": -1820000.0,
        "Net Income Including Noncontrolling Interests": 82763000.0,
        "Net Income Continuous Operations": 82763000.0,
        "Tax Provision": 23245000.0,
        "Pretax Income": 106008000.0,
        "Other Income Expense": 2024000.0,
        "Other Non Operating Income Expenses": 1363000.0,
        "Special Income Charges": -4638000.0,
        "Restructuring And Mergern Acquisition": 4638000.0,
        "Earnings From Equity Interest": 5299000.0,
        "Operating Income": 103984000.0,
        "Operating Expense": 96854000.0,
        "Selling General And Administration": 96854000.0,
        "Gross Profit": 200838000.0,
        "Cost Of Revenue": 854909000.0,
        "Total Revenue": 1055747000.0,
        "Operating Revenue": 1055747000.0
    },
    "2024-09-30": {
        "Tax Effect Of Unusual Items": -1337308.924089,
        "Tax Rate For Calcs": 0.224833,
        "Normalized EBITDA": 105511000.0,
        "Total Unusual Items": -5948000.0,
        "Total Unusual Items Excluding Goodwill": -5948000.0,
        "Net Income From Continuing Operation Net Minority Interest": 70651000.0,
        "Reconciled Depreciation": 3846000.0,
        "Reconciled Cost Of Revenue": 809266000.0,
        "EBITDA": 99563000.0,
        "EBIT": 95717000.0,
        "Normalized Income": 75261691.075911,
        "Net Income From Continuing And Discontinued Operation": 70651000.0,
        "Total Expenses": 911152000.0,
        "Diluted Average Shares": 100736148.0,
        "Basic Average Shares": 93527205.0,
        "Diluted EPS": 0.7,
        "Basic EPS": 0.72,
        "Diluted NI Availto Com Stockholders": 67276000.0,
        "Net Income Common Stockholders": 67276000.0,
        "Preferred Stock Dividends": 3375000.0,
        "Net Income": 70651000.0,
        "Minority Interests": -993000.0,
        "Net Income Including Noncontrolling Interests": 71644000.0,
        "Net Income Continuous Operations": 71644000.0,
        "Tax Provision": 20780000.0,
        "Pretax Income": 92424000.0,
        "Other Income Expense": -3293000.0,
        "Other Non Operating Income Expenses": 2556000.0,
        "Special Income Charges": -5948000.0,
        "Restructuring And Mergern Acquisition": 5948000.0,
        "Earnings From Equity Interest": 99000.0,
        "Operating Income": 95717000.0,
        "Operating Expense": 101886000.0,
        "Selling General And Administration": 101886000.0,
        "Gross Profit": 197603000.0,
        "Cost Of Revenue": 809266000.0,
        "Total Revenue": 1006869000.0,
        "Operating Revenue": 1006869000.0
    },
    "2024-12-31": {
        "Tax Effect Of Unusual Items": -32998.469733,
        "Tax Rate For Calcs": 0.226017,
        "Normalized EBITDA": 170907000.0,
        "Total Unusual Items": -146000.0,
        "Total Unusual Items Excluding Goodwill": -146000.0,
        "Net Income From Continuing Operation Net Minority Interest": 129253000.0,
        "Reconciled Depreciation": 4997000.0,
        "Reconciled Cost Of Revenue": 1278182000.0,
        "EBITDA": 170761000.0,
        "EBIT": 165764000.0,
        "Normalized Income": 129366001.530267,
        "Net Income From Continuing And Discontinued Operation": 129253000.0,
        "Total Expenses": 1394988000.0,
        "Diluted Average Shares": 100391557.0,
        "Basic Average Shares": 93455979.0,
        "Diluted EPS": 1.29,
        "Basic EPS": 1.35,
        "Diluted NI Availto Com Stockholders": 125878000.0,
        "Net Income Common Stockholders": 125878000.0,
        "Preferred Stock Dividends": 3375000.0,
        "Net Income": 129253000.0,
        "Minority Interests": -1239000.0,
        "Net Income Including Noncontrolling Interests": 130492000.0,
        "Net Income Continuous Operations": 130492000.0,
        "Tax Provision": 38106000.0,
        "Pretax Income": 168598000.0,
        "Other Income Expense": 2834000.0,
        "Other Non Operating Income Expenses": 2714000.0,
        "Special Income Charges": -146000.0,
        "Restructuring And Mergern Acquisition": 146000.0,
        "Earnings From Equity Interest": 266000.0,
        "Operating Income": 165764000.0,
        "Operating Expense": 116806000.0,
        "Selling General And Administration": 116806000.0,
        "Gross Profit": 282570000.0,
        "Cost Of Revenue": 1278182000.0,
        "Total Revenue": 1560752000.0,
        "Operating Revenue": 1507023000.0
    },
    "2025-03-31": {
        "Tax Effect Of Unusual Items": -249708.424085,
        "Tax Rate For Calcs": 0.227008,
        "Normalized EBITDA": 85162000.0,
        "Total Unusual Items": -1100000.0,
        "Total Unusual Items Excluding Goodwill": -1100000.0,
        "Net Income From Continuing Operation Net Minority Interest": 54903000.0,
        "Reconciled Depreciation": 7287000.0,
        "Reconciled Cost Of Revenue": 796402000.0,
        "EBITDA": 84062000.0,
        "EBIT": 76775000.0,
        "Normalized Income": 55753291.575915,
        "Net Income From Continuing And Discontinued Operation": 54903000.0,
        "Total Expenses": 913096000.0,
        "Diluted Average Shares": 101360214.0,
        "Basic Average Shares": 93550316.0,
        "Diluted EPS": 0.54,
        "Basic EPS": 0.55,
        "Diluted NI Availto Com Stockholders": 51528000.0,
        "Net Income Common Stockholders": 51528000.0,
        "Preferred Stock Dividends": 3375000.0,
        "Net Income": 54903000.0,
        "Minority Interests": -107000.0,
        "Net Income Including Noncontrolling Interests": 55010000.0,
        "Net Income Continuous Operations": 55010000.0,
        "Tax Provision": 16155000.0,
        "Pretax Income": 71165000.0,
        "Other Income Expense": -5610000.0,
        "Other Non Operating Income Expenses": -4690000.0,
        "Special Income Charges": -1100000.0,
        "Restructuring And Mergern Acquisition": 1100000.0,
        "Earnings From Equity Interest": 180000.0,
        "Operating Income": 76775000.0,
        "Operating Expense": 116694000.0,
        "Selling General And Administration": 116694000.0,
        "Gross Profit": 193469000.0,
        "Cost Of Revenue": 796402000.0,
        "Total Revenue": 989871000.0,
        "Operating Revenue": 989871000.0
    },
    "2025-06-30": {
        "Tax Effect Of Unusual Items": 3006489.657593,
        "Tax Rate For Calcs": 0.23662,
        "Normalized EBITDA": 52801000.0,
        "Total Unusual Items": 12706000.0,
        "Total Unusual Items Excluding Goodwill": 12706000.0,
        "Net Income From Continuing Operation Net Minority Interest": 56580000.0,
        "Reconciled Depreciation": 7630000.0,
        "Reconciled Cost Of Revenue": 957929000.0,
        "EBITDA": 65507000.0,
        "EBIT": 57877000.0,
        "Normalized Income": 46880489.657593,
        "Net Income From Continuing And Discontinued Operation": 56580000.0,
        "Total Expenses": 1092628000.0,
        "Diluted Average Shares": 101913888.0,
        "Basic Average Shares": 93444326.0,
        "Diluted EPS": 0.56,
        "Basic EPS": 0.57,
        "Diluted NI Availto Com Stockholders": 53205000.0,
        "Net Income Common Stockholders": 53205000.0,
        "Preferred Stock Dividends": 3375000.0,
        "Net Income": 56580000.0,
        "Minority Interests": 41000.0,
        "Net Income Including Noncontrolling Interests": 56539000.0,
        "Net Income Continuous Operations": 56539000.0,
        "Tax Provision": 17525000.0,
        "Pretax Income": 74064000.0,
        "Other Income Expense": 16187000.0,
        "Other Non Operating Income Expenses": 3464000.0,
        "Special Income Charges": 12706000.0,
        "Restructuring And Mergern Acquisition": -12706000.0,
        "Earnings From Equity Interest": 17000.0,
        "Operating Income": 57877000.0,
        "Operating Expense": 134699000.0,
        "Selling General And Administration": 134699000.0,
        "Gross Profit": 192576000.0,
        "Cost Of Revenue": 957929000.0,
        "Total Revenue": 1150505000.0,
        "Operating Revenue": 1150505000.0
    },
    "2025-09-30": {
        "Tax Effect Of Unusual Items": -402592.329218,
        "Tax Rate For Calcs": 0.225416,
        "Normalized EBITDA": 67586000.0,
        "Total Unusual Items": -1786000.0,
        "Total Unusual Items Excluding Goodwill": -1786000.0,
        "Net Income From Continuing Operation Net Minority Interest": 46997000.0,
        "Reconciled Depreciation": 6521000.0,
        "Reconciled Cost Of Revenue": 801016000.0,
        "EBITDA": 65800000.0,
        "EBIT": 59279000.0,
        "Normalized Income": 48380407.670782,
        "Net Income From Continuing And Discontinued Operation": 46997000.0,
        "Total Expenses": 910525000.0,
        "Diluted Average Shares": 100635669.0,
        "Basic Average Shares": 92836364.0,
        "Diluted EPS": 0.47,
        "Basic EPS": 0.47,
        "Diluted NI Availto Com Stockholders": 43622000.0,
        "Net Income Common Stockholders": 43622000.0,
        "Preferred Stock Dividends": 3375000.0,
        "Net Income": 46997000.0,
        "Minority Interests": -59000.0,
        "Net Income Including Noncontrolling Interests": 47056000.0,
        "Net Income Continuous Operations": 47056000.0,
        "Tax Provision": 13694000.0,
        "Pretax Income": 60750000.0,
        "Other Income Expense": 1471000.0,
        "Other Non Operating Income Expenses": 3360000.0,
        "Special Income Charges": -1786000.0,
        "Restructuring And Mergern Acquisition": 1786000.0,
        "Earnings From Equity Interest": -103000.0,
        "Operating Income": 59279000.0,
        "Operating Expense": 109509000.0,
        "Selling General And Administration": 109509000.0,
        "Gross Profit": 168788000.0,
        "Cost Of Revenue": 801016000.0,
        "Total Revenue": 969804000.0,
        "Operating Revenue": 969804000.0
    }
}