{
    "2023-06-30": {
        "Tax Effect Of Unusual Items": 0.0,
        "Tax Rate For Calcs": 0.114,
        "Net Income From Continuing Operation Net Minority Interest": 1997423.0,
        "Reconciled Depreciation": 1069185.0,
        "EBIT": 2408114.0,
        "Net Interest Income": -154636.0,
        "Interest Expense": 154636.0,
        "Normalized Income": 1997423.0,
        "Net Income From Continuing And Discontinued Operation": 1997423.0,
        "Total Expenses": 226942441.0,
        "Diluted Average Shares": 33066113.0,
        "Basic Average Shares": 32959217.0,
        "Diluted EPS": 0.06,
        "Basic EPS": 0.06,
        "Diluted NI Availto Com Stockholders": 1997423.0,
        "Net Income Common Stockholders": 1997423.0,
        "Net Income": 1997423.0,
        "Net Income Including Noncontrolling Interests": 1997423.0,
        "Net Income Continuous Operations": 1997423.0,
        "Tax Provision": 256055.0,
        "Pretax Income": 2253478.0,
        "Other Income Expense": 86708.0,
        "Net Non Operating Interest Income Expense": -154636.0,
        "Interest Expense Non Operating": 154636.0,
        "Other Operating Expenses": 324134.0,
        "Total Revenue": 229195919.0,
        "Operating Revenue": 229195919.0,
        "Loss Adjustment Expense": 151234696.0,
        "Net Policyholder Benefits And Claims": 151234696.0,
        "Policyholder Benefits Gross": 151234696.0
    },
    "2023-03-31": {
        "Tax Effect Of Unusual Items": 0.0,
        "Tax Rate For Calcs": 0.174,
        "Net Income From Continuing Operation Net Minority Interest": 5203596.0,
        "Reconciled Depreciation": 1122609.0,
        "EBIT": 6449390.0,
        "Net Interest Income": -152957.0,
        "Interest Expense": 152957.0,
        "Normalized Income": 5203596.0,
        "Net Income From Continuing And Discontinued Operation": 5203596.0,
        "Total Expenses": 218449338.0,
        "Diluted Average Shares": 32943000.0,
        "Basic Average Shares": 32770000.0,
        "Diluted EPS": 0.16,
        "Basic EPS": 0.16,
        "Diluted NI Availto Com Stockholders": 5203596.0,
        "Net Income Common Stockholders": 5203596.0,
        "Net Income": 5203596.0,
        "Net Income Including Noncontrolling Interests": 5203596.0,
        "Net Income Continuous Operations": 5203596.0,
        "Tax Provision": 1092837.0,
        "Pretax Income": 6296433.0,
        "Other Income Expense": 89347.0,
        "Net Non Operating Interest Income Expense": -152957.0,
        "Interest Expense Non Operating": 152957.0,
        "Other Operating Expenses": 437715.0,
        "Total Revenue": 224745771.0,
        "Operating Revenue": 224745771.0,
        "Loss Adjustment Expense": 138105889.0,
        "Net Policyholder Benefits And Claims": 138105889.0,
        "Policyholder Benefits Gross": 138105889.0
    },
    "2022-12-31": {
        "Tax Effect Of Unusual Items": 0.0,
        "Tax Rate For Calcs": 0.14808,
        "Net Income From Continuing Operation Net Minority Interest": 3479194.0,
        "Reconciled Depreciation": 1093905.0,
        "EBIT": 4240315.0,
        "Net Interest Income": -156370.0,
        "Interest Expense": 156370.0,
        "Normalized Income": 3479194.0,
        "Net Income From Continuing And Discontinued Operation": 3479194.0,
        "Total Expenses": 218883200.0,
        "Diluted Average Shares": 32628979.0,
        "Basic Average Shares": 32558996.0,
        "Diluted EPS": 0.11,
        "Basic EPS": 0.11,
        "Diluted NI Availto Com Stockholders": 3479194.0,
        "Net Income Common Stockholders": 3479194.0,
        "Net Income": 3479194.0,
        "Net Income Including Noncontrolling Interests": 3479194.0,
        "Net Income Continuous Operations": 3479194.0,
        "Tax Provision": 604751.0,
        "Pretax Income": 4083945.0,
        "Other Income Expense": 88922.0,
        "Net Non Operating Interest Income Expense": -156370.0,
        "Interest Expense Non Operating": 156370.0,
        "Other Operating Expenses": 253277.0,
        "Total Revenue": 222967145.0,
        "Operating Revenue": 222967145.0
    },
    "2022-09-30": {
        "Tax Effect Of Unusual Items": 0.0,
        "Tax Rate For Calcs": 0.223876,
        "Net Income From Continuing Operation Net Minority Interest": -10376000.0,
        "Reconciled Depreciation": 1141297.0,
        "EBIT": -13298000.0,
        "Net Interest Income": -71000.0,
        "Interest Expense": 71000.0,
        "Normalized Income": -10376000.0,
        "Net Income From Continuing And Discontinued Operation": -10376000.0,
        "Total Expenses": 226208000.0,
        "Diluted Average Shares": 32358000.0,
        "Basic Average Shares": 32358000.0,
        "Diluted EPS": -0.33,
        "Basic EPS": -0.33,
        "Diluted NI Availto Com Stockholders": -10376000.0,
        "Net Income Common Stockholders": -10376000.0,
        "Net Income": -10376000.0,
        "Net Income Including Noncontrolling Interests": -10376000.0,
        "Net Income Continuous Operations": -10376000.0,
        "Tax Provision": -2993000.0,
        "Pretax Income": -13369000.0,
        "Other Income Expense": 92000.0,
        "Net Non Operating Interest Income Expense": -71000.0,
        "Interest Expense Non Operating": 71000.0,
        "Other Operating Expenses": 219000.0,
        "Total Revenue": 212839000.0,
        "Operating Revenue": 212839000.0
    },
    "2022-06-30": {
        "Tax Effect Of Unusual Items": 0.0,
        "Tax Rate For Calcs": 0.224123,
        "Net Income From Continuing Operation Net Minority Interest": -8208000.0,
        "Reconciled Depreciation": 1263229.0,
        "EBIT": -10339000.0,
        "Net Interest Income": -240000.0,
        "Interest Expense": 240000.0,
        "Normalized Income": -8208000.0,
        "Net Income From Continuing And Discontinued Operation": -8208000.0,
        "Total Expenses": 214890000.0,
        "Diluted Average Shares": 31647000.0,
        "Basic Average Shares": 31647000.0,
        "Diluted EPS": -0.26,
        "Basic EPS": -0.26,
        "Diluted NI Availto Com Stockholders": -8208000.0,
        "Net Income Common Stockholders": -8208000.0,
        "Net Income": -8208000.0,
        "Net Income Including Noncontrolling Interests": -8208000.0,
        "Net Income Continuous Operations": -8208000.0,
        "Tax Provision": -2371000.0,
        "Pretax Income": -10579000.0,
        "Other Income Expense": 98000.0,
        "Net Non Operating Interest Income Expense": -240000.0,
        "Interest Expense Non Operating": 240000.0,
        "Other Operating Expenses": 346000.0,
        "Total Revenue": 204311000.0,
        "Operating Revenue": 204311000.0
    },
    "2022-03-31": {
        "Diluted EPS": 0.42,
        "Total Revenue": 208,
        "Gross Profit": 51,
        "Operating Income": 16,
        "EBIT": 18,
        "Net Income": 13
    },
    "2021-12-31": {
        "Diluted EPS": 0.22,
        "Total Revenue": 210,
        "Gross Profit": 41,
        "Operating Income": 7,
        "EBIT": 8,
        "Net Income": 5
    },
    "2021-09-30": {
        "Diluted EPS": -0.21,
        "Total Revenue": 203,
        "Gross Profit": 24,
        "Operating Income": -8,
        "EBIT": -7,
        "Net Income": -7
    },
    "2021-06-30": {
        "Diluted EPS": 0.48,
        "Total Revenue": 205,
        "Gross Profit": 53,
        "Operating Income": 20,
        "EBIT": 21,
        "Net Income": 16
    },
    "2021-03-31": {
        "Diluted EPS": 0.32,
        "Total Revenue": 198,
        "Gross Profit": 44,
        "Operating Income": 13,
        "EBIT": 15,
        "Net Income": 11
    },
    "2020-12-31": {
        "Diluted EPS": 0.49,
        "Total Revenue": 197,
        "Gross Profit": 49,
        "Operating Income": 19,
        "EBIT": 20,
        "Net Income": 15
    },
    "2020-09-30": {
        "Diluted EPS": 0.4,
        "Total Revenue": 197,
        "Gross Profit": 44,
        "Operating Income": 15,
        "EBIT": 16,
        "Net Income": 12
    },
    "2020-06-30": {
        "Diluted EPS": 0.77,
        "Total Revenue": 199,
        "Gross Profit": 58,
        "Operating Income": 28,
        "EBIT": 30,
        "Net Income": 23
    },
    "2020-03-31": {
        "Diluted EPS": 0.13,
        "Total Revenue": 185,
        "Gross Profit": 33,
        "Operating Income": 3,
        "EBIT": 4,
        "Net Income": 4
    },
    "2019-12-31": {
        "Diluted EPS": 0.48,
        "Total Revenue": 201,
        "Gross Profit": 49,
        "Operating Income": 19,
        "EBIT": 20,
        "Net Income": 14
    },
    "2019-09-30": {
        "Diluted EPS": 0.18,
        "Total Revenue": 198,
        "Gross Profit": 38,
        "Operating Income": 7,
        "EBIT": 8,
        "Net Income": 5
    },
    "2019-06-30": {
        "Diluted EPS": 0.17,
        "Total Revenue": 199,
        "Gross Profit": 37,
        "Operating Income": 6,
        "EBIT": 7,
        "Net Income": 5
    },
    "2019-03-31": {
        "Diluted EPS": 0.81,
        "Total Revenue": 215,
        "Gross Profit": 59,
        "Operating Income": 27,
        "EBIT": 29,
        "Net Income": 23
    },
    "2018-12-31": {
        "Diluted EPS": -0.53,
        "Total Revenue": 187,
        "Gross Profit": 11,
        "Operating Income": -19,
        "EBIT": -18,
        "Net Income": -15
    },
    "2018-09-30": {
        "Diluted EPS": 0.04,
        "Total Revenue": 200,
        "Gross Profit": 34,
        "Operating Income": 2,
        "EBIT": 4,
        "Net Income": 1
    },
    "2018-06-30": {
        "Diluted EPS": -0.03,
        "Total Revenue": 196,
        "Gross Profit": 30,
        "Operating Income": -1,
        "EBIT": 1,
        "Net Income": -1
    },
    "2018-03-31": {
        "Diluted EPS": -0.64,
        "Total Revenue": 189,
        "Gross Profit": 2,
        "Operating Income": -28,
        "EBIT": -27,
        "Net Income": -18
    },
    "2017-12-31": {
        "Diluted EPS": -0.08,
        "Total Revenue": 191,
        "Gross Profit": 146,
        "Operating Income": 1,
        "EBIT": 2,
        "Net Income": -3
    },
    "2017-09-30": {
        "Diluted EPS": 0.24,
        "Total Revenue": 186,
        "Gross Profit": 38,
        "Operating Income": 9,
        "EBIT": 10,
        "Net Income": 7
    },
    "2017-06-30": {
        "Diluted EPS": -0.08,
        "Total Revenue": 184,
        "Gross Profit": 26,
        "Operating Income": -3,
        "EBIT": -1,
        "Net Income": -2
    },
    "2017-03-31": {
        "Diluted EPS": 0.18,
        "Total Revenue": 179,
        "Gross Profit": 35,
        "Operating Income": 7,
        "EBIT": 9,
        "Net Income": 5
    },
    "2016-12-31": {
        "Diluted EPS": 0.21,
        "Total Revenue": 177,
        "Gross Profit": 35,
        "Operating Income": 7,
        "EBIT": 8,
        "Net Income": 6
    },
    "2016-09-30": {
        "Diluted EPS": 0.18,
        "Total Revenue": 175,
        "Gross Profit": 35,
        "Operating Income": 7,
        "EBIT": 8,
        "Net Income": 5
    },
    "2016-06-30": {
        "Diluted EPS": 0.3,
        "Total Revenue": 170,
        "Gross Profit": 39,
        "Operating Income": 12,
        "EBIT": 14,
        "Net Income": 9
    },
    "2016-03-31": {
        "Diluted EPS": 0.45,
        "Total Revenue": 166,
        "Gross Profit": 43,
        "Operating Income": 16,
        "EBIT": 18,
        "Net Income": 12
    },
    "2015-12-31": {
        "Diluted EPS": 0.06,
        "Total Revenue": 164,
        "Gross Profit": 36,
        "Operating Income": 3,
        "EBIT": 7,
        "Net Income": 2
    },
    "2015-09-30": {
        "Diluted EPS": 0.2,
        "Total Revenue": 160,
        "Gross Profit": 33,
        "Operating Income": 7,
        "EBIT": 8,
        "Net Income": 6
    },
    "2015-06-30": {
        "Diluted EPS": 0.24,
        "Total Revenue": 158,
        "Gross Profit": 34,
        "Operating Income": 9,
        "EBIT": 10,
        "Net Income": 6
    },
    "2015-03-31": {
        "Diluted EPS": 0.25,
        "Total Revenue": 155,
        "Gross Profit": 34,
        "Operating Income": 9,
        "EBIT": 10,
        "Net Income": 7
    },
    "2014-12-31": {
        "Diluted EPS": 0.17,
        "Total Revenue": 152,
        "Gross Profit": 29,
        "Operating Income": 4,
        "EBIT": 5,
        "Net Income": 4
    },
    "2014-09-30": {
        "Diluted EPS": 0.32,
        "Total Revenue": 149,
        "Gross Profit": 34,
        "Operating Income": 11,
        "EBIT": 12,
        "Net Income": 9
    },
    "2014-06-30": {
        "Diluted EPS": 0.07,
        "Total Revenue": 145,
        "Gross Profit": 25,
        "Operating Income": 3,
        "EBIT": 4,
        "Net Income": 2
    },
    "2014-03-31": {
        "Diluted EPS": -0.02,
        "Total Revenue": 140,
        "Gross Profit": 22,
        "Operating Income": 0,
        "EBIT": 0,
        "Net Income": -1
    },
    "2013-12-31": {
        "Diluted EPS": 0.37,
        "Total Revenue": 139,
        "Gross Profit": 35,
        "Operating Income": 13,
        "EBIT": 13,
        "Net Income": 10
    },
    "2013-09-30": {
        "Diluted EPS": 0.29,
        "Total Revenue": 138,
        "Gross Profit": 32,
        "Operating Income": 10,
        "EBIT": 11,
        "Net Income": 8
    },
    "2013-06-30": {
        "Diluted EPS": 0.1,
        "Total Revenue": 136,
        "Gross Profit": 25,
        "Operating Income": 3,
        "EBIT": 4,
        "Net Income": 3
    },
    "2013-03-31": {
        "Diluted EPS": 0.24,
        "Total Revenue": 134,
        "Gross Profit": 29,
        "Operating Income": 9,
        "EBIT": 9,
        "Net Income": 6
    },
    "2012-12-31": {
        "Diluted EPS": 0.24,
        "Total Revenue": 132,
        "Gross Profit": 27,
        "Operating Income": 8,
        "EBIT": 8,
        "Net Income": 6
    },
    "2012-09-30": {
        "Diluted EPS": 0.26,
        "Total Revenue": 130,
        "Gross Profit": 29,
        "Operating Income": 9,
        "EBIT": 11,
        "Net Income": 7
    },
    "2012-06-30": {
        "Diluted EPS": 0.08,
        "Total Revenue": 127,
        "Gross Profit": 22,
        "Operating Income": 3,
        "EBIT": 4,
        "Net Income": 2
    },
    "2012-03-31": {
        "Diluted EPS": 0.31,
        "Total Revenue": 125,
        "Gross Profit": 29,
        "Operating Income": 10,
        "EBIT": 12,
        "Net Income": 8
    },
    "2011-12-31": {
        "Diluted EPS": -0.03,
        "Total Revenue": 127,
        "Gross Profit": 16,
        "Operating Income": -3,
        "EBIT": -1,
        "Net Income": -1
    },
    "2011-09-30": {
        "Diluted EPS": 0.03,
        "Total Revenue": 119,
        "Gross Profit": 14,
        "Operating Income": -4,
        "EBIT": -3,
        "Net Income": 1
    },
    "2011-06-30": {
        "Diluted EPS": -0.07,
        "Total Revenue": 117,
        "Gross Profit": 16,
        "Operating Income": -2,
        "EBIT": -1,
        "Net Income": -2
    },
    "2011-03-31": {
        "Diluted EPS": 0.09,
        "Total Revenue": 112,
        "Gross Profit": 21,
        "Operating Income": 3,
        "EBIT": 4,
        "Net Income": 2
    },
    "2010-12-31": {
        "Diluted EPS": 0.18,
        "Total Revenue": 105,
        "Gross Profit": 21,
        "Operating Income": 3,
        "EBIT": 4,
        "Net Income": 5
    },
    "2010-09-30": {
        "Diluted EPS": 0.19,
        "Total Revenue": 104,
        "Gross Profit": 22,
        "Operating Income": 5,
        "EBIT": 6,
        "Net Income": 5
    },
    "2010-06-30": {
        "Diluted EPS": 0.07,
        "Total Revenue": 102,
        "Gross Profit": 19,
        "Operating Income": 2,
        "EBIT": 3,
        "Net Income": 2
    },
    "2010-03-31": {
        "Diluted EPS": 0.01,
        "Total Revenue": 98,
        "Gross Profit": 17,
        "Operating Income": 0,
        "EBIT": 1,
        "Net Income": 0
    },
    "2009-12-31": {
        "Diluted EPS": 0.3,
        "Total Revenue": 102,
        "Gross Profit": 25,
        "Operating Income": 8,
        "EBIT": 9,
        "Net Income": 8
    },
    "2009-09-30": {
        "Diluted EPS": 0.26,
        "Total Revenue": 95,
        "Gross Profit": 23,
        "Operating Income": 8,
        "EBIT": 8,
        "Net Income": 7
    },
    "2009-06-30": {
        "Diluted EPS": 0.17,
        "Total Revenue": 95,
        "Gross Profit": 20,
        "Operating Income": 5,
        "EBIT": 6,
        "Net Income": 4
    },
    "2009-03-31": {
        "Diluted EPS": 0.01,
        "Total Revenue": 96,
        "Gross Profit": 17,
        "Operating Income": 1,
        "EBIT": 2,
        "Net Income": 0
    },
    "2023-09-30": {
        "Tax Effect Of Unusual Items": NaN,
        "Tax Rate For Calcs": NaN,
        "Net Income From Continuing Operation Net Minority Interest": NaN,
        "Reconciled Depreciation": NaN,
        "EBIT": NaN,
        "Net Interest Income": NaN,
        "Interest Expense": NaN,
        "Normalized Income": NaN,
        "Net Income From Continuing And Discontinued Operation": NaN,
        "Total Expenses": NaN,
        "Diluted Average Shares": 33242068.0,
        "Basic Average Shares": 33171748.0,
        "Diluted EPS": -0.02,
        "Basic EPS": -0.02,
        "Diluted NI Availto Com Stockholders": NaN,
        "Net Income Common Stockholders": NaN,
        "Net Income": NaN,
        "Net Income Including Noncontrolling Interests": NaN,
        "Net Income Continuous Operations": NaN,
        "Tax Provision": NaN,
        "Pretax Income": NaN,
        "Other Income Expense": NaN,
        "Net Non Operating Interest Income Expense": NaN,
        "Interest Expense Non Operating": NaN,
        "Other Operating Expenses": NaN,
        "Total Revenue": NaN,
        "Operating Revenue": NaN,
        "Loss Adjustment Expense": NaN,
        "Net Policyholder Benefits And Claims": NaN,
        "Policyholder Benefits Gross": NaN
    },
    "2023-12-31": {
        "Tax Effect Of Unusual Items": 0.0,
        "Tax Rate For Calcs": 0.206046,
        "Net Income From Continuing Operation Net Minority Interest": -1970214.0,
        "Reconciled Depreciation": 1111047.0,
        "EBIT": -2325619.0,
        "Net Interest Income": -155902.0,
        "Interest Expense": 155902.0,
        "Normalized Income": -1970214.0,
        "Net Income From Continuing And Discontinued Operation": -1970214.0,
        "Total Expenses": 241949565.0,
        "Diluted Average Shares": 33303093.0,
        "Basic Average Shares": 33279421.0,
        "Diluted EPS": -0.06,
        "Basic EPS": -0.06,
        "Diluted NI Availto Com Stockholders": -1970214.0,
        "Net Income Common Stockholders": -1970214.0,
        "Net Income": -1970214.0,
        "Net Income Including Noncontrolling Interests": -1970214.0,
        "Net Income Continuous Operations": -1970214.0,
        "Tax Provision": -511307.0,
        "Pretax Income": -2481521.0,
        "Other Income Expense": 84721.0,
        "Net Non Operating Interest Income Expense": -155902.0,
        "Interest Expense Non Operating": 155902.0,
        "Other Operating Expenses": 233011.0,
        "Total Revenue": 239468044.0,
        "Operating Revenue": 239468044.0,
        "Loss Adjustment Expense": 163154090.0,
        "Net Policyholder Benefits And Claims": 163154090.0,
        "Policyholder Benefits Gross": 163154090.0
    },
    "2024-03-31": {
        "Tax Effect Of Unusual Items": 0.0,
        "Tax Rate For Calcs": 0.178,
        "Net Income From Continuing Operation Net Minority Interest": 5955551.0,
        "Reconciled Depreciation": 966911.0,
        "EBIT": 7402993.0,
        "Net Interest Income": -154597.0,
        "Interest Expense": 154597.0,
        "Normalized Income": 5955551.0,
        "Net Income From Continuing And Discontinued Operation": 5955551.0,
        "Total Expenses": 233892473.0,
        "Diluted Average Shares": 33423000.0,
        "Basic Average Shares": 33388000.0,
        "Diluted EPS": 0.18,
        "Basic EPS": 0.18,
        "Diluted NI Availto Com Stockholders": 5955551.0,
        "Net Income Common Stockholders": 5955551.0,
        "Net Income": 5955551.0,
        "Net Income Including Noncontrolling Interests": 5955551.0,
        "Net Income Continuous Operations": 5955551.0,
        "Tax Provision": 1292845.0,
        "Pretax Income": 7248396.0,
        "Other Income Expense": 81823.0,
        "Net Non Operating Interest Income Expense": -154597.0,
        "Interest Expense Non Operating": 154597.0,
        "Other Operating Expenses": 444934.0,
        "Total Revenue": 241140869.0,
        "Operating Revenue": 241140869.0,
        "Loss Adjustment Expense": 150896415.0,
        "Net Policyholder Benefits And Claims": 150896415.0,
        "Policyholder Benefits Gross": 150896415.0
    },
    "2024-06-30": {
        "Tax Effect Of Unusual Items": 0.0,
        "Tax Rate For Calcs": 0.172,
        "Net Income From Continuing Operation Net Minority Interest": 4152777.0,
        "Reconciled Depreciation": 930827.0,
        "EBIT": 5167028.0,
        "Net Interest Income": -154586.0,
        "Interest Expense": 154586.0,
        "Normalized Income": 4152777.0,
        "Net Income From Continuing And Discontinued Operation": 4152777.0,
        "Total Expenses": 241760104.0,
        "Diluted Average Shares": 33422000.0,
        "Basic Average Shares": 33422000.0,
        "Diluted EPS": 0.13,
        "Basic EPS": 0.13,
        "Diluted NI Availto Com Stockholders": 4152777.0,
        "Net Income Common Stockholders": 4152777.0,
        "Net Income": 4152777.0,
        "Net Income Including Noncontrolling Interests": 4152777.0,
        "Net Income Continuous Operations": 4152777.0,
        "Tax Provision": 859665.0,
        "Pretax Income": 5012442.0,
        "Other Income Expense": 77504.0,
        "Net Non Operating Interest Income Expense": -154586.0,
        "Interest Expense Non Operating": 154586.0,
        "Other Operating Expenses": 365241.0,
        "Total Revenue": 246772546.0,
        "Operating Revenue": 246772546.0,
        "Loss Adjustment Expense": 165360319.0,
        "Net Policyholder Benefits And Claims": 165360319.0,
        "Policyholder Benefits Gross": 165360319.0
    },
    "2024-09-30": {
        "Tax Effect Of Unusual Items": 0.0,
        "Tax Rate For Calcs": 0.179301,
        "Net Income From Continuing Operation Net Minority Interest": 16751530.0,
        "Reconciled Depreciation": 980105.0,
        "EBIT": 20778888.0,
        "Net Interest Income": -367583.0,
        "Interest Expense": 367583.0,
        "Normalized Income": 16751530.0,
        "Net Income From Continuing And Discontinued Operation": 16751530.0,
        "Total Expenses": 231326240.0,
        "Diluted Average Shares": 33635000.0,
        "Basic Average Shares": 33555000.0,
        "Diluted EPS": 0.51,
        "Basic EPS": 0.51,
        "Diluted NI Availto Com Stockholders": 16751530.0,
        "Net Income Common Stockholders": 16751530.0,
        "Net Income": 16751530.0,
        "Net Income Including Noncontrolling Interests": 16751530.0,
        "Net Income Continuous Operations": 16751530.0,
        "Tax Provision": 3659775.0,
        "Pretax Income": 20411305.0,
        "Other Income Expense": 77335.0,
        "Net Non Operating Interest Income Expense": -367583.0,
        "Interest Expense Non Operating": 367583.0,
        "Other Operating Expenses": 1499217.0,
        "Total Revenue": 251737079.0,
        "Operating Revenue": 251737079.0,
        "Loss Adjustment Expense": 146425777.0,
        "Net Policyholder Benefits And Claims": 146425777.0,
        "Policyholder Benefits Gross": 146425777.0
    },
    "2024-12-31": {
        "Tax Effect Of Unusual Items": 0.0,
        "Tax Rate For Calcs": 0.190934,
        "Net Income From Continuing Operation Net Minority Interest": 24002394.0,
        "Reconciled Depreciation": 995318.0,
        "EBIT": 29936043.0,
        "Net Interest Income": -269254.0,
        "Interest Expense": 269254.0,
        "Normalized Income": 24002394.0,
        "Net Income From Continuing And Discontinued Operation": 24002394.0,
        "Total Expenses": 220287301.0,
        "Diluted Average Shares": NaN,
        "Basic Average Shares": NaN,
        "Diluted EPS": NaN,
        "Basic EPS": NaN,
        "Diluted NI Availto Com Stockholders": 24002394.0,
        "Net Income Common Stockholders": 24002394.0,
        "Net Income": 24002394.0,
        "Net Income Including Noncontrolling Interests": 24002394.0,
        "Net Income Continuous Operations": 24002394.0,
        "Tax Provision": 5664395.0,
        "Pretax Income": 29666789.0,
        "Other Income Expense": 77169.0,
        "Net Non Operating Interest Income Expense": -269254.0,
        "Interest Expense Non Operating": 269254.0,
        "Other Operating Expenses": 254824.0,
        "Total Revenue": 249953603.0,
        "Operating Revenue": 249953603.0,
        "Loss Adjustment Expense": 141435205.0,
        "Net Policyholder Benefits And Claims": 141435205.0,
        "Policyholder Benefits Gross": 141435205.0
    }
}