{
    "2023-06-30": {
        "Tax Effect Of Unusual Items": NaN,
        "Tax Rate For Calcs": NaN,
        "Normalized EBITDA": NaN,
        "Net Income From Continuing Operation Net Minority Interest": NaN,
        "Reconciled Depreciation": NaN,
        "Reconciled Cost Of Revenue": NaN,
        "EBITDA": NaN,
        "EBIT": NaN,
        "Normalized Income": NaN,
        "Net Income From Continuing And Discontinued Operation": NaN,
        "Total Expenses": NaN,
        "Diluted Average Shares": 342300000.0,
        "Basic Average Shares": 339900000.0,
        "Diluted EPS": 3.9,
        "Basic EPS": 3.93,
        "Diluted NI Availto Com Stockholders": NaN,
        "Net Income Common Stockholders": NaN,
        "Net Income": NaN,
        "Minority Interests": NaN,
        "Net Income Including Noncontrolling Interests": NaN,
        "Net Income Continuous Operations": NaN,
        "Tax Provision": NaN,
        "Pretax Income": NaN,
        "Other Income Expense": NaN,
        "Other Non Operating Income Expenses": NaN,
        "Operating Income": NaN,
        "Operating Expense": NaN,
        "Selling General And Administration": NaN,
        "Gross Profit": NaN,
        "Cost Of Revenue": NaN,
        "Total Revenue": NaN,
        "Operating Revenue": NaN
    },
    "2023-03-31": {
        "Tax Effect Of Unusual Items": 0.0,
        "Tax Rate For Calcs": 0.237,
        "Normalized EBITDA": 1229800000.0,
        "Net Income From Continuing Operation Net Minority Interest": 942200000.0,
        "Reconciled Depreciation": 26700000.0,
        "Reconciled Cost Of Revenue": 5996200000.0,
        "EBITDA": 1229800000.0,
        "EBIT": 1203100000.0,
        "Normalized Income": 942200000.0,
        "Net Income From Continuing And Discontinued Operation": 942200000.0,
        "Total Expenses": 6769800000.0,
        "Diluted Average Shares": 344900000.0,
        "Basic Average Shares": 342100000.0,
        "Diluted EPS": 2.73,
        "Basic EPS": 2.75,
        "Diluted NI Availto Com Stockholders": 942200000.0,
        "Net Income Common Stockholders": 942200000.0,
        "Net Income": 942200000.0,
        "Minority Interests": -7400000.0,
        "Net Income Including Noncontrolling Interests": 949600000.0,
        "Net Income Continuous Operations": 949600000.0,
        "Tax Provision": 295700000.0,
        "Pretax Income": 1245300000.0,
        "Other Income Expense": 42200000.0,
        "Other Non Operating Income Expenses": 42200000.0,
        "Operating Income": 1203100000.0,
        "Operating Expense": 773600000.0,
        "Selling General And Administration": 773600000.0,
        "Gross Profit": 1976700000.0,
        "Cost Of Revenue": 5996200000.0,
        "Total Revenue": 7972900000.0,
        "Operating Revenue": 7972900000.0
    },
    "2022-12-31": {
        "Tax Effect Of Unusual Items": 0.0,
        "Tax Rate For Calcs": 0.234,
        "Normalized EBITDA": 1249300000.0,
        "Net Income From Continuing Operation Net Minority Interest": 958700000.0,
        "Reconciled Depreciation": 19800000.0,
        "Reconciled Cost Of Revenue": 5291300000.0,
        "EBITDA": 1249300000.0,
        "EBIT": 1229500000.0,
        "Normalized Income": 958700000.0,
        "Net Income From Continuing And Discontinued Operation": 958700000.0,
        "Total Expenses": 6028300000.0,
        "Diluted Average Shares": 346900000.0,
        "Basic Average Shares": 344200000.0,
        "Diluted EPS": 2.76,
        "Basic EPS": 2.79,
        "Diluted NI Availto Com Stockholders": 958700000.0,
        "Net Income Common Stockholders": 958700000.0,
        "Net Income": 958700000.0,
        "Minority Interests": -9600000.0,
        "Net Income Including Noncontrolling Interests": 968300000.0,
        "Net Income Continuous Operations": 968300000.0,
        "Tax Provision": 298900000.0,
        "Pretax Income": 1267200000.0,
        "Other Income Expense": 37700000.0,
        "Other Non Operating Income Expenses": 37700000.0,
        "Operating Income": 1229500000.0,
        "Operating Expense": 737000000.0,
        "Selling General And Administration": 737000000.0,
        "Gross Profit": 1966500000.0,
        "Cost Of Revenue": 5291300000.0,
        "Total Revenue": 7257800000.0,
        "Operating Revenue": 7257800000.0
    },
    "2022-09-30": {
        "Tax Effect Of Unusual Items": NaN,
        "Tax Rate For Calcs": NaN,
        "Normalized EBITDA": NaN,
        "Total Unusual Items": 0.0,
        "Total Unusual Items Excluding Goodwill": 0.0,
        "Net Income From Continuing Operation Net Minority Interest": NaN,
        "Reconciled Depreciation": NaN,
        "Reconciled Cost Of Revenue": NaN,
        "EBITDA": NaN,
        "EBIT": NaN,
        "Normalized Income": NaN,
        "Net Income From Continuing And Discontinued Operation": NaN,
        "Total Expenses": NaN,
        "Diluted Average Shares": NaN,
        "Basic Average Shares": NaN,
        "Diluted EPS": NaN,
        "Basic EPS": NaN,
        "Diluted NI Availto Com Stockholders": NaN,
        "Net Income Common Stockholders": NaN,
        "Net Income": NaN,
        "Minority Interests": NaN,
        "Net Income Including Noncontrolling Interests": NaN,
        "Net Income Continuous Operations": NaN,
        "Tax Provision": NaN,
        "Pretax Income": NaN,
        "Other Income Expense": NaN,
        "Other Non Operating Income Expenses": NaN,
        "Special Income Charges": 0.0,
        "Gain On Sale Of Ppe": 0.0,
        "Operating Income": NaN,
        "Operating Expense": NaN,
        "Selling General And Administration": NaN,
        "Gross Profit": NaN,
        "Cost Of Revenue": NaN,
        "Total Revenue": NaN,
        "Operating Revenue": NaN
    },
    "2022-06-30": {
        "Tax Effect Of Unusual Items": 0.0,
        "Tax Rate For Calcs": 0.240004,
        "Normalized EBITDA": 2189100000.0,
        "Total Unusual Items": 0.0,
        "Total Unusual Items Excluding Goodwill": 0.0,
        "Net Income From Continuing Operation Net Minority Interest": 1647800000.0,
        "Reconciled Depreciation": 20900000.0,
        "Reconciled Cost Of Revenue": 5879300000.0,
        "EBITDA": 2189100000.0,
        "EBIT": 2168200000.0,
        "Normalized Income": 1647800000.0,
        "Net Income From Continuing And Discontinued Operation": 1647800000.0,
        "Total Expenses": 6619900000.0,
        "Diluted Average Shares": 353100000.0,
        "Basic Average Shares": 350800000.0,
        "Diluted EPS": 4.67,
        "Basic EPS": 4.7,
        "Diluted NI Availto Com Stockholders": 1647800000.0,
        "Net Income Common Stockholders": 1647800000.0,
        "Net Income": 1647800000.0,
        "Minority Interests": -11500000.0,
        "Net Income Including Noncontrolling Interests": 1659300000.0,
        "Net Income Continuous Operations": 1659300000.0,
        "Tax Provision": 524000000.0,
        "Pretax Income": 2183300000.0,
        "Other Income Expense": 15100000.0,
        "Other Non Operating Income Expenses": 15100000.0,
        "Special Income Charges": 0.0,
        "Gain On Sale Of Ppe": 0.0,
        "Operating Income": 2168200000.0,
        "Operating Expense": 740600000.0,
        "Selling General And Administration": 740600000.0,
        "Gross Profit": 2908800000.0,
        "Cost Of Revenue": 5879300000.0,
        "Total Revenue": 8788100000.0,
        "Operating Revenue": 8788100000.0
    },
    "2022-03-31": {
        "Diluted EPS": 4.03,
        "Total Revenue": NaN,
        "Gross Profit": NaN,
        "Operating Income": NaN,
        "EBIT": NaN,
        "Net Income": NaN
    },
    "2021-12-31": {
        "Diluted EPS": 3.17,
        "Total Revenue": NaN,
        "Gross Profit": NaN,
        "Operating Income": NaN,
        "EBIT": NaN,
        "Net Income": NaN
    },
    "2021-09-30": {
        "Diluted EPS": 3.68,
        "Total Revenue": NaN,
        "Gross Profit": NaN,
        "Operating Income": NaN,
        "EBIT": NaN,
        "Net Income": NaN
    },
    "2021-06-30": {
        "Diluted EPS": 3.06,
        "Total Revenue": NaN,
        "Gross Profit": NaN,
        "Operating Income": NaN,
        "EBIT": NaN,
        "Net Income": NaN
    },
    "2021-03-31": {
        "Diluted EPS": 2.53,
        "Total Revenue": NaN,
        "Gross Profit": NaN,
        "Operating Income": NaN,
        "EBIT": NaN,
        "Net Income": 930
    },
    "2020-12-31": {
        "Diluted EPS": 2.14,
        "Total Revenue": NaN,
        "Gross Profit": NaN,
        "Operating Income": NaN,
        "EBIT": NaN,
        "Net Income": 792
    },
    "2020-09-30": {
        "Diluted EPS": 2.23,
        "Total Revenue": NaN,
        "Gross Profit": NaN,
        "Operating Income": NaN,
        "EBIT": NaN,
        "Net Income": 829
    },
    "2020-06-30": {
        "Diluted EPS": 1.72,
        "Total Revenue": NaN,
        "Gross Profit": NaN,
        "Operating Income": 778,
        "EBIT": 798,
        "Net Income": 631
    },
    "2020-03-31": {
        "Diluted EPS": 1.3,
        "Total Revenue": NaN,
        "Gross Profit": NaN,
        "Operating Income": 582,
        "EBIT": 605,
        "Net Income": 483
    },
    "2019-12-31": {
        "Diluted EPS": 1.16,
        "Total Revenue": NaN,
        "Gross Profit": 937,
        "Operating Income": 481,
        "EBIT": 503,
        "Net Income": 431
    },
    "2019-09-30": {
        "Diluted EPS": 1.34,
        "Total Revenue": NaN,
        "Gross Profit": NaN,
        "Operating Income": 652,
        "EBIT": 674,
        "Net Income": 505
    },
    "2019-06-30": {
        "Diluted EPS": 1.26,
        "Total Revenue": NaN,
        "Gross Profit": NaN,
        "Operating Income": 595,
        "EBIT": 616,
        "Net Income": 475
    },
    "2019-03-31": {
        "Diluted EPS": 0.93,
        "Total Revenue": NaN,
        "Gross Profit": 872,
        "Operating Income": 428,
        "EBIT": 448,
        "Net Income": 351
    },
    "2018-12-31": {
        "Diluted EPS": 0.76,
        "Total Revenue": NaN,
        "Gross Profit": 768,
        "Operating Income": 365,
        "EBIT": 385,
        "Net Income": 287
    },
    "2018-09-30": {
        "Diluted EPS": 1.23,
        "Total Revenue": NaN,
        "Gross Profit": NaN,
        "Operating Income": 592,
        "EBIT": 612,
        "Net Income": 466
    },
    "2018-06-30": {
        "Diluted EPS": 1.18,
        "Total Revenue": NaN,
        "Gross Profit": NaN,
        "Operating Income": 603,
        "EBIT": 621,
        "Net Income": 454
    },
    "2018-03-31": {
        "Diluted EPS": 0.91,
        "Total Revenue": NaN,
        "Gross Profit": 833,
        "Operating Income": 432,
        "EBIT": 450,
        "Net Income": 351
    },
    "2017-12-31": {
        "Diluted EPS": 0.49,
        "Total Revenue": NaN,
        "Gross Profit": 753,
        "Operating Income": 368,
        "EBIT": 386,
        "Net Income": 189
    },
    "2017-09-30": {
        "Diluted EPS": 0.83,
        "Total Revenue": NaN,
        "Gross Profit": 895,
        "Operating Income": 479,
        "EBIT": 495,
        "Net Income": 313
    },
    "2017-06-30": {
        "Diluted EPS": 0.76,
        "Total Revenue": NaN,
        "Gross Profit": 815,
        "Operating Income": 441,
        "EBIT": 455,
        "Net Income": 289
    },
    "2017-03-31": {
        "Diluted EPS": 0.6,
        "Total Revenue": NaN,
        "Gross Profit": 701,
        "Operating Income": 346,
        "EBIT": 360,
        "Net Income": 229
    },
    "2016-12-31": {
        "Diluted EPS": 0.55,
        "Total Revenue": NaN,
        "Gross Profit": 636,
        "Operating Income": 310,
        "EBIT": 326,
        "Net Income": 207
    },
    "2016-09-30": {
        "Diluted EPS": 0.76,
        "Total Revenue": NaN,
        "Gross Profit": 823,
        "Operating Income": 431,
        "EBIT": 459,
        "Net Income": 284
    },
    "2016-06-30": {
        "Diluted EPS": 0.66,
        "Total Revenue": NaN,
        "Gross Profit": 709,
        "Operating Income": 372,
        "EBIT": 387,
        "Net Income": 250
    },
    "2016-03-31": {
        "Diluted EPS": 0.52,
        "Total Revenue": NaN,
        "Gross Profit": 599,
        "Operating Income": 289,
        "EBIT": 305,
        "Net Income": 195
    },
    "2015-12-31": {
        "Diluted EPS": 0.42,
        "Total Revenue": NaN,
        "Gross Profit": 524,
        "Operating Income": 235,
        "EBIT": 250,
        "Net Income": 158
    },
    "2015-09-30": {
        "Diluted EPS": 0.64,
        "Total Revenue": NaN,
        "Gross Profit": 664,
        "Operating Income": 331,
        "EBIT": 356,
        "Net Income": 239
    },
    "2015-06-30": {
        "Diluted EPS": 0.6,
        "Total Revenue": NaN,
        "Gross Profit": 630,
        "Operating Income": 327,
        "EBIT": 342,
        "Net Income": 221
    },
    "2015-03-31": {
        "Diluted EPS": 0.4,
        "Total Revenue": NaN,
        "Gross Profit": 506,
        "Operating Income": 223,
        "EBIT": 237,
        "Net Income": 148
    },
    "2014-12-31": {
        "Diluted EPS": 0.39,
        "Total Revenue": NaN,
        "Gross Profit": 488,
        "Operating Income": 212,
        "EBIT": 226,
        "Net Income": 143
    },
    "2014-09-30": {
        "Diluted EPS": 0.44,
        "Total Revenue": NaN,
        "Gross Profit": 523,
        "Operating Income": 244,
        "EBIT": 258,
        "Net Income": 166
    },
    "2014-06-30": {
        "Diluted EPS": 0.32,
        "Total Revenue": NaN,
        "Gross Profit": 422,
        "Operating Income": 166,
        "EBIT": 180,
        "Net Income": 113
    },
    "2014-03-31": {
        "Diluted EPS": 0.38,
        "Total Revenue": NaN,
        "Gross Profit": 415,
        "Operating Income": 197,
        "EBIT": 217,
        "Net Income": 131
    },
    "2013-12-31": {
        "Diluted EPS": 0.36,
        "Total Revenue": NaN,
        "Gross Profit": 397,
        "Operating Income": 184,
        "EBIT": 202,
        "Net Income": 123
    },
    "2013-09-30": {
        "Diluted EPS": 0.39,
        "Total Revenue": NaN,
        "Gross Profit": 413,
        "Operating Income": 195,
        "EBIT": 212,
        "Net Income": 139
    },
    "2013-06-30": {
        "Diluted EPS": 0.42,
        "Total Revenue": NaN,
        "Gross Profit": 397,
        "Operating Income": 199,
        "EBIT": 214,
        "Net Income": 146
    },
    "2013-03-31": {
        "Diluted EPS": 0.32,
        "Total Revenue": NaN,
        "Gross Profit": 322,
        "Operating Income": 139,
        "EBIT": 154,
        "Net Income": 111
    },
    "2012-12-31": {
        "Diluted EPS": 0.2,
        "Total Revenue": NaN,
        "Gross Profit": 273,
        "Operating Income": 106,
        "EBIT": 122,
        "Net Income": 66
    },
    "2012-09-30": {
        "Diluted EPS": 0.33,
        "Total Revenue": NaN,
        "Gross Profit": 270,
        "Operating Income": 99,
        "EBIT": 114,
        "Net Income": 100
    },
    "2012-06-30": {
        "Diluted EPS": 2.22,
        "Total Revenue": NaN,
        "Gross Profit": 232,
        "Operating Income": 74,
        "EBIT": 89,
        "Net Income": 788
    },
    "2012-03-31": {
        "Diluted EPS": 0.13,
        "Total Revenue": 961,
        "Gross Profit": 190,
        "Operating Income": 43,
        "EBIT": 58,
        "Net Income": 41
    },
    "2011-12-31": {
        "Diluted EPS": 0.09,
        "Total Revenue": 907,
        "Gross Profit": 170,
        "Operating Income": 32,
        "EBIT": 47,
        "Net Income": 28
    },
    "2011-09-30": {
        "Diluted EPS": 0.11,
        "Total Revenue": NaN,
        "Gross Profit": 184,
        "Operating Income": 40,
        "EBIT": 55,
        "Net Income": 36
    },
    "2011-06-30": {
        "Diluted EPS": 0.09,
        "Total Revenue": 999,
        "Gross Profit": 175,
        "Operating Income": 42,
        "EBIT": 57,
        "Net Income": 29
    },
    "2011-03-31": {
        "Diluted EPS": 0.09,
        "Total Revenue": 751,
        "Gross Profit": 123,
        "Operating Income": -19,
        "EBIT": -5,
        "Net Income": 28
    },
    "2010-12-31": {
        "Diluted EPS": -0.06,
        "Total Revenue": 788,
        "Gross Profit": 131,
        "Operating Income": -7,
        "EBIT": 7,
        "Net Income": -20
    },
    "2010-09-30": {
        "Diluted EPS": 0.01,
        "Total Revenue": 948,
        "Gross Profit": 151,
        "Operating Income": 8,
        "EBIT": 22,
        "Net Income": -9
    },
    "2010-06-30": {
        "Diluted EPS": 0.16,
        "Total Revenue": NaN,
        "Gross Profit": 235,
        "Operating Income": 70,
        "EBIT": 82,
        "Net Income": 51
    },
    "2010-03-31": {
        "Diluted EPS": 0.04,
        "Total Revenue": 914,
        "Gross Profit": 176,
        "Operating Income": 30,
        "EBIT": 41,
        "Net Income": 11
    },
    "2009-12-31": {
        "Diluted EPS": 0.56,
        "Total Revenue": NaN,
        "Gross Profit": 212,
        "Operating Income": 65,
        "EBIT": 76,
        "Net Income": 192
    },
    "2009-09-30": {
        "Diluted EPS": -0.74,
        "Total Revenue": NaN,
        "Gross Profit": -49,
        "Operating Income": -204,
        "EBIT": -194,
        "Net Income": -235
    },
    "2009-06-30": {
        "Diluted EPS": -0.45,
        "Total Revenue": 933,
        "Gross Profit": 10,
        "Operating Income": -142,
        "EBIT": -133,
        "Net Income": -144
    },
    "2009-03-31": {
        "Diluted EPS": -0.34,
        "Total Revenue": 778,
        "Gross Profit": 57,
        "Operating Income": -87,
        "EBIT": -79,
        "Net Income": -109
    },
    "2023-09-30": {
        "Tax Effect Of Unusual Items": NaN,
        "Tax Rate For Calcs": NaN,
        "Normalized EBITDA": NaN,
        "Net Income From Continuing Operation Net Minority Interest": NaN,
        "Reconciled Depreciation": NaN,
        "Reconciled Cost Of Revenue": NaN,
        "EBITDA": NaN,
        "EBIT": NaN,
        "Normalized Income": NaN,
        "Net Income From Continuing And Discontinued Operation": NaN,
        "Total Expenses": NaN,
        "Diluted Average Shares": 339300000.0,
        "Basic Average Shares": 336600000.0,
        "Diluted EPS": 4.45,
        "Basic EPS": 4.49,
        "Diluted NI Availto Com Stockholders": NaN,
        "Net Income Common Stockholders": NaN,
        "Net Income": NaN,
        "Minority Interests": NaN,
        "Net Income Including Noncontrolling Interests": NaN,
        "Net Income Continuous Operations": NaN,
        "Tax Provision": NaN,
        "Pretax Income": NaN,
        "Other Income Expense": NaN,
        "Other Non Operating Income Expenses": NaN,
        "Operating Income": NaN,
        "Operating Expense": NaN,
        "Selling General And Administration": NaN,
        "Gross Profit": NaN,
        "Cost Of Revenue": NaN,
        "Total Revenue": NaN,
        "Operating Revenue": NaN
    },
    "2023-12-31": {
        "Tax Effect Of Unusual Items": 0.0,
        "Tax Rate For Calcs": 0.234,
        "Normalized EBITDA": 1191200000.0,
        "Net Income From Continuing Operation Net Minority Interest": 947400000.0,
        "Reconciled Depreciation": 20000000.0,
        "Reconciled Cost Of Revenue": 5719800000.0,
        "EBITDA": 1191200000.0,
        "EBIT": 1171200000.0,
        "Normalized Income": 947400000.0,
        "Net Income From Continuing And Discontinued Operation": 947400000.0,
        "Total Expenses": 6554800000.0,
        "Diluted Average Shares": 335700000.0,
        "Basic Average Shares": 333300000.0,
        "Diluted EPS": 2.82,
        "Basic EPS": 2.84,
        "Diluted NI Availto Com Stockholders": 947400000.0,
        "Net Income Common Stockholders": 947400000.0,
        "Net Income": 947400000.0,
        "Minority Interests": -8300000.0,
        "Net Income Including Noncontrolling Interests": 955700000.0,
        "Net Income Continuous Operations": 955700000.0,
        "Tax Provision": 291800000.0,
        "Pretax Income": 1247500000.0,
        "Other Income Expense": 76300000.0,
        "Other Non Operating Income Expenses": 76300000.0,
        "Operating Income": 1171200000.0,
        "Operating Expense": 835000000.0,
        "Selling General And Administration": 835000000.0,
        "Gross Profit": 2006200000.0,
        "Cost Of Revenue": 5719800000.0,
        "Total Revenue": 7726000000.0,
        "Operating Revenue": 7726000000.0
    },
    "2024-03-31": {
        "Tax Effect Of Unusual Items": 0.0,
        "Tax Rate For Calcs": 0.226,
        "Normalized EBITDA": 1473400000.0,
        "Net Income From Continuing Operation Net Minority Interest": 1172100000.0,
        "Reconciled Depreciation": 21100000.0,
        "Reconciled Cost Of Revenue": 6774300000.0,
        "EBITDA": 1473400000.0,
        "EBIT": 1452300000.0,
        "Normalized Income": 1172100000.0,
        "Net Income From Continuing And Discontinued Operation": 1172100000.0,
        "Total Expenses": 7654900000.0,
        "Diluted Average Shares": 333300000.0,
        "Basic Average Shares": 330900000.0,
        "Diluted EPS": 3.52,
        "Basic EPS": 3.54,
        "Diluted NI Availto Com Stockholders": 1172100000.0,
        "Net Income Common Stockholders": 1172100000.0,
        "Net Income": 1172100000.0,
        "Minority Interests": -11600000.0,
        "Net Income Including Noncontrolling Interests": 1183700000.0,
        "Net Income Continuous Operations": 1183700000.0,
        "Tax Provision": 344800000.0,
        "Pretax Income": 1528500000.0,
        "Other Income Expense": 76200000.0,
        "Other Non Operating Income Expenses": 76200000.0,
        "Operating Income": 1452300000.0,
        "Operating Expense": 880600000.0,
        "Selling General And Administration": 880600000.0,
        "Gross Profit": 2332900000.0,
        "Cost Of Revenue": 6774300000.0,
        "Total Revenue": 9107200000.0,
        "Operating Revenue": 9107200000.0
    },
    "2024-06-30": {
        "Tax Effect Of Unusual Items": 0.0,
        "Tax Rate For Calcs": 0.24,
        "Normalized EBITDA": 1740800000.0,
        "Net Income From Continuing Operation Net Minority Interest": 1353600000.0,
        "Reconciled Depreciation": 22400000.0,
        "Reconciled Cost Of Revenue": 7323700000.0,
        "EBITDA": 1740800000.0,
        "EBIT": 1718400000.0,
        "Normalized Income": 1353600000.0,
        "Net Income From Continuing And Discontinued Operation": 1353600000.0,
        "Total Expenses": 8247300000.0,
        "Diluted Average Shares": 330100000.0,
        "Basic Average Shares": 328400000.0,
        "Diluted EPS": 4.1,
        "Basic EPS": 4.12,
        "Diluted NI Availto Com Stockholders": 1353600000.0,
        "Net Income Common Stockholders": 1353600000.0,
        "Net Income": 1353600000.0,
        "Minority Interests": -13200000.0,
        "Net Income Including Noncontrolling Interests": 1366800000.0,
        "Net Income Continuous Operations": 1366800000.0,
        "Tax Provision": 432200000.0,
        "Pretax Income": 1799000000.0,
        "Other Income Expense": 80600000.0,
        "Other Non Operating Income Expenses": 80600000.0,
        "Operating Income": 1718400000.0,
        "Operating Expense": 923600000.0,
        "Selling General And Administration": 923600000.0,
        "Gross Profit": 2642000000.0,
        "Cost Of Revenue": 7323700000.0,
        "Total Revenue": 9965700000.0,
        "Operating Revenue": 9965700000.0
    },
    "2024-09-30": {
        "Tax Effect Of Unusual Items": 0.0,
        "Tax Rate For Calcs": 0.23975,
        "Normalized EBITDA": 1617600000.0,
        "Net Income From Continuing Operation Net Minority Interest": 1283400000.0,
        "Reconciled Depreciation": 23600000.0,
        "Reconciled Cost Of Revenue": 7448300000.0,
        "EBITDA": 1617600000.0,
        "EBIT": 1594000000.0,
        "Normalized Income": 1283400000.0,
        "Net Income From Continuing And Discontinued Operation": 1283400000.0,
        "Total Expenses": 8408600000.0,
        "Diluted Average Shares": 327300000.0,
        "Basic Average Shares": 325200000.0,
        "Diluted EPS": 3.92,
        "Basic EPS": 3.95,
        "Diluted NI Availto Com Stockholders": 1283400000.0,
        "Net Income Common Stockholders": 1283400000.0,
        "Net Income": 1283400000.0,
        "Minority Interests": -16400000.0,
        "Net Income Including Noncontrolling Interests": 1299800000.0,
        "Net Income Continuous Operations": 1299800000.0,
        "Tax Provision": 409900000.0,
        "Pretax Income": 1709700000.0,
        "Other Income Expense": 115700000.0,
        "Other Non Operating Income Expenses": 115700000.0,
        "Operating Income": 1594000000.0,
        "Operating Expense": 960300000.0,
        "Selling General And Administration": 960300000.0,
        "Gross Profit": 2554300000.0,
        "Cost Of Revenue": 7448300000.0,
        "Total Revenue": 10002600000.0,
        "Operating Revenue": 10002600000.0
    },
    "2024-12-31": {
        "Tax Effect Of Unusual Items": 0.0,
        "Tax Rate For Calcs": 0.232,
        "Normalized EBITDA": 1056200000.0,
        "Net Income From Continuing Operation Net Minority Interest": 844900000.0,
        "Reconciled Depreciation": 24100000.0,
        "Reconciled Cost Of Revenue": 5702800000.0,
        "EBITDA": 1056200000.0,
        "EBIT": 1032100000.0,
        "Normalized Income": 844900000.0,
        "Net Income From Continuing And Discontinued Operation": 844900000.0,
        "Total Expenses": 6580900000.0,
        "Diluted Average Shares": 323300000.0,
        "Basic Average Shares": 321500000.0,
        "Diluted EPS": 2.61,
        "Basic EPS": 2.63,
        "Diluted NI Availto Com Stockholders": 844900000.0,
        "Net Income Common Stockholders": 844900000.0,
        "Net Income": 844900000.0,
        "Minority Interests": -7000000.0,
        "Net Income Including Noncontrolling Interests": 851900000.0,
        "Net Income Continuous Operations": 851900000.0,
        "Tax Provision": 258000000.0,
        "Pretax Income": 1109900000.0,
        "Other Income Expense": 77800000.0,
        "Other Non Operating Income Expenses": 77800000.0,
        "Operating Income": 1032100000.0,
        "Operating Expense": 878100000.0,
        "Selling General And Administration": 878100000.0,
        "Gross Profit": 1910200000.0,
        "Cost Of Revenue": 5702800000.0,
        "Total Revenue": 7613000000.0,
        "Operating Revenue": 7613000000.0
    },
    "2025-03-31": {
        "Tax Effect Of Unusual Items": 0.0,
        "Tax Rate For Calcs": 0.232,
        "Normalized EBITDA": 1026100000.0,
        "Net Income From Continuing Operation Net Minority Interest": 810400000.0,
        "Reconciled Depreciation": 24600000.0,
        "Reconciled Cost Of Revenue": 5833800000.0,
        "EBITDA": 1026100000.0,
        "EBIT": 1001500000.0,
        "Normalized Income": 810400000.0,
        "Net Income From Continuing And Discontinued Operation": 810400000.0,
        "Total Expenses": 6732500000.0,
        "Diluted Average Shares": 314000000.0,
        "Basic Average Shares": 312500000.0,
        "Diluted EPS": 2.58,
        "Basic EPS": 2.59,
        "Diluted NI Availto Com Stockholders": 810400000.0,
        "Net Income Common Stockholders": 810400000.0,
        "Net Income": 810400000.0,
        "Minority Interests": -8700000.0,
        "Net Income Including Noncontrolling Interests": 819100000.0,
        "Net Income Continuous Operations": 819100000.0,
        "Tax Provision": 248000000.0,
        "Pretax Income": 1067100000.0,
        "Other Income Expense": 65600000.0,
        "Other Non Operating Income Expenses": 65600000.0,
        "Operating Income": 1001500000.0,
        "Operating Expense": 898700000.0,
        "Selling General And Administration": 898700000.0,
        "Gross Profit": 1900200000.0,
        "Cost Of Revenue": 5833800000.0,
        "Total Revenue": 7734000000.0,
        "Operating Revenue": 7734000000.0
    },
    "2025-06-30": {
        "Tax Effect Of Unusual Items": 0.0,
        "Tax Rate For Calcs": 0.239,
        "Normalized EBITDA": 1290100000.0,
        "Net Income From Continuing Operation Net Minority Interest": 1024600000.0,
        "Reconciled Depreciation": 25200000.0,
        "Reconciled Cost Of Revenue": 7016500000.0,
        "EBITDA": 1290100000.0,
        "EBIT": 1264900000.0,
        "Normalized Income": 1024600000.0,
        "Net Income From Continuing And Discontinued Operation": 1024600000.0,
        "Total Expenses": 7960800000.0,
        "Diluted Average Shares": 304900000.0,
        "Basic Average Shares": 304100000.0,
        "Diluted EPS": 3.36,
        "Basic EPS": 3.37,
        "Diluted NI Availto Com Stockholders": 1024600000.0,
        "Net Income Common Stockholders": 1024600000.0,
        "Net Income": 1024600000.0,
        "Minority Interests": -8500000.0,
        "Net Income Including Noncontrolling Interests": 1033100000.0,
        "Net Income Continuous Operations": 1033100000.0,
        "Tax Provision": 325000000.0,
        "Pretax Income": 1358100000.0,
        "Other Income Expense": 93200000.0,
        "Other Non Operating Income Expenses": 93200000.0,
        "Operating Income": 1264900000.0,
        "Operating Expense": 944300000.0,
        "Selling General And Administration": 944300000.0,
        "Gross Profit": 2209200000.0,
        "Cost Of Revenue": 7016500000.0,
        "Total Revenue": 9225700000.0,
        "Operating Revenue": 9225700000.0
    }
}