{
    "2023-03-31": {
        "Tax Effect Of Unusual Items": NaN,
        "Tax Rate For Calcs": NaN,
        "Normalized EBITDA": NaN,
        "Total Unusual Items": -433000.0,
        "Total Unusual Items Excluding Goodwill": -433000.0,
        "Net Income From Continuing Operation Net Minority Interest": NaN,
        "Reconciled Depreciation": NaN,
        "Reconciled Cost Of Revenue": NaN,
        "EBITDA": NaN,
        "EBIT": NaN,
        "Net Interest Income": NaN,
        "Interest Expense": NaN,
        "Interest Income": NaN,
        "Normalized Income": NaN,
        "Net Income From Continuing And Discontinued Operation": NaN,
        "Total Expenses": NaN,
        "Total Operating Income As Reported": NaN,
        "Diluted Average Shares": NaN,
        "Basic Average Shares": NaN,
        "Diluted EPS": NaN,
        "Basic EPS": NaN,
        "Diluted NI Availto Com Stockholders": NaN,
        "Net Income Common Stockholders": NaN,
        "Net Income": NaN,
        "Minority Interests": NaN,
        "Net Income Including Noncontrolling Interests": NaN,
        "Net Income Continuous Operations": NaN,
        "Tax Provision": NaN,
        "Pretax Income": NaN,
        "Other Income Expense": -433000.0,
        "Special Income Charges": NaN,
        "Gain On Sale Of Ppe": NaN,
        "Earnings From Equity Interest": 0.0,
        "Gain On Sale Of Security": -433000.0,
        "Net Non Operating Interest Income Expense": NaN,
        "Total Other Finance Cost": NaN,
        "Interest Expense Non Operating": NaN,
        "Interest Income Non Operating": NaN,
        "Operating Income": NaN,
        "Operating Expense": NaN,
        "Selling General And Administration": NaN,
        "General And Administrative Expense": NaN,
        "Other Gand A": NaN,
        "Gross Profit": NaN,
        "Cost Of Revenue": NaN,
        "Total Revenue": NaN,
        "Operating Revenue": NaN
    },
    "2022-12-31": {
        "Tax Effect Of Unusual Items": NaN,
        "Tax Rate For Calcs": NaN,
        "Normalized EBITDA": NaN,
        "Total Unusual Items": 56000.0,
        "Total Unusual Items Excluding Goodwill": 56000.0,
        "Net Income From Continuing Operation Net Minority Interest": NaN,
        "Reconciled Depreciation": NaN,
        "Reconciled Cost Of Revenue": NaN,
        "EBITDA": NaN,
        "EBIT": NaN,
        "Net Interest Income": NaN,
        "Interest Expense": NaN,
        "Interest Income": NaN,
        "Normalized Income": NaN,
        "Net Income From Continuing And Discontinued Operation": NaN,
        "Total Expenses": NaN,
        "Total Operating Income As Reported": NaN,
        "Diluted Average Shares": NaN,
        "Basic Average Shares": NaN,
        "Diluted EPS": NaN,
        "Basic EPS": NaN,
        "Diluted NI Availto Com Stockholders": NaN,
        "Net Income Common Stockholders": NaN,
        "Net Income": NaN,
        "Minority Interests": NaN,
        "Net Income Including Noncontrolling Interests": NaN,
        "Net Income Continuous Operations": NaN,
        "Tax Provision": NaN,
        "Pretax Income": NaN,
        "Other Income Expense": 56000.0,
        "Special Income Charges": 0.0,
        "Gain On Sale Of Ppe": 0.0,
        "Earnings From Equity Interest": 0.0,
        "Gain On Sale Of Security": 56000.0,
        "Net Non Operating Interest Income Expense": NaN,
        "Total Other Finance Cost": NaN,
        "Interest Expense Non Operating": NaN,
        "Interest Income Non Operating": NaN,
        "Operating Income": NaN,
        "Operating Expense": NaN,
        "Selling General And Administration": NaN,
        "General And Administrative Expense": NaN,
        "Other Gand A": NaN,
        "Gross Profit": NaN,
        "Cost Of Revenue": NaN,
        "Total Revenue": NaN,
        "Operating Revenue": NaN
    },
    "2022-09-30": {
        "Tax Effect Of Unusual Items": NaN,
        "Tax Rate For Calcs": NaN,
        "Normalized EBITDA": NaN,
        "Total Unusual Items": NaN,
        "Total Unusual Items Excluding Goodwill": NaN,
        "Net Income From Continuing Operation Net Minority Interest": NaN,
        "Reconciled Depreciation": NaN,
        "Reconciled Cost Of Revenue": NaN,
        "EBITDA": NaN,
        "EBIT": NaN,
        "Net Interest Income": NaN,
        "Interest Expense": NaN,
        "Interest Income": NaN,
        "Normalized Income": NaN,
        "Net Income From Continuing And Discontinued Operation": NaN,
        "Total Expenses": NaN,
        "Total Operating Income As Reported": NaN,
        "Diluted Average Shares": NaN,
        "Basic Average Shares": NaN,
        "Diluted EPS": NaN,
        "Basic EPS": NaN,
        "Diluted NI Availto Com Stockholders": NaN,
        "Net Income Common Stockholders": NaN,
        "Net Income": NaN,
        "Minority Interests": NaN,
        "Net Income Including Noncontrolling Interests": NaN,
        "Net Income Continuous Operations": NaN,
        "Tax Provision": NaN,
        "Pretax Income": NaN,
        "Other Income Expense": 9617000.0,
        "Special Income Charges": 6829000.0,
        "Gain On Sale Of Ppe": 6829000.0,
        "Earnings From Equity Interest": NaN,
        "Gain On Sale Of Security": 2788000.0,
        "Net Non Operating Interest Income Expense": NaN,
        "Total Other Finance Cost": NaN,
        "Interest Expense Non Operating": NaN,
        "Interest Income Non Operating": NaN,
        "Operating Income": NaN,
        "Operating Expense": NaN,
        "Selling General And Administration": NaN,
        "General And Administrative Expense": NaN,
        "Other Gand A": NaN,
        "Gross Profit": NaN,
        "Cost Of Revenue": NaN,
        "Total Revenue": NaN,
        "Operating Revenue": NaN
    },
    "2022-06-30": {
        "Tax Effect Of Unusual Items": 236912.95306,
        "Tax Rate For Calcs": 0.013963,
        "Normalized EBITDA": 32082000.0,
        "Total Unusual Items": 16967000.0,
        "Total Unusual Items Excluding Goodwill": 16967000.0,
        "Net Income From Continuing Operation Net Minority Interest": 9720000.0,
        "Reconciled Depreciation": 32318000.0,
        "Reconciled Cost Of Revenue": 95529000.0,
        "EBITDA": 49049000.0,
        "EBIT": 16731000.0,
        "Net Interest Income": -8052000.0,
        "Interest Expense": 6633000.0,
        "Interest Income": 110000.0,
        "Normalized Income": -7010087.04694,
        "Net Income From Continuing And Discontinued Operation": 9720000.0,
        "Total Expenses": 99710000.0,
        "Total Operating Income As Reported": 12887000.0,
        "Diluted Average Shares": 166824023.0,
        "Basic Average Shares": 166767540.0,
        "Diluted EPS": 0.06,
        "Basic EPS": 0.06,
        "Diluted NI Availto Com Stockholders": 9720000.0,
        "Net Income Common Stockholders": 9720000.0,
        "Net Income": 9720000.0,
        "Minority Interests": -236000.0,
        "Net Income Including Noncontrolling Interests": 9957000.0,
        "Net Income Continuous Operations": 9957000.0,
        "Tax Provision": 141000.0,
        "Pretax Income": 10098000.0,
        "Other Income Expense": 17945000.0,
        "Special Income Charges": 12683000.0,
        "Gain On Sale Of Ppe": 12683000.0,
        "Earnings From Equity Interest": 978000.0,
        "Gain On Sale Of Security": 4284000.0,
        "Net Non Operating Interest Income Expense": -8052000.0,
        "Total Other Finance Cost": 1529000.0,
        "Interest Expense Non Operating": 6633000.0,
        "Interest Income Non Operating": 110000.0,
        "Operating Income": 204000.0,
        "Operating Expense": 4181000.0,
        "Selling General And Administration": 4181000.0,
        "General And Administrative Expense": 4181000.0,
        "Other Gand A": 4181000.0,
        "Gross Profit": 4385000.0,
        "Cost Of Revenue": 95529000.0,
        "Total Revenue": 99914000.0,
        "Operating Revenue": 99233000.0
    },
    "2022-03-31": {
        "Diluted EPS": -0.1,
        "Total Revenue": 76,
        "Gross Profit": 20,
        "Operating Income": -19,
        "EBIT": 15,
        "Net Income": -17
    },
    "2021-12-31": {
        "Diluted EPS": -0.01,
        "Total Revenue": 84,
        "Gross Profit": 29,
        "Operating Income": -1,
        "EBIT": 35,
        "Net Income": -3
    },
    "2021-09-30": {
        "Diluted EPS": -0.13,
        "Total Revenue": 59,
        "Gross Profit": 18,
        "Operating Income": -16,
        "EBIT": 16,
        "Net Income": -21
    },
    "2021-06-30": {
        "Diluted EPS": 0.0,
        "Total Revenue": 66,
        "Gross Profit": 26,
        "Operating Income": 2,
        "EBIT": 35,
        "Net Income": 1
    },
    "2021-03-31": {
        "Diluted EPS": 0.07,
        "Total Revenue": 87,
        "Gross Profit": 52,
        "Operating Income": 15,
        "EBIT": 47,
        "Net Income": 12
    },
    "2020-12-31": {
        "Diluted EPS": 0.05,
        "Total Revenue": 91,
        "Gross Profit": 56,
        "Operating Income": 11,
        "EBIT": 43,
        "Net Income": 8
    },
    "2020-09-30": {
        "Diluted EPS": 0.31,
        "Total Revenue": 142,
        "Gross Profit": 97,
        "Operating Income": 57,
        "EBIT": 84,
        "Net Income": 51
    },
    "2020-06-30": {
        "Diluted EPS": 0.81,
        "Total Revenue": 246,
        "Gross Profit": 183,
        "Operating Income": 147,
        "EBIT": 182,
        "Net Income": 136
    },
    "2020-03-31": {
        "Diluted EPS": 0.44,
        "Total Revenue": 212,
        "Gross Profit": 133,
        "Operating Income": 98,
        "EBIT": 128,
        "Net Income": 72
    },
    "2019-12-31": {
        "Diluted EPS": 0.53,
        "Total Revenue": 192,
        "Gross Profit": 120,
        "Operating Income": 86,
        "EBIT": 110,
        "Net Income": 76
    },
    "2019-09-30": {
        "Diluted EPS": -0.07,
        "Total Revenue": 105,
        "Gross Profit": 40,
        "Operating Income": 6,
        "EBIT": 38,
        "Net Income": -9
    },
    "2019-06-30": {
        "Diluted EPS": -0.07,
        "Total Revenue": 106,
        "Gross Profit": 42,
        "Operating Income": 10,
        "EBIT": 40,
        "Net Income": -11
    },
    "2019-03-31": {
        "Diluted EPS": 0.12,
        "Total Revenue": 132,
        "Gross Profit": 68,
        "Operating Income": 37,
        "EBIT": 66,
        "Net Income": 18
    },
    "2018-12-31": {
        "Diluted EPS": 0.08,
        "Total Revenue": 139,
        "Gross Profit": 64,
        "Operating Income": 33,
        "EBIT": 52,
        "Net Income": 12
    },
    "2018-09-30": {
        "Diluted EPS": -0.15,
        "Total Revenue": 90,
        "Gross Profit": 29,
        "Operating Income": -5,
        "EBIT": 24,
        "Net Income": -21
    },
    "2018-06-30": {
        "Diluted EPS": -0.2,
        "Total Revenue": 67,
        "Gross Profit": 17,
        "Operating Income": -12,
        "EBIT": 19,
        "Net Income": -28
    },
    "2018-03-31": {
        "Diluted EPS": -0.06,
        "Total Revenue": 80,
        "Gross Profit": 29,
        "Operating Income": 0,
        "EBIT": 26,
        "Net Income": -9
    },
    "2017-12-31": {
        "Diluted EPS": -0.1,
        "Total Revenue": 92,
        "Gross Profit": 35,
        "Operating Income": 3,
        "EBIT": 24,
        "Net Income": -8
    },
    "2017-09-30": {
        "Diluted EPS": -0.04,
        "Total Revenue": 84,
        "Gross Profit": 35,
        "Operating Income": 5,
        "EBIT": 33,
        "Net Income": -5
    },
    "2017-06-30": {
        "Diluted EPS": 0.04,
        "Total Revenue": 86,
        "Gross Profit": 42,
        "Operating Income": 14,
        "EBIT": 38,
        "Net Income": 5
    },
    "2017-03-31": {
        "Diluted EPS": 0.15,
        "Total Revenue": 92,
        "Gross Profit": 57,
        "Operating Income": 22,
        "EBIT": 45,
        "Net Income": 14
    },
    "2016-12-31": {
        "Diluted EPS": 0.27,
        "Total Revenue": 85,
        "Gross Profit": 51,
        "Operating Income": 26,
        "EBIT": 49,
        "Net Income": 18
    },
    "2016-09-30": {
        "Diluted EPS": -0.81,
        "Total Revenue": 65,
        "Gross Profit": 34,
        "Operating Income": -69,
        "EBIT": -45,
        "Net Income": -76
    },
    "2016-06-30": {
        "Diluted EPS": 0.34,
        "Total Revenue": 99,
        "Gross Profit": 68,
        "Operating Income": 43,
        "EBIT": 66,
        "Net Income": 36
    },
    "2016-03-31": {
        "Diluted EPS": 0.3,
        "Total Revenue": 108,
        "Gross Profit": 76,
        "Operating Income": 41,
        "EBIT": 64,
        "Net Income": 32
    },
    "2015-12-31": {
        "Diluted EPS": 0.32,
        "Total Revenue": 95,
        "Gross Profit": 65,
        "Operating Income": 39,
        "EBIT": 60,
        "Net Income": 32
    },
    "2015-09-30": {
        "Diluted EPS": 0.27,
        "Total Revenue": 92,
        "Gross Profit": 59,
        "Operating Income": 35,
        "EBIT": 56,
        "Net Income": 27
    },
    "2015-06-30": {
        "Diluted EPS": 0.22,
        "Total Revenue": 83,
        "Gross Profit": 54,
        "Operating Income": 30,
        "EBIT": 52,
        "Net Income": 22
    },
    "2015-03-31": {
        "Diluted EPS": 0.23,
        "Total Revenue": 96,
        "Gross Profit": 58,
        "Operating Income": 31,
        "EBIT": 53,
        "Net Income": 23
    },
    "2014-12-31": {
        "Diluted EPS": 0.41,
        "Total Revenue": 73,
        "Gross Profit": 33,
        "Operating Income": 38,
        "EBIT": 59,
        "Net Income": 28
    },
    "2014-09-30": {
        "Diluted EPS": -0.1,
        "Total Revenue": 34,
        "Gross Profit": 11,
        "Operating Income": -5,
        "EBIT": 6,
        "Net Income": -7
    },
    "2014-06-30": {
        "Diluted EPS": -0.12,
        "Total Revenue": 19,
        "Gross Profit": 4,
        "Operating Income": -7,
        "EBIT": 2,
        "Net Income": -8
    },
    "2014-03-31": {
        "Diluted EPS": -0.01,
        "Total Revenue": 25,
        "Gross Profit": 10,
        "Operating Income": 1,
        "EBIT": 8,
        "Net Income": 0
    },
    "2013-12-31": {
        "Diluted EPS": 0.76,
        "Total Revenue": 31,
        "Gross Profit": 21,
        "Operating Income": 12,
        "EBIT": 19,
        "Net Income": 11
    },
    "2013-09-30": {
        "Diluted EPS": -0.26,
        "Total Revenue": 17,
        "Gross Profit": 5,
        "Operating Income": -3,
        "EBIT": 3,
        "Net Income": -4
    },
    "2013-06-30": {
        "Diluted EPS": -0.5,
        "Total Revenue": 19,
        "Gross Profit": 3,
        "Operating Income": -5,
        "EBIT": 1,
        "Net Income": -8
    },
    "2013-03-31": {
        "Diluted EPS": -0.24,
        "Total Revenue": 19,
        "Gross Profit": 7,
        "Operating Income": -3,
        "EBIT": 4,
        "Net Income": -4
    },
    "2012-12-31": {
        "Diluted EPS": -3.22,
        "Total Revenue": 21,
        "Gross Profit": 12,
        "Operating Income": -6,
        "EBIT": 2,
        "Net Income": -6
    },
    "2012-09-30": {
        "Diluted EPS": -6.27,
        "Total Revenue": 25,
        "Gross Profit": 12,
        "Operating Income": -96,
        "EBIT": -85,
        "Net Income": -97
    },
    "2012-06-30": {
        "Diluted EPS": 0.5,
        "Total Revenue": 24,
        "Gross Profit": 17,
        "Operating Income": 4,
        "EBIT": 11,
        "Net Income": 3
    },
    "2012-03-31": {
        "Diluted EPS": 1.16,
        "Total Revenue": 28,
        "Gross Profit": 21,
        "Operating Income": 8,
        "EBIT": 15,
        "Net Income": 6
    },
    "2011-12-31": {
        "Diluted EPS": 0.44,
        "Total Revenue": 25,
        "Gross Profit": 18,
        "Operating Income": 6,
        "EBIT": 14,
        "Net Income": 4
    },
    "2011-09-30": {
        "Diluted EPS": -9.82,
        "Total Revenue": 27,
        "Gross Profit": 18,
        "Operating Income": -51,
        "EBIT": -43,
        "Net Income": -53
    },
    "2011-06-30": {
        "Diluted EPS": 0.84,
        "Total Revenue": 26,
        "Gross Profit": 17,
        "Operating Income": 6,
        "EBIT": 14,
        "Net Income": 4
    },
    "2011-03-31": {
        "Diluted EPS": 0.84,
        "Total Revenue": 22,
        "Gross Profit": 15,
        "Operating Income": 5,
        "EBIT": 12,
        "Net Income": 4
    },
    "2010-12-31": {
        "Diluted EPS": 1.81,
        "Total Revenue": 23,
        "Gross Profit": 16,
        "Operating Income": 7,
        "EBIT": 12,
        "Net Income": 7
    },
    "2010-09-30": {
        "Diluted EPS": 0.84,
        "Total Revenue": 23,
        "Gross Profit": 17,
        "Operating Income": 7,
        "EBIT": 14,
        "Net Income": 4
    },
    "2010-06-30": {
        "Diluted EPS": -0.48,
        "Total Revenue": 21,
        "Gross Profit": 12,
        "Operating Income": 3,
        "EBIT": 11,
        "Net Income": -2
    },
    "2010-03-31": {
        "Diluted EPS": -0.6,
        "Total Revenue": 22,
        "Gross Profit": 15,
        "Operating Income": 6,
        "EBIT": 14,
        "Net Income": -2
    },
    "2009-12-31": {
        "Diluted EPS": 0.84,
        "Total Revenue": 24,
        "Gross Profit": 16,
        "Operating Income": 8,
        "EBIT": 15,
        "Net Income": 4
    },
    "2009-09-30": {
        "Diluted EPS": 0.24,
        "Total Revenue": 23,
        "Gross Profit": 16,
        "Operating Income": 8,
        "EBIT": 17,
        "Net Income": 1
    },
    "2009-06-30": {
        "Diluted EPS": 1.2,
        "Total Revenue": 26,
        "Gross Profit": 18,
        "Operating Income": 10,
        "EBIT": 15,
        "Net Income": 5
    },
    "2009-03-31": {
        "Diluted EPS": 2.04,
        "Total Revenue": 30,
        "Gross Profit": 23,
        "Operating Income": 15,
        "EBIT": 25,
        "Net Income": 7
    },
    "2023-06-30": {
        "Tax Effect Of Unusual Items": NaN,
        "Tax Rate For Calcs": NaN,
        "Normalized EBITDA": NaN,
        "Total Unusual Items": -70000.0,
        "Total Unusual Items Excluding Goodwill": -70000.0,
        "Net Income From Continuing Operation Net Minority Interest": NaN,
        "Reconciled Depreciation": NaN,
        "Reconciled Cost Of Revenue": NaN,
        "EBITDA": NaN,
        "EBIT": NaN,
        "Net Interest Income": NaN,
        "Interest Expense": NaN,
        "Interest Income": NaN,
        "Normalized Income": NaN,
        "Net Income From Continuing And Discontinued Operation": NaN,
        "Total Expenses": NaN,
        "Total Operating Income As Reported": NaN,
        "Diluted Average Shares": NaN,
        "Basic Average Shares": NaN,
        "Diluted EPS": NaN,
        "Basic EPS": NaN,
        "Diluted NI Availto Com Stockholders": NaN,
        "Net Income Common Stockholders": NaN,
        "Net Income": NaN,
        "Minority Interests": NaN,
        "Net Income Including Noncontrolling Interests": NaN,
        "Net Income Continuous Operations": NaN,
        "Tax Provision": NaN,
        "Pretax Income": NaN,
        "Other Income Expense": -70000.0,
        "Special Income Charges": 0.0,
        "Gain On Sale Of Ppe": 0.0,
        "Earnings From Equity Interest": 0.0,
        "Gain On Sale Of Security": -70000.0,
        "Net Non Operating Interest Income Expense": NaN,
        "Total Other Finance Cost": NaN,
        "Interest Expense Non Operating": NaN,
        "Interest Income Non Operating": NaN,
        "Operating Income": NaN,
        "Operating Expense": NaN,
        "Selling General And Administration": NaN,
        "General And Administrative Expense": NaN,
        "Other Gand A": NaN,
        "Gross Profit": NaN,
        "Cost Of Revenue": NaN,
        "Total Revenue": NaN,
        "Operating Revenue": NaN
    },
    "2023-09-30": {
        "Tax Effect Of Unusual Items": NaN,
        "Tax Rate For Calcs": NaN,
        "Normalized EBITDA": NaN,
        "Total Unusual Items": 0.0,
        "Total Unusual Items Excluding Goodwill": 0.0,
        "Net Income From Continuing Operation Net Minority Interest": NaN,
        "Reconciled Depreciation": NaN,
        "Reconciled Cost Of Revenue": NaN,
        "EBITDA": NaN,
        "EBIT": NaN,
        "Net Interest Income": NaN,
        "Interest Expense": NaN,
        "Interest Income": NaN,
        "Normalized Income": NaN,
        "Net Income From Continuing And Discontinued Operation": NaN,
        "Total Expenses": NaN,
        "Total Operating Income As Reported": NaN,
        "Diluted Average Shares": NaN,
        "Basic Average Shares": NaN,
        "Diluted EPS": NaN,
        "Basic EPS": NaN,
        "Diluted NI Availto Com Stockholders": NaN,
        "Net Income Common Stockholders": NaN,
        "Net Income": NaN,
        "Minority Interests": NaN,
        "Net Income Including Noncontrolling Interests": NaN,
        "Net Income Continuous Operations": NaN,
        "Tax Provision": NaN,
        "Pretax Income": NaN,
        "Other Income Expense": NaN,
        "Special Income Charges": 0.0,
        "Gain On Sale Of Ppe": 0.0,
        "Earnings From Equity Interest": 0.0,
        "Gain On Sale Of Security": NaN,
        "Net Non Operating Interest Income Expense": NaN,
        "Total Other Finance Cost": NaN,
        "Interest Expense Non Operating": NaN,
        "Interest Income Non Operating": NaN,
        "Operating Income": NaN,
        "Operating Expense": NaN,
        "Selling General And Administration": NaN,
        "General And Administrative Expense": NaN,
        "Other Gand A": NaN,
        "Gross Profit": NaN,
        "Cost Of Revenue": NaN,
        "Total Revenue": NaN,
        "Operating Revenue": NaN
    },
    "2023-12-31": {
        "Tax Effect Of Unusual Items": NaN,
        "Tax Rate For Calcs": NaN,
        "Normalized EBITDA": NaN,
        "Total Unusual Items": 0.0,
        "Total Unusual Items Excluding Goodwill": 0.0,
        "Net Income From Continuing Operation Net Minority Interest": NaN,
        "Reconciled Depreciation": NaN,
        "Reconciled Cost Of Revenue": NaN,
        "EBITDA": NaN,
        "EBIT": NaN,
        "Net Interest Income": NaN,
        "Interest Expense": NaN,
        "Interest Income": NaN,
        "Normalized Income": NaN,
        "Net Income From Continuing And Discontinued Operation": NaN,
        "Total Expenses": NaN,
        "Total Operating Income As Reported": NaN,
        "Diluted Average Shares": NaN,
        "Basic Average Shares": NaN,
        "Diluted EPS": NaN,
        "Basic EPS": NaN,
        "Diluted NI Availto Com Stockholders": NaN,
        "Net Income Common Stockholders": NaN,
        "Net Income": NaN,
        "Minority Interests": NaN,
        "Net Income Including Noncontrolling Interests": NaN,
        "Net Income Continuous Operations": NaN,
        "Tax Provision": NaN,
        "Pretax Income": NaN,
        "Other Income Expense": 0.0,
        "Special Income Charges": 0.0,
        "Gain On Sale Of Ppe": 0.0,
        "Earnings From Equity Interest": 0.0,
        "Gain On Sale Of Security": 0.0,
        "Net Non Operating Interest Income Expense": NaN,
        "Total Other Finance Cost": NaN,
        "Interest Expense Non Operating": NaN,
        "Interest Income Non Operating": NaN,
        "Operating Income": NaN,
        "Operating Expense": NaN,
        "Selling General And Administration": NaN,
        "General And Administrative Expense": NaN,
        "Other Gand A": NaN,
        "Gross Profit": NaN,
        "Cost Of Revenue": NaN,
        "Total Revenue": NaN,
        "Operating Revenue": NaN
    },
    "2024-03-31": {
        "Tax Effect Of Unusual Items": NaN,
        "Tax Rate For Calcs": NaN,
        "Normalized EBITDA": NaN,
        "Total Unusual Items": 0.0,
        "Total Unusual Items Excluding Goodwill": 0.0,
        "Net Income From Continuing Operation Net Minority Interest": NaN,
        "Reconciled Depreciation": NaN,
        "Reconciled Cost Of Revenue": NaN,
        "EBITDA": NaN,
        "EBIT": NaN,
        "Net Interest Income": NaN,
        "Interest Expense": NaN,
        "Interest Income": NaN,
        "Normalized Income": NaN,
        "Net Income From Continuing And Discontinued Operation": NaN,
        "Total Expenses": NaN,
        "Total Operating Income As Reported": NaN,
        "Diluted Average Shares": NaN,
        "Basic Average Shares": NaN,
        "Diluted EPS": NaN,
        "Basic EPS": NaN,
        "Diluted NI Availto Com Stockholders": NaN,
        "Net Income Common Stockholders": NaN,
        "Net Income": NaN,
        "Minority Interests": NaN,
        "Net Income Including Noncontrolling Interests": NaN,
        "Net Income Continuous Operations": NaN,
        "Tax Provision": NaN,
        "Pretax Income": NaN,
        "Other Income Expense": NaN,
        "Special Income Charges": 0.0,
        "Gain On Sale Of Ppe": 0.0,
        "Gain On Sale Of Security": NaN,
        "Net Non Operating Interest Income Expense": NaN,
        "Total Other Finance Cost": NaN,
        "Interest Expense Non Operating": NaN,
        "Interest Income Non Operating": NaN,
        "Operating Income": NaN,
        "Operating Expense": NaN,
        "Other Operating Expenses": NaN,
        "Selling General And Administration": NaN,
        "General And Administrative Expense": NaN,
        "Other Gand A": NaN,
        "Gross Profit": NaN,
        "Cost Of Revenue": NaN,
        "Total Revenue": NaN,
        "Operating Revenue": NaN
    },
    "2024-06-30": {
        "Tax Effect Of Unusual Items": NaN,
        "Tax Rate For Calcs": NaN,
        "Normalized EBITDA": NaN,
        "Total Unusual Items": 0.0,
        "Total Unusual Items Excluding Goodwill": 0.0,
        "Net Income From Continuing Operation Net Minority Interest": NaN,
        "Reconciled Depreciation": NaN,
        "Reconciled Cost Of Revenue": NaN,
        "EBITDA": NaN,
        "EBIT": NaN,
        "Net Interest Income": NaN,
        "Interest Expense": NaN,
        "Interest Income": NaN,
        "Normalized Income": NaN,
        "Net Income From Continuing And Discontinued Operation": NaN,
        "Total Expenses": NaN,
        "Total Operating Income As Reported": NaN,
        "Diluted Average Shares": NaN,
        "Basic Average Shares": NaN,
        "Diluted EPS": NaN,
        "Basic EPS": NaN,
        "Diluted NI Availto Com Stockholders": NaN,
        "Net Income Common Stockholders": NaN,
        "Net Income": NaN,
        "Minority Interests": NaN,
        "Net Income Including Noncontrolling Interests": NaN,
        "Net Income Continuous Operations": NaN,
        "Tax Provision": NaN,
        "Pretax Income": NaN,
        "Other Income Expense": NaN,
        "Special Income Charges": 0.0,
        "Gain On Sale Of Ppe": 0.0,
        "Gain On Sale Of Security": NaN,
        "Net Non Operating Interest Income Expense": NaN,
        "Total Other Finance Cost": NaN,
        "Interest Expense Non Operating": NaN,
        "Interest Income Non Operating": NaN,
        "Operating Income": NaN,
        "Operating Expense": NaN,
        "Other Operating Expenses": NaN,
        "Selling General And Administration": NaN,
        "General And Administrative Expense": NaN,
        "Other Gand A": NaN,
        "Gross Profit": NaN,
        "Cost Of Revenue": NaN,
        "Total Revenue": NaN,
        "Operating Revenue": NaN
    },
    "2024-09-30": {
        "Tax Effect Of Unusual Items": 0.0,
        "Tax Rate For Calcs": 0.00224,
        "Normalized EBITDA": 70721000.0,
        "Total Unusual Items": NaN,
        "Total Unusual Items Excluding Goodwill": NaN,
        "Net Income From Continuing Operation Net Minority Interest": 35206000.0,
        "Reconciled Depreciation": 28135000.0,
        "Reconciled Cost Of Revenue": 95667000.0,
        "EBITDA": 70721000.0,
        "EBIT": 42586000.0,
        "Net Interest Income": -7002000.0,
        "Interest Expense": 7318000.0,
        "Interest Income": 1035000.0,
        "Normalized Income": 35206000.0,
        "Net Income From Continuing And Discontinued Operation": 35206000.0,
        "Total Expenses": 99836000.0,
        "Total Operating Income As Reported": 42270000.0,
        "Diluted Average Shares": 161553185.0,
        "Basic Average Shares": 161464487.0,
        "Diluted EPS": 0.22,
        "Basic EPS": 0.22,
        "Diluted NI Availto Com Stockholders": 35206000.0,
        "Net Income Common Stockholders": 35206000.0,
        "Net Income": 35206000.0,
        "Minority Interests": 17000.0,
        "Net Income Including Noncontrolling Interests": 35189000.0,
        "Net Income Continuous Operations": 35189000.0,
        "Tax Provision": 79000.0,
        "Pretax Income": 35268000.0,
        "Other Income Expense": NaN,
        "Special Income Charges": NaN,
        "Gain On Sale Of Ppe": NaN,
        "Gain On Sale Of Security": NaN,
        "Net Non Operating Interest Income Expense": -7002000.0,
        "Total Other Finance Cost": 719000.0,
        "Interest Expense Non Operating": 7318000.0,
        "Interest Income Non Operating": 1035000.0,
        "Operating Income": 42271000.0,
        "Operating Expense": 4169000.0,
        "Other Operating Expenses": NaN,
        "Selling General And Administration": 4169000.0,
        "General And Administrative Expense": 4169000.0,
        "Other Gand A": 4169000.0,
        "Gross Profit": 46440000.0,
        "Cost Of Revenue": 95667000.0,
        "Total Revenue": 142107000.0,
        "Operating Revenue": 141125000.0
    },
    "2024-12-31": {
        "Tax Effect Of Unusual Items": 0.0,
        "Tax Rate For Calcs": 0.003533,
        "Normalized EBITDA": 88910000.0,
        "Total Unusual Items": NaN,
        "Total Unusual Items Excluding Goodwill": NaN,
        "Net Income From Continuing Operation Net Minority Interest": 54935000.0,
        "Reconciled Depreciation": 27620000.0,
        "Reconciled Cost Of Revenue": 92833000.0,
        "EBITDA": 88910000.0,
        "EBIT": 61290000.0,
        "Net Interest Income": -5972000.0,
        "Interest Expense": 6384000.0,
        "Interest Income": 857000.0,
        "Normalized Income": 54935000.0,
        "Net Income From Continuing And Discontinued Operation": 54935000.0,
        "Total Expenses": 98423000.0,
        "Total Operating Income As Reported": 60877000.0,
        "Diluted Average Shares": 161347445.0,
        "Basic Average Shares": 161272556.0,
        "Diluted EPS": 0.34,
        "Basic EPS": 0.34,
        "Diluted NI Availto Com Stockholders": 54935000.0,
        "Net Income Common Stockholders": 54935000.0,
        "Net Income": 54935000.0,
        "Minority Interests": 224000.0,
        "Net Income Including Noncontrolling Interests": 54712000.0,
        "Net Income Continuous Operations": 54712000.0,
        "Tax Provision": 194000.0,
        "Pretax Income": 54906000.0,
        "Other Income Expense": NaN,
        "Special Income Charges": NaN,
        "Gain On Sale Of Ppe": NaN,
        "Gain On Sale Of Security": NaN,
        "Net Non Operating Interest Income Expense": -5972000.0,
        "Total Other Finance Cost": 445000.0,
        "Interest Expense Non Operating": 6384000.0,
        "Interest Income Non Operating": 857000.0,
        "Operating Income": 32968000.0,
        "Operating Expense": 5590000.0,
        "Other Operating Expenses": NaN,
        "Selling General And Administration": 5590000.0,
        "General And Administrative Expense": 5590000.0,
        "Other Gand A": -7539000.0,
        "Gross Profit": 38558000.0,
        "Cost Of Revenue": 92833000.0,
        "Total Revenue": 131391000.0,
        "Operating Revenue": 130768000.0
    },
    "2025-03-31": {
        "Tax Effect Of Unusual Items": 37674.861221,
        "Tax Rate For Calcs": 0.001903,
        "Normalized EBITDA": 56716000.0,
        "Total Unusual Items": 19795000.0,
        "Total Unusual Items Excluding Goodwill": 19795000.0,
        "Net Income From Continuing Operation Net Minority Interest": 44122000.0,
        "Reconciled Depreciation": 27270000.0,
        "Reconciled Cost Of Revenue": 83926000.0,
        "EBITDA": 76511000.0,
        "EBIT": 49241000.0,
        "Net Interest Income": -4760000.0,
        "Interest Expense": 5106000.0,
        "Interest Income": 793000.0,
        "Normalized Income": 24364674.861221,
        "Net Income From Continuing And Discontinued Operation": 44122000.0,
        "Total Expenses": 89474000.0,
        "Total Operating Income As Reported": 48895000.0,
        "Diluted Average Shares": 160558807.0,
        "Basic Average Shares": 160495965.0,
        "Diluted EPS": 0.27,
        "Basic EPS": 0.27,
        "Diluted NI Availto Com Stockholders": 44122000.0,
        "Net Income Common Stockholders": 44122000.0,
        "Net Income": 44122000.0,
        "Minority Interests": 71000.0,
        "Net Income Including Noncontrolling Interests": 44051000.0,
        "Net Income Continuous Operations": 44051000.0,
        "Tax Provision": 84000.0,
        "Pretax Income": 44135000.0,
        "Other Income Expense": 19795000.0,
        "Special Income Charges": 19795000.0,
        "Gain On Sale Of Ppe": 19795000.0,
        "Gain On Sale Of Security": NaN,
        "Net Non Operating Interest Income Expense": -4760000.0,
        "Total Other Finance Cost": 447000.0,
        "Interest Expense Non Operating": 5106000.0,
        "Interest Income Non Operating": 793000.0,
        "Operating Income": 29100000.0,
        "Operating Expense": 5548000.0,
        "Other Operating Expenses": NaN,
        "Selling General And Administration": 5548000.0,
        "General And Administrative Expense": 5548000.0,
        "Other Gand A": 5548000.0,
        "Gross Profit": 34648000.0,
        "Cost Of Revenue": 83926000.0,
        "Total Revenue": 118574000.0,
        "Operating Revenue": 118165000.0
    },
    "2025-06-30": {
        "Tax Effect Of Unusual Items": 9031.430049,
        "Tax Rate For Calcs": 0.000517,
        "Normalized EBITDA": 68927000.0,
        "Total Unusual Items": 17459000.0,
        "Total Unusual Items Excluding Goodwill": 17459000.0,
        "Net Income From Continuing Operation Net Minority Interest": 56099000.0,
        "Reconciled Depreciation": 26139000.0,
        "Reconciled Cost Of Revenue": 80875000.0,
        "EBITDA": 86386000.0,
        "EBIT": 60247000.0,
        "Net Interest Income": -4251000.0,
        "Interest Expense": 4186000.0,
        "Interest Income": 820000.0,
        "Normalized Income": 38649031.430049,
        "Net Income From Continuing And Discontinued Operation": 56099000.0,
        "Total Expenses": 85462000.0,
        "Total Operating Income As Reported": 60312000.0,
        "Diluted Average Shares": 160725972.0,
        "Basic Average Shares": 160661512.0,
        "Diluted EPS": 0.35,
        "Basic EPS": 0.35,
        "Diluted NI Availto Com Stockholders": 56099000.0,
        "Net Income Common Stockholders": 56099000.0,
        "Net Income": 56099000.0,
        "Minority Interests": 67000.0,
        "Net Income Including Noncontrolling Interests": 56032000.0,
        "Net Income Continuous Operations": 56032000.0,
        "Tax Provision": 29000.0,
        "Pretax Income": 56061000.0,
        "Other Income Expense": 17459000.0,
        "Special Income Charges": 17459000.0,
        "Gain On Sale Of Ppe": 17459000.0,
        "Gain On Sale Of Security": NaN,
        "Net Non Operating Interest Income Expense": -4251000.0,
        "Total Other Finance Cost": 885000.0,
        "Interest Expense Non Operating": 4186000.0,
        "Interest Income Non Operating": 820000.0,
        "Operating Income": 42854000.0,
        "Operating Expense": 4587000.0,
        "Other Operating Expenses": NaN,
        "Selling General And Administration": 4587000.0,
        "General And Administrative Expense": 4587000.0,
        "Other Gand A": 4587000.0,
        "Gross Profit": 47441000.0,
        "Cost Of Revenue": 80875000.0,
        "Total Revenue": 128316000.0,
        "Operating Revenue": 127950000.0
    },
    "2025-09-30": {
        "Tax Effect Of Unusual Items": 31762.261125,
        "Tax Rate For Calcs": 0.002071,
        "Normalized EBITDA": 58119000.0,
        "Total Unusual Items": 15334000.0,
        "Total Unusual Items Excluding Goodwill": 15334000.0,
        "Net Income From Continuing Operation Net Minority Interest": 44803000.0,
        "Reconciled Depreciation": 25969000.0,
        "Reconciled Cost Of Revenue": 72452000.0,
        "EBITDA": 73453000.0,
        "EBIT": 47484000.0,
        "Net Interest Income": -2170000.0,
        "Interest Expense": 2586000.0,
        "Interest Income": 936000.0,
        "Normalized Income": 29500762.261125,
        "Net Income From Continuing And Discontinued Operation": 44803000.0,
        "Total Expenses": 75614000.0,
        "Total Operating Income As Reported": 47422000.0,
        "Diluted Average Shares": 160885603.0,
        "Basic Average Shares": 160799407.0,
        "Diluted EPS": 0.28,
        "Basic EPS": 0.28,
        "Diluted NI Availto Com Stockholders": 44803000.0,
        "Net Income Common Stockholders": 44803000.0,
        "Net Income": 44803000.0,
        "Minority Interests": -2000.0,
        "Net Income Including Noncontrolling Interests": 44805000.0,
        "Net Income Continuous Operations": 44805000.0,
        "Tax Provision": 93000.0,
        "Pretax Income": 44898000.0,
        "Other Income Expense": 15334000.0,
        "Special Income Charges": 15688000.0,
        "Gain On Sale Of Ppe": 15688000.0,
        "Gain On Sale Of Security": -354000.0,
        "Net Non Operating Interest Income Expense": -2170000.0,
        "Total Other Finance Cost": 520000.0,
        "Interest Expense Non Operating": 2586000.0,
        "Interest Income Non Operating": 936000.0,
        "Operating Income": 31734000.0,
        "Operating Expense": 3162000.0,
        "Other Operating Expenses": -970000.0,
        "Selling General And Administration": 4132000.0,
        "General And Administrative Expense": 4132000.0,
        "Other Gand A": 4132000.0,
        "Gross Profit": 34896000.0,
        "Cost Of Revenue": 72452000.0,
        "Total Revenue": 107348000.0,
        "Operating Revenue": 107151000.0
    }
}