{
    "2023-03-31": {
        "Tax Effect Of Unusual Items": 0.0,
        "Tax Rate For Calcs": 0.21,
        "Normalized EBITDA": 4917000.0,
        "Total Unusual Items": 0.0,
        "Total Unusual Items Excluding Goodwill": 0.0,
        "Net Income From Continuing Operation Net Minority Interest": 460000.0,
        "Reconciled Depreciation": 4173000.0,
        "Reconciled Cost Of Revenue": 4912000.0,
        "EBITDA": 4917000.0,
        "EBIT": 744000.0,
        "Net Interest Income": -798000.0,
        "Interest Expense": 798000.0,
        "Normalized Income": 460000.0,
        "Net Income From Continuing And Discontinued Operation": 460000.0,
        "Total Expenses": 38047000.0,
        "Total Operating Income As Reported": 573000.0,
        "Diluted Average Shares": 45240000.0,
        "Basic Average Shares": 43886000.0,
        "Diluted EPS": 0.01,
        "Basic EPS": 0.01,
        "Diluted NI Availto Com Stockholders": 460000.0,
        "Net Income Common Stockholders": 460000.0,
        "Net Income": 460000.0,
        "Net Income Including Noncontrolling Interests": 460000.0,
        "Net Income Discontinuous Operations": NaN,
        "Net Income Continuous Operations": 460000.0,
        "Tax Provision": -514000.0,
        "Pretax Income": -54000.0,
        "Other Income Expense": 171000.0,
        "Special Income Charges": 0.0,
        "Write Off": 0.0,
        "Impairment Of Capital Assets": NaN,
        "Restructuring And Mergern Acquisition": NaN,
        "Earnings From Equity Interest": 171000.0,
        "Gain On Sale Of Security": NaN,
        "Net Non Operating Interest Income Expense": -798000.0,
        "Interest Expense Non Operating": 798000.0,
        "Operating Income": 573000.0,
        "Operating Expense": 33135000.0,
        "Depreciation Amortization Depletion Income Statement": 4173000.0,
        "Depreciation And Amortization In Income Statement": 4173000.0,
        "Depreciation Income Statement": 4173000.0,
        "Research And Development": 4694000.0,
        "Selling General And Administration": 24268000.0,
        "Selling And Marketing Expense": 16060000.0,
        "General And Administrative Expense": 8208000.0,
        "Other Gand A": 8208000.0,
        "Gross Profit": 33708000.0,
        "Cost Of Revenue": 4912000.0,
        "Total Revenue": 38620000.0,
        "Operating Revenue": 38620000.0
    },
    "2022-12-31": {
        "Tax Effect Of Unusual Items": NaN,
        "Tax Rate For Calcs": NaN,
        "Normalized EBITDA": NaN,
        "Total Unusual Items": NaN,
        "Total Unusual Items Excluding Goodwill": NaN,
        "Net Income From Continuing Operation Net Minority Interest": NaN,
        "Reconciled Depreciation": NaN,
        "Reconciled Cost Of Revenue": NaN,
        "EBITDA": NaN,
        "EBIT": NaN,
        "Net Interest Income": NaN,
        "Interest Expense": NaN,
        "Normalized Income": NaN,
        "Net Income From Continuing And Discontinued Operation": NaN,
        "Total Expenses": NaN,
        "Total Operating Income As Reported": NaN,
        "Diluted Average Shares": NaN,
        "Basic Average Shares": NaN,
        "Diluted EPS": NaN,
        "Basic EPS": NaN,
        "Diluted NI Availto Com Stockholders": NaN,
        "Net Income Common Stockholders": NaN,
        "Net Income": NaN,
        "Net Income Including Noncontrolling Interests": NaN,
        "Net Income Discontinuous Operations": 0.0,
        "Net Income Continuous Operations": NaN,
        "Tax Provision": NaN,
        "Pretax Income": NaN,
        "Other Income Expense": NaN,
        "Special Income Charges": NaN,
        "Write Off": NaN,
        "Impairment Of Capital Assets": 0.0,
        "Restructuring And Mergern Acquisition": NaN,
        "Earnings From Equity Interest": NaN,
        "Gain On Sale Of Security": 0.0,
        "Net Non Operating Interest Income Expense": NaN,
        "Interest Expense Non Operating": NaN,
        "Operating Income": NaN,
        "Operating Expense": NaN,
        "Depreciation Amortization Depletion Income Statement": NaN,
        "Depreciation And Amortization In Income Statement": NaN,
        "Depreciation Income Statement": NaN,
        "Research And Development": NaN,
        "Selling General And Administration": NaN,
        "Selling And Marketing Expense": NaN,
        "General And Administrative Expense": NaN,
        "Other Gand A": NaN,
        "Gross Profit": NaN,
        "Cost Of Revenue": NaN,
        "Total Revenue": NaN,
        "Operating Revenue": NaN
    },
    "2022-09-30": {
        "Tax Effect Of Unusual Items": NaN,
        "Tax Rate For Calcs": NaN,
        "Normalized EBITDA": NaN,
        "Total Unusual Items": NaN,
        "Total Unusual Items Excluding Goodwill": NaN,
        "Net Income From Continuing Operation Net Minority Interest": NaN,
        "Reconciled Depreciation": NaN,
        "Reconciled Cost Of Revenue": NaN,
        "EBITDA": NaN,
        "EBIT": NaN,
        "Net Interest Income": NaN,
        "Interest Expense": NaN,
        "Normalized Income": NaN,
        "Net Income From Continuing And Discontinued Operation": NaN,
        "Total Expenses": NaN,
        "Total Operating Income As Reported": NaN,
        "Diluted Average Shares": NaN,
        "Basic Average Shares": NaN,
        "Diluted EPS": NaN,
        "Basic EPS": NaN,
        "Diluted NI Availto Com Stockholders": NaN,
        "Net Income Common Stockholders": NaN,
        "Net Income": NaN,
        "Net Income Including Noncontrolling Interests": NaN,
        "Net Income Discontinuous Operations": 0.0,
        "Net Income Continuous Operations": NaN,
        "Tax Provision": NaN,
        "Pretax Income": NaN,
        "Other Income Expense": NaN,
        "Special Income Charges": NaN,
        "Write Off": NaN,
        "Impairment Of Capital Assets": 0.0,
        "Restructuring And Mergern Acquisition": 0.0,
        "Earnings From Equity Interest": NaN,
        "Gain On Sale Of Security": NaN,
        "Net Non Operating Interest Income Expense": NaN,
        "Interest Expense Non Operating": NaN,
        "Operating Income": NaN,
        "Operating Expense": NaN,
        "Depreciation Amortization Depletion Income Statement": NaN,
        "Depreciation And Amortization In Income Statement": NaN,
        "Depreciation Income Statement": NaN,
        "Research And Development": NaN,
        "Selling General And Administration": NaN,
        "Selling And Marketing Expense": NaN,
        "General And Administrative Expense": NaN,
        "Other Gand A": NaN,
        "Gross Profit": NaN,
        "Cost Of Revenue": NaN,
        "Total Revenue": NaN,
        "Operating Revenue": NaN
    },
    "2022-06-30": {
        "Tax Effect Of Unusual Items": 128000.0,
        "Tax Rate For Calcs": 0.4,
        "Normalized EBITDA": 5494000.0,
        "Total Unusual Items": 320000.0,
        "Total Unusual Items Excluding Goodwill": 320000.0,
        "Net Income From Continuing Operation Net Minority Interest": 1450000.0,
        "Reconciled Depreciation": 4228000.0,
        "Reconciled Cost Of Revenue": 4181000.0,
        "EBITDA": 5814000.0,
        "EBIT": 1586000.0,
        "Net Interest Income": -298000.0,
        "Interest Expense": 298000.0,
        "Normalized Income": 1258000.0,
        "Net Income From Continuing And Discontinued Operation": 1450000.0,
        "Total Expenses": 36152000.0,
        "Total Operating Income As Reported": 905000.0,
        "Diluted Average Shares": 46961000.0,
        "Basic Average Shares": 44682000.0,
        "Diluted EPS": 0.03,
        "Basic EPS": 0.03,
        "Diluted NI Availto Com Stockholders": 1450000.0,
        "Net Income Common Stockholders": 1450000.0,
        "Net Income": 1450000.0,
        "Net Income Including Noncontrolling Interests": 1450000.0,
        "Net Income Discontinuous Operations": 0.0,
        "Net Income Continuous Operations": 1450000.0,
        "Tax Provision": -162000.0,
        "Pretax Income": 1288000.0,
        "Other Income Expense": 681000.0,
        "Special Income Charges": NaN,
        "Other Special Charges": NaN,
        "Write Off": NaN,
        "Impairment Of Capital Assets": NaN,
        "Restructuring And Mergern Acquisition": NaN,
        "Earnings From Equity Interest": 361000.0,
        "Gain On Sale Of Security": 320000.0,
        "Net Non Operating Interest Income Expense": -298000.0,
        "Interest Expense Non Operating": 298000.0,
        "Operating Income": 905000.0,
        "Operating Expense": 31971000.0,
        "Depreciation Amortization Depletion Income Statement": 4228000.0,
        "Depreciation And Amortization In Income Statement": 4228000.0,
        "Depreciation Income Statement": 4228000.0,
        "Research And Development": 4360000.0,
        "Selling General And Administration": 23383000.0,
        "Selling And Marketing Expense": 14274000.0,
        "General And Administrative Expense": 9109000.0,
        "Other Gand A": 9109000.0,
        "Gross Profit": 32876000.0,
        "Cost Of Revenue": 4181000.0,
        "Total Revenue": 37057000.0,
        "Operating Revenue": 37057000.0
    },
    "2023-06-30": {
        "Tax Effect Of Unusual Items": NaN,
        "Tax Rate For Calcs": NaN,
        "Normalized EBITDA": NaN,
        "Total Unusual Items": NaN,
        "Total Unusual Items Excluding Goodwill": NaN,
        "Net Income From Continuing Operation Net Minority Interest": NaN,
        "Reconciled Depreciation": NaN,
        "Reconciled Cost Of Revenue": NaN,
        "EBITDA": NaN,
        "EBIT": NaN,
        "Net Interest Income": NaN,
        "Interest Expense": NaN,
        "Normalized Income": NaN,
        "Net Income From Continuing And Discontinued Operation": NaN,
        "Total Expenses": NaN,
        "Total Operating Income As Reported": NaN,
        "Diluted Average Shares": NaN,
        "Basic Average Shares": NaN,
        "Diluted EPS": NaN,
        "Basic EPS": NaN,
        "Diluted NI Availto Com Stockholders": NaN,
        "Net Income Common Stockholders": NaN,
        "Net Income": NaN,
        "Net Income Including Noncontrolling Interests": NaN,
        "Net Income Continuous Operations": NaN,
        "Tax Provision": NaN,
        "Pretax Income": NaN,
        "Other Income Expense": NaN,
        "Special Income Charges": NaN,
        "Write Off": NaN,
        "Restructuring And Mergern Acquisition": 2115000.0,
        "Earnings From Equity Interest": NaN,
        "Gain On Sale Of Security": NaN,
        "Net Non Operating Interest Income Expense": NaN,
        "Interest Expense Non Operating": NaN,
        "Operating Income": NaN,
        "Operating Expense": NaN,
        "Depreciation Amortization Depletion Income Statement": NaN,
        "Depreciation And Amortization In Income Statement": NaN,
        "Depreciation Income Statement": NaN,
        "Research And Development": NaN,
        "Selling General And Administration": NaN,
        "Selling And Marketing Expense": NaN,
        "General And Administrative Expense": NaN,
        "Other Gand A": NaN,
        "Gross Profit": NaN,
        "Cost Of Revenue": NaN,
        "Total Revenue": NaN,
        "Operating Revenue": NaN
    },
    "2022-03-31": {
        "Diluted EPS": 0.03,
        "Total Revenue": 34,
        "Gross Profit": 30,
        "Operating Income": 1,
        "EBIT": 5,
        "Net Income": 1
    },
    "2021-12-31": {
        "Diluted EPS": 0.0,
        "Total Revenue": 34,
        "Gross Profit": 30,
        "Operating Income": 0,
        "EBIT": 5,
        "Net Income": 0
    },
    "2021-09-30": {
        "Diluted EPS": -0.05,
        "Total Revenue": 31,
        "Gross Profit": 27,
        "Operating Income": -2,
        "EBIT": 2,
        "Net Income": -2
    },
    "2021-06-30": {
        "Diluted EPS": -0.64,
        "Total Revenue": 29,
        "Gross Profit": 25,
        "Operating Income": 0,
        "EBIT": 5,
        "Net Income": -30
    },
    "2021-03-31": {
        "Diluted EPS": 0.05,
        "Total Revenue": 27,
        "Gross Profit": 23,
        "Operating Income": 0,
        "EBIT": 4,
        "Net Income": 3
    },
    "2020-12-31": {
        "Diluted EPS": 0.04,
        "Total Revenue": 20,
        "Gross Profit": 17,
        "Operating Income": 0,
        "EBIT": 3,
        "Net Income": 2
    },
    "2020-09-30": {
        "Diluted EPS": -0.57,
        "Total Revenue": 27,
        "Gross Profit": 24,
        "Operating Income": -28,
        "EBIT": -2,
        "Net Income": -27
    },
    "2020-06-30": {
        "Diluted EPS": 0.04,
        "Total Revenue": 28,
        "Gross Profit": 24,
        "Operating Income": 2,
        "EBIT": 5,
        "Net Income": 2
    },
    "2020-03-31": {
        "Diluted EPS": -0.13,
        "Total Revenue": 37,
        "Gross Profit": 32,
        "Operating Income": -5,
        "EBIT": -2,
        "Net Income": -7
    },
    "2019-12-31": {
        "Diluted EPS": 0.07,
        "Total Revenue": 6,
        "Gross Profit": 4,
        "Operating Income": -3,
        "EBIT": 0,
        "Net Income": 4
    },
    "2019-09-30": {
        "Diluted EPS": 0.08,
        "Total Revenue": 37,
        "Gross Profit": 33,
        "Operating Income": 5,
        "EBIT": 8,
        "Net Income": 4
    },
    "2019-06-30": {
        "Diluted EPS": 0.06,
        "Total Revenue": 37,
        "Gross Profit": 33,
        "Operating Income": 4,
        "EBIT": 6,
        "Net Income": 3
    },
    "2019-03-31": {
        "Diluted EPS": 0.03,
        "Total Revenue": 37,
        "Gross Profit": 33,
        "Operating Income": 4,
        "EBIT": 6,
        "Net Income": 2
    },
    "2018-12-31": {
        "Diluted EPS": 0.05,
        "Total Revenue": 38,
        "Gross Profit": 34,
        "Operating Income": 2,
        "EBIT": 5,
        "Net Income": 3
    },
    "2018-09-30": {
        "Diluted EPS": 0.02,
        "Total Revenue": 39,
        "Gross Profit": 34,
        "Operating Income": 1,
        "EBIT": 4,
        "Net Income": 1
    },
    "2018-06-30": {
        "Diluted EPS": -0.0,
        "Total Revenue": 42,
        "Gross Profit": 37,
        "Operating Income": 1,
        "EBIT": 4,
        "Net Income": 0
    },
    "2018-03-31": {
        "Diluted EPS": 0.07,
        "Total Revenue": 43,
        "Gross Profit": 38,
        "Operating Income": 7,
        "EBIT": 9,
        "Net Income": 4
    },
    "2017-12-31": {
        "Diluted EPS": 0.24,
        "Total Revenue": 51,
        "Gross Profit": 44,
        "Operating Income": 12,
        "EBIT": 15,
        "Net Income": 12
    },
    "2017-09-30": {
        "Diluted EPS": 0.02,
        "Total Revenue": 52,
        "Gross Profit": 45,
        "Operating Income": 3,
        "EBIT": 6,
        "Net Income": 1
    },
    "2017-06-30": {
        "Diluted EPS": 0.04,
        "Total Revenue": 52,
        "Gross Profit": 45,
        "Operating Income": 4,
        "EBIT": 7,
        "Net Income": 2
    },
    "2017-03-31": {
        "Diluted EPS": 0.03,
        "Total Revenue": 52,
        "Gross Profit": 45,
        "Operating Income": 4,
        "EBIT": 7,
        "Net Income": 1
    },
    "2016-12-31": {
        "Diluted EPS": 0.12,
        "Total Revenue": 55,
        "Gross Profit": 47,
        "Operating Income": 8,
        "EBIT": 11,
        "Net Income": 5
    },
    "2016-09-30": {
        "Diluted EPS": -0.35,
        "Total Revenue": 56,
        "Gross Profit": 48,
        "Operating Income": -16,
        "EBIT": 3,
        "Net Income": -17
    },
    "2016-06-30": {
        "Diluted EPS": 0.1,
        "Total Revenue": 58,
        "Gross Profit": 50,
        "Operating Income": 8,
        "EBIT": 13,
        "Net Income": 5
    },
    "2016-03-31": {
        "Diluted EPS": 0.02,
        "Total Revenue": 58,
        "Gross Profit": 50,
        "Operating Income": 3,
        "EBIT": 8,
        "Net Income": 1
    },
    "2015-12-31": {
        "Diluted EPS": -0.53,
        "Total Revenue": 65,
        "Gross Profit": 55,
        "Operating Income": -24,
        "EBIT": 16,
        "Net Income": -28
    },
    "2015-09-30": {
        "Diluted EPS": 0.12,
        "Total Revenue": 65,
        "Gross Profit": 55,
        "Operating Income": 11,
        "EBIT": 17,
        "Net Income": 7
    },
    "2015-06-30": {
        "Diluted EPS": 0.11,
        "Total Revenue": 66,
        "Gross Profit": 56,
        "Operating Income": 11,
        "EBIT": 17,
        "Net Income": 6
    },
    "2015-03-31": {
        "Diluted EPS": 0.09,
        "Total Revenue": 64,
        "Gross Profit": 54,
        "Operating Income": 9,
        "EBIT": 15,
        "Net Income": 5
    },
    "2014-12-31": {
        "Diluted EPS": 0.12,
        "Total Revenue": 68,
        "Gross Profit": 58,
        "Operating Income": 12,
        "EBIT": 18,
        "Net Income": 7
    },
    "2014-09-30": {
        "Diluted EPS": 0.18,
        "Total Revenue": 68,
        "Gross Profit": 58,
        "Operating Income": 13,
        "EBIT": 20,
        "Net Income": 9
    },
    "2014-06-30": {
        "Diluted EPS": 0.13,
        "Total Revenue": 67,
        "Gross Profit": 57,
        "Operating Income": 13,
        "EBIT": 20,
        "Net Income": 7
    },
    "2014-03-31": {
        "Diluted EPS": 0.08,
        "Total Revenue": 61,
        "Gross Profit": 52,
        "Operating Income": 8,
        "EBIT": 15,
        "Net Income": 4
    },
    "2013-12-31": {
        "Diluted EPS": -0.1,
        "Total Revenue": 58,
        "Gross Profit": 52,
        "Operating Income": -6,
        "EBIT": 8,
        "Net Income": -6
    },
    "2013-09-30": {
        "Diluted EPS": 0.12,
        "Total Revenue": 53,
        "Gross Profit": 47,
        "Operating Income": 12,
        "EBIT": 16,
        "Net Income": 7
    },
    "2013-06-30": {
        "Diluted EPS": 0.13,
        "Total Revenue": 52,
        "Gross Profit": 46,
        "Operating Income": 13,
        "EBIT": 16,
        "Net Income": 8
    },
    "2013-03-31": {
        "Diluted EPS": 0.12,
        "Total Revenue": 50,
        "Gross Profit": 45,
        "Operating Income": 11,
        "EBIT": 15,
        "Net Income": 7
    },
    "2012-12-31": {
        "Diluted EPS": 0.15,
        "Total Revenue": 53,
        "Gross Profit": 48,
        "Operating Income": 15,
        "EBIT": 17,
        "Net Income": 9
    },
    "2012-09-30": {
        "Diluted EPS": 0.17,
        "Total Revenue": 48,
        "Gross Profit": 44,
        "Operating Income": 15,
        "EBIT": 18,
        "Net Income": 11
    },
    "2012-06-30": {
        "Diluted EPS": 0.14,
        "Total Revenue": 48,
        "Gross Profit": 45,
        "Operating Income": 16,
        "EBIT": 20,
        "Net Income": 9
    },
    "2012-03-31": {
        "Diluted EPS": 0.13,
        "Total Revenue": 46,
        "Gross Profit": 43,
        "Operating Income": 14,
        "EBIT": 17,
        "Net Income": 9
    },
    "2011-12-31": {
        "Diluted EPS": 0.16,
        "Total Revenue": 47,
        "Gross Profit": 44,
        "Operating Income": 17,
        "EBIT": 21,
        "Net Income": 10
    },
    "2011-09-30": {
        "Diluted EPS": 0.13,
        "Total Revenue": 47,
        "Gross Profit": 43,
        "Operating Income": 15,
        "EBIT": 19,
        "Net Income": 9
    },
    "2011-06-30": {
        "Diluted EPS": 0.11,
        "Total Revenue": 45,
        "Gross Profit": 41,
        "Operating Income": 12,
        "EBIT": 16,
        "Net Income": 8
    },
    "2011-03-31": {
        "Diluted EPS": 0.09,
        "Total Revenue": 40,
        "Gross Profit": 37,
        "Operating Income": 11,
        "EBIT": 14,
        "Net Income": 7
    },
    "2010-12-31": {
        "Diluted EPS": 0.09,
        "Total Revenue": 38,
        "Gross Profit": 35,
        "Operating Income": 11,
        "EBIT": 15,
        "Net Income": 6
    },
    "2010-09-30": {
        "Diluted EPS": 0.09,
        "Total Revenue": 34,
        "Gross Profit": 32,
        "Operating Income": 9,
        "EBIT": 13,
        "Net Income": 6
    },
    "2010-06-30": {
        "Diluted EPS": 0.05,
        "Total Revenue": 30,
        "Gross Profit": 28,
        "Operating Income": 6,
        "EBIT": 11,
        "Net Income": 4
    },
    "2010-03-31": {
        "Diluted EPS": 0.05,
        "Total Revenue": 27,
        "Gross Profit": 25,
        "Operating Income": 6,
        "EBIT": 10,
        "Net Income": 3
    },
    "2009-12-31": {
        "Diluted EPS": 0.05,
        "Total Revenue": 27,
        "Gross Profit": 25,
        "Operating Income": 7,
        "EBIT": 11,
        "Net Income": 4
    },
    "2009-09-30": {
        "Diluted EPS": 0.05,
        "Total Revenue": 27,
        "Gross Profit": 25,
        "Operating Income": 6,
        "EBIT": 11,
        "Net Income": 3
    },
    "2009-06-30": {
        "Diluted EPS": 0.04,
        "Total Revenue": 27,
        "Gross Profit": 25,
        "Operating Income": 6,
        "EBIT": 11,
        "Net Income": 3
    },
    "2009-03-31": {
        "Diluted EPS": 0.06,
        "Total Revenue": 30,
        "Gross Profit": 28,
        "Operating Income": 8,
        "EBIT": 13,
        "Net Income": 4
    },
    "2023-09-30": {
        "Tax Effect Of Unusual Items": NaN,
        "Tax Rate For Calcs": NaN,
        "Normalized EBITDA": NaN,
        "Total Unusual Items": NaN,
        "Total Unusual Items Excluding Goodwill": NaN,
        "Net Income From Continuing Operation Net Minority Interest": NaN,
        "Reconciled Depreciation": NaN,
        "Reconciled Cost Of Revenue": NaN,
        "EBITDA": NaN,
        "EBIT": NaN,
        "Net Interest Income": NaN,
        "Interest Expense": NaN,
        "Normalized Income": NaN,
        "Net Income From Continuing And Discontinued Operation": NaN,
        "Total Expenses": NaN,
        "Total Operating Income As Reported": NaN,
        "Diluted Average Shares": NaN,
        "Basic Average Shares": NaN,
        "Diluted EPS": NaN,
        "Basic EPS": NaN,
        "Diluted NI Availto Com Stockholders": NaN,
        "Net Income Common Stockholders": NaN,
        "Net Income": NaN,
        "Net Income Including Noncontrolling Interests": NaN,
        "Net Income Continuous Operations": NaN,
        "Tax Provision": NaN,
        "Pretax Income": NaN,
        "Other Income Expense": NaN,
        "Special Income Charges": NaN,
        "Write Off": NaN,
        "Impairment Of Capital Assets": NaN,
        "Restructuring And Mergern Acquisition": NaN,
        "Earnings From Equity Interest": NaN,
        "Gain On Sale Of Security": 614000.0,
        "Net Non Operating Interest Income Expense": NaN,
        "Interest Expense Non Operating": NaN,
        "Operating Income": NaN,
        "Operating Expense": NaN,
        "Depreciation Amortization Depletion Income Statement": NaN,
        "Depreciation And Amortization In Income Statement": NaN,
        "Depreciation Income Statement": NaN,
        "Research And Development": NaN,
        "Selling General And Administration": NaN,
        "Selling And Marketing Expense": NaN,
        "General And Administrative Expense": NaN,
        "Other Gand A": NaN,
        "Gross Profit": NaN,
        "Cost Of Revenue": NaN,
        "Total Revenue": NaN,
        "Operating Revenue": NaN
    },
    "2023-12-31": {
        "Tax Effect Of Unusual Items": NaN,
        "Tax Rate For Calcs": NaN,
        "Normalized EBITDA": NaN,
        "Total Unusual Items": NaN,
        "Total Unusual Items Excluding Goodwill": NaN,
        "Net Income From Continuing Operation Net Minority Interest": NaN,
        "Reconciled Depreciation": NaN,
        "Reconciled Cost Of Revenue": NaN,
        "EBITDA": NaN,
        "EBIT": NaN,
        "Net Interest Income": NaN,
        "Interest Expense": NaN,
        "Normalized Income": NaN,
        "Net Income From Continuing And Discontinued Operation": NaN,
        "Total Expenses": NaN,
        "Total Operating Income As Reported": NaN,
        "Diluted Average Shares": NaN,
        "Basic Average Shares": NaN,
        "Diluted EPS": NaN,
        "Basic EPS": NaN,
        "Diluted NI Availto Com Stockholders": NaN,
        "Net Income Common Stockholders": NaN,
        "Net Income": NaN,
        "Net Income Including Noncontrolling Interests": NaN,
        "Net Income Continuous Operations": NaN,
        "Tax Provision": NaN,
        "Pretax Income": NaN,
        "Other Income Expense": NaN,
        "Special Income Charges": NaN,
        "Write Off": NaN,
        "Impairment Of Capital Assets": NaN,
        "Restructuring And Mergern Acquisition": NaN,
        "Earnings From Equity Interest": NaN,
        "Gain On Sale Of Security": 0.0,
        "Net Non Operating Interest Income Expense": NaN,
        "Interest Expense Non Operating": NaN,
        "Operating Income": NaN,
        "Operating Expense": NaN,
        "Depreciation Amortization Depletion Income Statement": NaN,
        "Depreciation And Amortization In Income Statement": NaN,
        "Depreciation Income Statement": NaN,
        "Research And Development": NaN,
        "Selling General And Administration": NaN,
        "Selling And Marketing Expense": NaN,
        "General And Administrative Expense": NaN,
        "Other Gand A": NaN,
        "Gross Profit": NaN,
        "Cost Of Revenue": NaN,
        "Total Revenue": NaN,
        "Operating Revenue": NaN
    },
    "2024-03-31": {
        "Tax Effect Of Unusual Items": -84000.0,
        "Tax Rate For Calcs": 0.21,
        "Normalized EBITDA": 6559000.0,
        "Total Unusual Items": -400000.0,
        "Total Unusual Items Excluding Goodwill": -400000.0,
        "Net Income From Continuing Operation Net Minority Interest": -1512000.0,
        "Reconciled Depreciation": 4456000.0,
        "Reconciled Cost Of Revenue": 4877000.0,
        "EBITDA": 6159000.0,
        "EBIT": 1703000.0,
        "Net Interest Income": -946000.0,
        "Interest Expense": 946000.0,
        "Normalized Income": -1196000.0,
        "Net Income From Continuing And Discontinued Operation": -1512000.0,
        "Total Expenses": 34056000.0,
        "Total Operating Income As Reported": 1969000.0,
        "Diluted Average Shares": 44210000.0,
        "Basic Average Shares": 44210000.0,
        "Diluted EPS": -0.03,
        "Basic EPS": -0.03,
        "Diluted NI Availto Com Stockholders": -1512000.0,
        "Net Income Common Stockholders": -1512000.0,
        "Net Income": -1512000.0,
        "Net Income Including Noncontrolling Interests": -1512000.0,
        "Net Income Continuous Operations": -1512000.0,
        "Tax Provision": 2269000.0,
        "Pretax Income": 757000.0,
        "Other Income Expense": -266000.0,
        "Special Income Charges": -400000.0,
        "Write Off": 400000.0,
        "Impairment Of Capital Assets": 0.0,
        "Restructuring And Mergern Acquisition": 0.0,
        "Earnings From Equity Interest": 134000.0,
        "Gain On Sale Of Security": NaN,
        "Net Non Operating Interest Income Expense": -946000.0,
        "Interest Expense Non Operating": 946000.0,
        "Operating Income": 1969000.0,
        "Operating Expense": 29179000.0,
        "Depreciation Amortization Depletion Income Statement": 4456000.0,
        "Depreciation And Amortization In Income Statement": 4456000.0,
        "Depreciation Income Statement": 4456000.0,
        "Research And Development": 4798000.0,
        "Selling General And Administration": 19925000.0,
        "Selling And Marketing Expense": 12698000.0,
        "General And Administrative Expense": 7227000.0,
        "Other Gand A": 7227000.0,
        "Gross Profit": 31148000.0,
        "Cost Of Revenue": 4877000.0,
        "Total Revenue": 36025000.0,
        "Operating Revenue": 36025000.0
    },
    "2024-06-30": {
        "Tax Effect Of Unusual Items": 0.0,
        "Tax Rate For Calcs": 0.289,
        "Normalized EBITDA": 6757000.0,
        "Total Unusual Items": 0.0,
        "Total Unusual Items Excluding Goodwill": 0.0,
        "Net Income From Continuing Operation Net Minority Interest": 943000.0,
        "Reconciled Depreciation": 4586000.0,
        "Reconciled Cost Of Revenue": 5200000.0,
        "EBITDA": 6757000.0,
        "EBIT": 2171000.0,
        "Net Interest Income": -845000.0,
        "Interest Expense": 845000.0,
        "Normalized Income": 943000.0,
        "Net Income From Continuing And Discontinued Operation": 943000.0,
        "Total Expenses": 33830000.0,
        "Total Operating Income As Reported": 2003000.0,
        "Diluted Average Shares": 45037000.0,
        "Basic Average Shares": 44569000.0,
        "Diluted EPS": 0.02,
        "Basic EPS": 0.02,
        "Diluted NI Availto Com Stockholders": 943000.0,
        "Net Income Common Stockholders": 943000.0,
        "Net Income": 943000.0,
        "Net Income Including Noncontrolling Interests": 943000.0,
        "Net Income Continuous Operations": 943000.0,
        "Tax Provision": 383000.0,
        "Pretax Income": 1326000.0,
        "Other Income Expense": 168000.0,
        "Special Income Charges": 0.0,
        "Write Off": 0.0,
        "Impairment Of Capital Assets": NaN,
        "Restructuring And Mergern Acquisition": 0.0,
        "Earnings From Equity Interest": 168000.0,
        "Gain On Sale Of Security": NaN,
        "Net Non Operating Interest Income Expense": -845000.0,
        "Interest Expense Non Operating": 845000.0,
        "Operating Income": 2003000.0,
        "Operating Expense": 28630000.0,
        "Depreciation Amortization Depletion Income Statement": 4586000.0,
        "Depreciation And Amortization In Income Statement": 4586000.0,
        "Depreciation Income Statement": 4586000.0,
        "Research And Development": 4729000.0,
        "Selling General And Administration": 19315000.0,
        "Selling And Marketing Expense": 12019000.0,
        "General And Administrative Expense": 7296000.0,
        "Other Gand A": 7296000.0,
        "Gross Profit": 30633000.0,
        "Cost Of Revenue": 5200000.0,
        "Total Revenue": 35833000.0,
        "Operating Revenue": 35833000.0
    },
    "2024-09-30": {
        "Tax Effect Of Unusual Items": -233310.0,
        "Tax Rate For Calcs": 0.21,
        "Normalized EBITDA": 6303000.0,
        "Total Unusual Items": -1111000.0,
        "Total Unusual Items Excluding Goodwill": -1111000.0,
        "Net Income From Continuing Operation Net Minority Interest": -200000.0,
        "Reconciled Depreciation": 4542000.0,
        "Reconciled Cost Of Revenue": 5068000.0,
        "EBITDA": 5192000.0,
        "EBIT": 650000.0,
        "Net Interest Income": -755000.0,
        "Interest Expense": 755000.0,
        "Normalized Income": 677690.0,
        "Net Income From Continuing And Discontinued Operation": -200000.0,
        "Total Expenses": 33545000.0,
        "Total Operating Income As Reported": 627000.0,
        "Diluted Average Shares": 44873000.0,
        "Basic Average Shares": 44873000.0,
        "Diluted EPS": -0.004457,
        "Basic EPS": -0.004457,
        "Diluted NI Availto Com Stockholders": -200000.0,
        "Net Income Common Stockholders": -200000.0,
        "Net Income": -200000.0,
        "Net Income Including Noncontrolling Interests": -200000.0,
        "Net Income Continuous Operations": -200000.0,
        "Tax Provision": 95000.0,
        "Pretax Income": -105000.0,
        "Other Income Expense": -1088000.0,
        "Special Income Charges": -1111000.0,
        "Write Off": 0.0,
        "Impairment Of Capital Assets": NaN,
        "Restructuring And Mergern Acquisition": 1111000.0,
        "Earnings From Equity Interest": 23000.0,
        "Gain On Sale Of Security": NaN,
        "Net Non Operating Interest Income Expense": -755000.0,
        "Interest Expense Non Operating": 755000.0,
        "Operating Income": 1738000.0,
        "Operating Expense": 28477000.0,
        "Depreciation Amortization Depletion Income Statement": 4542000.0,
        "Depreciation And Amortization In Income Statement": 4542000.0,
        "Depreciation Income Statement": 4542000.0,
        "Research And Development": 4776000.0,
        "Selling General And Administration": 19159000.0,
        "Selling And Marketing Expense": 11585000.0,
        "General And Administrative Expense": 7574000.0,
        "Other Gand A": 7574000.0,
        "Gross Profit": 30215000.0,
        "Cost Of Revenue": 5068000.0,
        "Total Revenue": 35283000.0,
        "Operating Revenue": 35283000.0
    },
    "2024-12-31": {
        "Tax Effect Of Unusual Items": 0.0,
        "Tax Rate For Calcs": 0.21,
        "Normalized EBITDA": 6014000.0,
        "Total Unusual Items": 0.0,
        "Total Unusual Items Excluding Goodwill": 0.0,
        "Net Income From Continuing Operation Net Minority Interest": 1022000.0,
        "Reconciled Depreciation": 4388000.0,
        "Reconciled Cost Of Revenue": 5087000.0,
        "EBITDA": 6014000.0,
        "EBIT": 1626000.0,
        "Net Interest Income": -654000.0,
        "Interest Expense": 654000.0,
        "Normalized Income": 1022000.0,
        "Net Income From Continuing And Discontinued Operation": 1022000.0,
        "Total Expenses": 33059000.0,
        "Total Operating Income As Reported": 1726000.0,
        "Diluted Average Shares": 45902000.0,
        "Basic Average Shares": 44939000.0,
        "Diluted EPS": 0.02,
        "Basic EPS": 0.02,
        "Diluted NI Availto Com Stockholders": 1022000.0,
        "Net Income Common Stockholders": 1022000.0,
        "Net Income": 1022000.0,
        "Net Income Including Noncontrolling Interests": 1022000.0,
        "Net Income Continuous Operations": 1022000.0,
        "Tax Provision": -50000.0,
        "Pretax Income": 972000.0,
        "Other Income Expense": -100000.0,
        "Special Income Charges": 0.0,
        "Write Off": 0.0,
        "Impairment Of Capital Assets": NaN,
        "Restructuring And Mergern Acquisition": 0.0,
        "Earnings From Equity Interest": -100000.0,
        "Gain On Sale Of Security": NaN,
        "Net Non Operating Interest Income Expense": -654000.0,
        "Interest Expense Non Operating": 654000.0,
        "Operating Income": 1726000.0,
        "Operating Expense": 27972000.0,
        "Depreciation Amortization Depletion Income Statement": 4388000.0,
        "Depreciation And Amortization In Income Statement": 4388000.0,
        "Depreciation Income Statement": 4388000.0,
        "Research And Development": 4580000.0,
        "Selling General And Administration": 19004000.0,
        "Selling And Marketing Expense": 11080000.0,
        "General And Administrative Expense": 7924000.0,
        "Other Gand A": 7924000.0,
        "Gross Profit": 29698000.0,
        "Cost Of Revenue": 5087000.0,
        "Total Revenue": 34785000.0,
        "Operating Revenue": 34785000.0
    },
    "2025-03-31": {
        "Tax Effect Of Unusual Items": -128566.001899,
        "Tax Rate For Calcs": 0.013295,
        "Normalized EBITDA": 4837000.0,
        "Total Unusual Items": -9670000.0,
        "Total Unusual Items Excluding Goodwill": -9670000.0,
        "Net Income From Continuing Operation Net Minority Interest": -9351000.0,
        "Reconciled Depreciation": 3984000.0,
        "Reconciled Cost Of Revenue": 5366000.0,
        "EBITDA": -4833000.0,
        "EBIT": -8817000.0,
        "Net Interest Income": -660000.0,
        "Interest Expense": 660000.0,
        "Normalized Income": 190433.998101,
        "Net Income From Continuing And Discontinued Operation": -9351000.0,
        "Total Expenses": 31512000.0,
        "Total Operating Income As Reported": -8881000.0,
        "Diluted Average Shares": 45505000.0,
        "Basic Average Shares": 45505000.0,
        "Diluted EPS": -0.21,
        "Basic EPS": -0.21,
        "Diluted NI Availto Com Stockholders": -9351000.0,
        "Net Income Common Stockholders": -9351000.0,
        "Net Income": -9351000.0,
        "Net Income Including Noncontrolling Interests": -9351000.0,
        "Net Income Continuous Operations": -9351000.0,
        "Tax Provision": -126000.0,
        "Pretax Income": -9477000.0,
        "Other Income Expense": -9606000.0,
        "Special Income Charges": -9670000.0,
        "Write Off": 0.0,
        "Impairment Of Capital Assets": 7400000.0,
        "Restructuring And Mergern Acquisition": 2270000.0,
        "Earnings From Equity Interest": 64000.0,
        "Gain On Sale Of Security": NaN,
        "Net Non Operating Interest Income Expense": -660000.0,
        "Interest Expense Non Operating": 660000.0,
        "Operating Income": 789000.0,
        "Operating Expense": 26146000.0,
        "Depreciation Amortization Depletion Income Statement": 3984000.0,
        "Depreciation And Amortization In Income Statement": 3984000.0,
        "Depreciation Income Statement": 3984000.0,
        "Research And Development": 3842000.0,
        "Selling General And Administration": 18320000.0,
        "Selling And Marketing Expense": 11123000.0,
        "General And Administrative Expense": 7197000.0,
        "Other Gand A": 7197000.0,
        "Gross Profit": 26935000.0,
        "Cost Of Revenue": 5366000.0,
        "Total Revenue": 32301000.0,
        "Operating Revenue": 32301000.0
    }
}