{
    "2023-03-31": {
        "Tax Effect Of Unusual Items": NaN,
        "Tax Rate For Calcs": NaN,
        "Normalized EBITDA": NaN,
        "Total Unusual Items": NaN,
        "Total Unusual Items Excluding Goodwill": NaN,
        "Net Income From Continuing Operation Net Minority Interest": NaN,
        "Reconciled Depreciation": NaN,
        "Reconciled Cost Of Revenue": NaN,
        "EBITDA": NaN,
        "EBIT": NaN,
        "Net Interest Income": NaN,
        "Interest Expense": 0.0,
        "Interest Income": NaN,
        "Normalized Income": NaN,
        "Net Income From Continuing And Discontinued Operation": NaN,
        "Total Expenses": NaN,
        "Total Operating Income As Reported": NaN,
        "Diluted Average Shares": NaN,
        "Basic Average Shares": NaN,
        "Diluted EPS": NaN,
        "Basic EPS": NaN,
        "Diluted NI Availto Com Stockholders": NaN,
        "Net Income Common Stockholders": NaN,
        "Net Income": NaN,
        "Net Income Including Noncontrolling Interests": NaN,
        "Net Income Continuous Operations": NaN,
        "Tax Provision": NaN,
        "Pretax Income": NaN,
        "Other Income Expense": NaN,
        "Other Non Operating Income Expenses": NaN,
        "Special Income Charges": NaN,
        "Gain On Sale Of Business": NaN,
        "Restructuring And Mergern Acquisition": NaN,
        "Net Non Operating Interest Income Expense": NaN,
        "Interest Expense Non Operating": 0.0,
        "Interest Income Non Operating": NaN,
        "Operating Income": NaN,
        "Operating Expense": NaN,
        "Other Operating Expenses": NaN,
        "Research And Development": NaN,
        "Selling General And Administration": NaN,
        "Selling And Marketing Expense": NaN,
        "General And Administrative Expense": NaN,
        "Other Gand A": NaN,
        "Gross Profit": NaN,
        "Cost Of Revenue": NaN,
        "Total Revenue": NaN,
        "Operating Revenue": NaN
    },
    "2022-12-31": {
        "Tax Effect Of Unusual Items": NaN,
        "Tax Rate For Calcs": NaN,
        "Normalized EBITDA": NaN,
        "Total Unusual Items": -1501000.0,
        "Total Unusual Items Excluding Goodwill": -1501000.0,
        "Net Income From Continuing Operation Net Minority Interest": NaN,
        "Reconciled Depreciation": NaN,
        "Reconciled Cost Of Revenue": NaN,
        "EBITDA": NaN,
        "EBIT": NaN,
        "Net Interest Income": NaN,
        "Interest Expense": 0.0,
        "Interest Income": NaN,
        "Normalized Income": NaN,
        "Net Income From Continuing And Discontinued Operation": NaN,
        "Total Expenses": NaN,
        "Total Operating Income As Reported": NaN,
        "Diluted Average Shares": NaN,
        "Basic Average Shares": NaN,
        "Diluted EPS": NaN,
        "Basic EPS": NaN,
        "Diluted NI Availto Com Stockholders": NaN,
        "Net Income Common Stockholders": NaN,
        "Otherunder Preferred Stock Dividend": 0.0,
        "Net Income": NaN,
        "Net Income Including Noncontrolling Interests": NaN,
        "Net Income Continuous Operations": NaN,
        "Tax Provision": NaN,
        "Pretax Income": NaN,
        "Other Income Expense": NaN,
        "Other Non Operating Income Expenses": NaN,
        "Special Income Charges": -1501000.0,
        "Gain On Sale Of Business": 0.0,
        "Restructuring And Mergern Acquisition": 1501000.0,
        "Net Non Operating Interest Income Expense": NaN,
        "Interest Expense Non Operating": 0.0,
        "Interest Income Non Operating": NaN,
        "Operating Income": NaN,
        "Operating Expense": NaN,
        "Other Operating Expenses": NaN,
        "Research And Development": NaN,
        "Selling General And Administration": NaN,
        "Selling And Marketing Expense": NaN,
        "General And Administrative Expense": NaN,
        "Other Gand A": NaN,
        "Gross Profit": NaN,
        "Cost Of Revenue": NaN,
        "Total Revenue": NaN,
        "Operating Revenue": NaN
    },
    "2022-09-30": {
        "Tax Effect Of Unusual Items": NaN,
        "Tax Rate For Calcs": NaN,
        "Normalized EBITDA": NaN,
        "Total Unusual Items": -1183000.0,
        "Total Unusual Items Excluding Goodwill": -1183000.0,
        "Net Income From Continuing Operation Net Minority Interest": NaN,
        "Reconciled Depreciation": NaN,
        "Reconciled Cost Of Revenue": NaN,
        "EBITDA": NaN,
        "EBIT": NaN,
        "Net Interest Income": NaN,
        "Interest Expense": NaN,
        "Interest Income": NaN,
        "Normalized Income": NaN,
        "Net Income From Continuing And Discontinued Operation": NaN,
        "Total Expenses": NaN,
        "Total Operating Income As Reported": NaN,
        "Diluted Average Shares": NaN,
        "Basic Average Shares": NaN,
        "Diluted EPS": NaN,
        "Basic EPS": NaN,
        "Diluted NI Availto Com Stockholders": NaN,
        "Net Income Common Stockholders": NaN,
        "Otherunder Preferred Stock Dividend": 0.0,
        "Net Income": NaN,
        "Net Income Including Noncontrolling Interests": NaN,
        "Net Income Continuous Operations": NaN,
        "Tax Provision": NaN,
        "Pretax Income": NaN,
        "Other Income Expense": NaN,
        "Other Non Operating Income Expenses": NaN,
        "Special Income Charges": -1183000.0,
        "Gain On Sale Of Business": 0.0,
        "Restructuring And Mergern Acquisition": 1183000.0,
        "Net Non Operating Interest Income Expense": NaN,
        "Interest Expense Non Operating": NaN,
        "Interest Income Non Operating": NaN,
        "Operating Income": NaN,
        "Operating Expense": NaN,
        "Other Operating Expenses": NaN,
        "Research And Development": NaN,
        "Selling General And Administration": NaN,
        "Selling And Marketing Expense": NaN,
        "General And Administrative Expense": NaN,
        "Other Gand A": NaN,
        "Gross Profit": NaN,
        "Cost Of Revenue": NaN,
        "Total Revenue": NaN,
        "Operating Revenue": NaN
    },
    "2022-06-30": {
        "Tax Effect Of Unusual Items": 0.0,
        "Tax Rate For Calcs": 0.0,
        "Normalized EBITDA": -8394000.0,
        "Total Unusual Items": 8109000.0,
        "Total Unusual Items Excluding Goodwill": 8109000.0,
        "Net Income From Continuing Operation Net Minority Interest": -289000.0,
        "Reconciled Depreciation": 1393000.0,
        "Reconciled Cost Of Revenue": 7953000.0,
        "EBITDA": -285000.0,
        "EBIT": -285000.0,
        "Net Interest Income": 168000.0,
        "Interest Expense": 4000.0,
        "Interest Income": 172000.0,
        "Normalized Income": -8398000.0,
        "Net Income From Continuing And Discontinued Operation": -289000.0,
        "Total Expenses": 33305000.0,
        "Total Operating Income As Reported": -620000.0,
        "Diluted Average Shares": 38170396.0,
        "Basic Average Shares": 38170396.0,
        "Diluted EPS": -0.01,
        "Basic EPS": -0.01,
        "Diluted NI Availto Com Stockholders": -289000.0,
        "Net Income Common Stockholders": -289000.0,
        "Otherunder Preferred Stock Dividend": 0.0,
        "Net Income": -289000.0,
        "Net Income Including Noncontrolling Interests": -289000.0,
        "Net Income Continuous Operations": -289000.0,
        "Tax Provision": 0.0,
        "Pretax Income": -289000.0,
        "Other Income Expense": 8272000.0,
        "Other Non Operating Income Expenses": 163000.0,
        "Special Income Charges": 8109000.0,
        "Gain On Sale Of Business": 9684000.0,
        "Restructuring And Mergern Acquisition": 1575000.0,
        "Net Non Operating Interest Income Expense": 168000.0,
        "Interest Expense Non Operating": 4000.0,
        "Interest Income Non Operating": 172000.0,
        "Operating Income": -8729000.0,
        "Operating Expense": 25352000.0,
        "Other Operating Expenses": NaN,
        "Research And Development": 6587000.0,
        "Selling General And Administration": 18765000.0,
        "Selling And Marketing Expense": 11268000.0,
        "General And Administrative Expense": 7497000.0,
        "Other Gand A": 7497000.0,
        "Gross Profit": 16623000.0,
        "Cost Of Revenue": 7953000.0,
        "Total Revenue": 24576000.0,
        "Operating Revenue": 24576000.0
    },
    "2022-03-31": {
        "Diluted EPS": -0.17,
        "Total Revenue": 27,
        "Gross Profit": 19,
        "Operating Income": -7,
        "EBIT": -5,
        "Net Income": -6
    },
    "2021-12-31": {
        "Diluted EPS": 0.05,
        "Total Revenue": 27,
        "Gross Profit": 17,
        "Operating Income": -8,
        "EBIT": -8,
        "Net Income": -8
    },
    "2021-09-30": {
        "Diluted EPS": -0.17,
        "Total Revenue": 26,
        "Gross Profit": 18,
        "Operating Income": -7,
        "EBIT": -6,
        "Net Income": -7
    },
    "2021-06-30": {
        "Diluted EPS": -0.44,
        "Total Revenue": 25,
        "Gross Profit": 17,
        "Operating Income": -5,
        "EBIT": -4,
        "Net Income": -7
    },
    "2021-03-31": {
        "Diluted EPS": -0.52,
        "Total Revenue": 26,
        "Gross Profit": 18,
        "Operating Income": -2,
        "EBIT": -2,
        "Net Income": -6
    },
    "2020-12-31": {
        "Diluted EPS": 0.0,
        "Total Revenue": NaN,
        "Gross Profit": NaN,
        "Operating Income": NaN,
        "EBIT": NaN,
        "Net Income": NaN
    },
    "2020-09-30": {
        "Diluted EPS": -0.47,
        "Total Revenue": 21,
        "Gross Profit": 15,
        "Operating Income": -2,
        "EBIT": -1,
        "Net Income": -5
    },
    "2020-06-30": {
        "Diluted EPS": -0.63,
        "Total Revenue": 19,
        "Gross Profit": 13,
        "Operating Income": -3,
        "EBIT": -3,
        "Net Income": -7
    },
    "2019-12-31": {
        "Diluted EPS": 0.0,
        "Total Revenue": NaN,
        "Gross Profit": NaN,
        "Operating Income": NaN,
        "EBIT": NaN,
        "Net Income": NaN
    },
    "2023-06-30": {
        "Tax Effect Of Unusual Items": NaN,
        "Tax Rate For Calcs": NaN,
        "Normalized EBITDA": NaN,
        "Total Unusual Items": 0.0,
        "Total Unusual Items Excluding Goodwill": 0.0,
        "Net Income From Continuing Operation Net Minority Interest": NaN,
        "Reconciled Depreciation": NaN,
        "Reconciled Cost Of Revenue": NaN,
        "EBITDA": NaN,
        "EBIT": NaN,
        "Net Interest Income": NaN,
        "Interest Expense": 0.0,
        "Interest Income": NaN,
        "Normalized Income": NaN,
        "Net Income From Continuing And Discontinued Operation": NaN,
        "Total Expenses": NaN,
        "Total Operating Income As Reported": NaN,
        "Diluted Average Shares": NaN,
        "Basic Average Shares": NaN,
        "Diluted EPS": NaN,
        "Basic EPS": NaN,
        "Diluted NI Availto Com Stockholders": NaN,
        "Net Income Common Stockholders": NaN,
        "Net Income": NaN,
        "Net Income Including Noncontrolling Interests": NaN,
        "Net Income Continuous Operations": NaN,
        "Tax Provision": NaN,
        "Pretax Income": NaN,
        "Other Income Expense": NaN,
        "Other Non Operating Income Expenses": NaN,
        "Special Income Charges": 0.0,
        "Gain On Sale Of Business": 0.0,
        "Restructuring And Mergern Acquisition": NaN,
        "Net Non Operating Interest Income Expense": NaN,
        "Interest Expense Non Operating": 0.0,
        "Interest Income Non Operating": NaN,
        "Operating Income": NaN,
        "Operating Expense": NaN,
        "Other Operating Expenses": 888000.0,
        "Research And Development": NaN,
        "Selling General And Administration": NaN,
        "Selling And Marketing Expense": NaN,
        "General And Administrative Expense": NaN,
        "Other Gand A": NaN,
        "Gross Profit": NaN,
        "Cost Of Revenue": NaN,
        "Total Revenue": NaN,
        "Operating Revenue": NaN
    },
    "2023-09-30": {
        "Tax Effect Of Unusual Items": NaN,
        "Tax Rate For Calcs": NaN,
        "Normalized EBITDA": NaN,
        "Total Unusual Items": -688000.0,
        "Total Unusual Items Excluding Goodwill": -688000.0,
        "Net Income From Continuing Operation Net Minority Interest": NaN,
        "Reconciled Depreciation": NaN,
        "Reconciled Cost Of Revenue": NaN,
        "EBITDA": NaN,
        "EBIT": NaN,
        "Net Interest Income": NaN,
        "Interest Expense": 0.0,
        "Interest Income": NaN,
        "Normalized Income": NaN,
        "Net Income From Continuing And Discontinued Operation": NaN,
        "Total Expenses": NaN,
        "Total Operating Income As Reported": NaN,
        "Diluted Average Shares": NaN,
        "Basic Average Shares": NaN,
        "Diluted EPS": NaN,
        "Basic EPS": NaN,
        "Diluted NI Availto Com Stockholders": NaN,
        "Net Income Common Stockholders": NaN,
        "Net Income": NaN,
        "Net Income Including Noncontrolling Interests": NaN,
        "Net Income Continuous Operations": NaN,
        "Tax Provision": NaN,
        "Pretax Income": NaN,
        "Other Income Expense": NaN,
        "Other Non Operating Income Expenses": NaN,
        "Special Income Charges": -688000.0,
        "Gain On Sale Of Business": 0.0,
        "Restructuring And Mergern Acquisition": 688000.0,
        "Net Non Operating Interest Income Expense": NaN,
        "Interest Expense Non Operating": 0.0,
        "Interest Income Non Operating": NaN,
        "Operating Income": NaN,
        "Operating Expense": NaN,
        "Other Operating Expenses": 688000.0,
        "Research And Development": NaN,
        "Selling General And Administration": NaN,
        "Selling And Marketing Expense": NaN,
        "General And Administrative Expense": NaN,
        "Other Gand A": NaN,
        "Gross Profit": NaN,
        "Cost Of Revenue": NaN,
        "Total Revenue": NaN,
        "Operating Revenue": NaN
    },
    "2023-12-31": {
        "Tax Effect Of Unusual Items": NaN,
        "Tax Rate For Calcs": NaN,
        "Normalized EBITDA": NaN,
        "Total Unusual Items": -789000.0,
        "Total Unusual Items Excluding Goodwill": -789000.0,
        "Net Income From Continuing Operation Net Minority Interest": NaN,
        "Reconciled Depreciation": NaN,
        "Reconciled Cost Of Revenue": NaN,
        "EBITDA": NaN,
        "EBIT": NaN,
        "Net Interest Income": NaN,
        "Interest Expense": 0.0,
        "Interest Income": NaN,
        "Normalized Income": NaN,
        "Net Income From Continuing And Discontinued Operation": NaN,
        "Total Expenses": NaN,
        "Total Operating Income As Reported": NaN,
        "Diluted Average Shares": NaN,
        "Basic Average Shares": NaN,
        "Diluted EPS": NaN,
        "Basic EPS": NaN,
        "Diluted NI Availto Com Stockholders": NaN,
        "Net Income Common Stockholders": NaN,
        "Net Income": NaN,
        "Net Income Including Noncontrolling Interests": NaN,
        "Net Income Continuous Operations": NaN,
        "Tax Provision": NaN,
        "Pretax Income": NaN,
        "Other Income Expense": NaN,
        "Other Non Operating Income Expenses": NaN,
        "Special Income Charges": -789000.0,
        "Gain On Sale Of Business": 0.0,
        "Restructuring And Mergern Acquisition": 789000.0,
        "Net Non Operating Interest Income Expense": NaN,
        "Interest Expense Non Operating": 0.0,
        "Interest Income Non Operating": NaN,
        "Operating Income": NaN,
        "Operating Expense": NaN,
        "Other Operating Expenses": NaN,
        "Research And Development": NaN,
        "Selling General And Administration": NaN,
        "Selling And Marketing Expense": NaN,
        "General And Administrative Expense": NaN,
        "Other Gand A": NaN,
        "Gross Profit": NaN,
        "Cost Of Revenue": NaN,
        "Total Revenue": NaN,
        "Operating Revenue": NaN
    },
    "2024-03-31": {
        "Tax Effect Of Unusual Items": 0.0,
        "Tax Rate For Calcs": 0.0,
        "Normalized EBITDA": -4088000.0,
        "Total Unusual Items": NaN,
        "Total Unusual Items Excluding Goodwill": NaN,
        "Net Income From Continuing Operation Net Minority Interest": -3303000.0,
        "Reconciled Depreciation": 1264000.0,
        "Reconciled Cost Of Revenue": 6076000.0,
        "EBITDA": -4088000.0,
        "EBIT": -5352000.0,
        "Net Interest Income": 1692000.0,
        "Interest Expense": NaN,
        "Interest Income": 1692000.0,
        "Normalized Income": -3303000.0,
        "Net Income From Continuing And Discontinued Operation": -3303000.0,
        "Total Expenses": 27414000.0,
        "Total Operating Income As Reported": -5352000.0,
        "Diluted Average Shares": 39745095.0,
        "Basic Average Shares": 39745095.0,
        "Diluted EPS": -0.08,
        "Basic EPS": -0.08,
        "Diluted NI Availto Com Stockholders": -3303000.0,
        "Net Income Common Stockholders": -3303000.0,
        "Net Income": -3303000.0,
        "Net Income Including Noncontrolling Interests": -3303000.0,
        "Net Income Continuous Operations": -3303000.0,
        "Tax Provision": 0.0,
        "Pretax Income": -3303000.0,
        "Other Income Expense": 357000.0,
        "Other Non Operating Income Expenses": 357000.0,
        "Special Income Charges": NaN,
        "Gain On Sale Of Business": NaN,
        "Restructuring And Mergern Acquisition": NaN,
        "Net Non Operating Interest Income Expense": 1692000.0,
        "Interest Expense Non Operating": NaN,
        "Interest Income Non Operating": 1692000.0,
        "Operating Income": -5352000.0,
        "Operating Expense": 21338000.0,
        "Other Operating Expenses": 414000.0,
        "Research And Development": 4745000.0,
        "Selling General And Administration": 16179000.0,
        "Selling And Marketing Expense": 9169000.0,
        "General And Administrative Expense": 7010000.0,
        "Other Gand A": 7010000.0,
        "Gross Profit": 15986000.0,
        "Cost Of Revenue": 6076000.0,
        "Total Revenue": 22062000.0,
        "Operating Revenue": 22062000.0
    },
    "2024-06-30": {
        "Tax Effect Of Unusual Items": 0.0,
        "Tax Rate For Calcs": 0.21,
        "Normalized EBITDA": -5165000.0,
        "Total Unusual Items": NaN,
        "Total Unusual Items Excluding Goodwill": NaN,
        "Net Income From Continuing Operation Net Minority Interest": -4437000.0,
        "Reconciled Depreciation": 1329000.0,
        "Reconciled Cost Of Revenue": 6290000.0,
        "EBITDA": -5165000.0,
        "EBIT": -6494000.0,
        "Net Interest Income": 1646000.0,
        "Interest Expense": NaN,
        "Interest Income": 1646000.0,
        "Normalized Income": -4437000.0,
        "Net Income From Continuing And Discontinued Operation": -4437000.0,
        "Total Expenses": 28729000.0,
        "Total Operating Income As Reported": -6494000.0,
        "Diluted Average Shares": 38517785.0,
        "Basic Average Shares": 38517785.0,
        "Diluted EPS": -0.12,
        "Basic EPS": -0.12,
        "Diluted NI Availto Com Stockholders": -4437000.0,
        "Net Income Common Stockholders": -4437000.0,
        "Net Income": -4437000.0,
        "Net Income Including Noncontrolling Interests": -4437000.0,
        "Net Income Continuous Operations": -4437000.0,
        "Tax Provision": 4000.0,
        "Pretax Income": -4433000.0,
        "Other Income Expense": 415000.0,
        "Other Non Operating Income Expenses": 415000.0,
        "Special Income Charges": NaN,
        "Gain On Sale Of Business": NaN,
        "Restructuring And Mergern Acquisition": NaN,
        "Net Non Operating Interest Income Expense": 1646000.0,
        "Interest Expense Non Operating": NaN,
        "Interest Income Non Operating": 1646000.0,
        "Operating Income": -6494000.0,
        "Operating Expense": 22439000.0,
        "Other Operating Expenses": 822000.0,
        "Research And Development": 5470000.0,
        "Selling General And Administration": 16147000.0,
        "Selling And Marketing Expense": 9265000.0,
        "General And Administrative Expense": 6882000.0,
        "Other Gand A": 6882000.0,
        "Gross Profit": 15945000.0,
        "Cost Of Revenue": 6290000.0,
        "Total Revenue": 22235000.0,
        "Operating Revenue": 22235000.0
    },
    "2024-09-30": {
        "Tax Effect Of Unusual Items": 0.0,
        "Tax Rate For Calcs": 0.21,
        "Normalized EBITDA": -6011000.0,
        "Total Unusual Items": NaN,
        "Total Unusual Items Excluding Goodwill": NaN,
        "Net Income From Continuing Operation Net Minority Interest": -5683000.0,
        "Reconciled Depreciation": 1381000.0,
        "Reconciled Cost Of Revenue": 6154000.0,
        "EBITDA": -6011000.0,
        "EBIT": -7392000.0,
        "Net Interest Income": 1357000.0,
        "Interest Expense": NaN,
        "Interest Income": 1357000.0,
        "Normalized Income": -5683000.0,
        "Net Income From Continuing And Discontinued Operation": -5683000.0,
        "Total Expenses": 28582000.0,
        "Total Operating Income As Reported": -7392000.0,
        "Diluted Average Shares": 36719249.0,
        "Basic Average Shares": 36719249.0,
        "Diluted EPS": -0.15,
        "Basic EPS": -0.15,
        "Diluted NI Availto Com Stockholders": -5683000.0,
        "Net Income Common Stockholders": -5683000.0,
        "Net Income": -5683000.0,
        "Net Income Including Noncontrolling Interests": -5683000.0,
        "Net Income Continuous Operations": -5683000.0,
        "Tax Provision": 4000.0,
        "Pretax Income": -5679000.0,
        "Other Income Expense": 356000.0,
        "Other Non Operating Income Expenses": 356000.0,
        "Special Income Charges": NaN,
        "Gain On Sale Of Business": NaN,
        "Restructuring And Mergern Acquisition": NaN,
        "Net Non Operating Interest Income Expense": 1357000.0,
        "Interest Expense Non Operating": NaN,
        "Interest Income Non Operating": 1357000.0,
        "Operating Income": -7392000.0,
        "Operating Expense": 22428000.0,
        "Other Operating Expenses": 947000.0,
        "Research And Development": 5471000.0,
        "Selling General And Administration": 16010000.0,
        "Selling And Marketing Expense": 9146000.0,
        "General And Administrative Expense": 6864000.0,
        "Other Gand A": 6864000.0,
        "Gross Profit": 15036000.0,
        "Cost Of Revenue": 6154000.0,
        "Total Revenue": 21190000.0,
        "Operating Revenue": 21190000.0
    },
    "2024-12-31": {
        "Tax Effect Of Unusual Items": 0.0,
        "Tax Rate For Calcs": 0.21,
        "Normalized EBITDA": 2084000.0,
        "Total Unusual Items": NaN,
        "Total Unusual Items Excluding Goodwill": NaN,
        "Net Income From Continuing Operation Net Minority Interest": -5210000.0,
        "Reconciled Depreciation": 1435000.0,
        "Reconciled Cost Of Revenue": 6311000.0,
        "EBITDA": 2084000.0,
        "EBIT": 649000.0,
        "Net Interest Income": 1247000.0,
        "Interest Expense": NaN,
        "Interest Income": 1247000.0,
        "Normalized Income": -5210000.0,
        "Net Income From Continuing And Discontinued Operation": -5210000.0,
        "Total Expenses": 26727000.0,
        "Total Operating Income As Reported": -6977000.0,
        "Diluted Average Shares": 36327939.0,
        "Basic Average Shares": 36327939.0,
        "Diluted EPS": -0.14,
        "Basic EPS": -0.14,
        "Diluted NI Availto Com Stockholders": -5210000.0,
        "Net Income Common Stockholders": -5210000.0,
        "Net Income": -5210000.0,
        "Net Income Including Noncontrolling Interests": -5210000.0,
        "Net Income Continuous Operations": -5210000.0,
        "Tax Provision": 36000.0,
        "Pretax Income": -5174000.0,
        "Other Income Expense": -2464000.0,
        "Other Non Operating Income Expenses": 556000.0,
        "Special Income Charges": NaN,
        "Gain On Sale Of Business": NaN,
        "Restructuring And Mergern Acquisition": NaN,
        "Net Non Operating Interest Income Expense": 1247000.0,
        "Interest Expense Non Operating": NaN,
        "Interest Income Non Operating": 1247000.0,
        "Operating Income": -3957000.0,
        "Operating Expense": 20416000.0,
        "Other Operating Expenses": NaN,
        "Research And Development": 5479000.0,
        "Selling General And Administration": 17120000.0,
        "Selling And Marketing Expense": 10504000.0,
        "General And Administrative Expense": 6616000.0,
        "Other Gand A": 6616000.0,
        "Gross Profit": 16459000.0,
        "Cost Of Revenue": 6311000.0,
        "Total Revenue": 22770000.0,
        "Operating Revenue": 22770000.0
    },
    "2025-03-31": {
        "Tax Effect Of Unusual Items": 0.0,
        "Tax Rate For Calcs": 0.21,
        "Normalized EBITDA": -4931000.0,
        "Total Unusual Items": NaN,
        "Total Unusual Items Excluding Goodwill": NaN,
        "Net Income From Continuing Operation Net Minority Interest": -4806000.0,
        "Reconciled Depreciation": 1324000.0,
        "Reconciled Cost Of Revenue": 6223000.0,
        "EBITDA": -4931000.0,
        "EBIT": -6255000.0,
        "Net Interest Income": 1099000.0,
        "Interest Expense": NaN,
        "Interest Income": 1099000.0,
        "Normalized Income": -4806000.0,
        "Net Income From Continuing And Discontinued Operation": -4806000.0,
        "Total Expenses": 28800000.0,
        "Total Operating Income As Reported": -6255000.0,
        "Diluted Average Shares": 35573283.0,
        "Basic Average Shares": 35573283.0,
        "Diluted EPS": -0.14,
        "Basic EPS": -0.14,
        "Diluted NI Availto Com Stockholders": -4806000.0,
        "Net Income Common Stockholders": -4806000.0,
        "Net Income": -4806000.0,
        "Net Income Including Noncontrolling Interests": -4806000.0,
        "Net Income Continuous Operations": -4806000.0,
        "Tax Provision": 4000.0,
        "Pretax Income": -4802000.0,
        "Other Income Expense": 354000.0,
        "Other Non Operating Income Expenses": 354000.0,
        "Special Income Charges": NaN,
        "Gain On Sale Of Business": NaN,
        "Restructuring And Mergern Acquisition": NaN,
        "Net Non Operating Interest Income Expense": 1099000.0,
        "Interest Expense Non Operating": NaN,
        "Interest Income Non Operating": 1099000.0,
        "Operating Income": -6255000.0,
        "Operating Expense": 22577000.0,
        "Other Operating Expenses": 897000.0,
        "Research And Development": 5612000.0,
        "Selling General And Administration": 16068000.0,
        "Selling And Marketing Expense": 9116000.0,
        "General And Administrative Expense": 6952000.0,
        "Other Gand A": 6952000.0,
        "Gross Profit": 16322000.0,
        "Cost Of Revenue": 6223000.0,
        "Total Revenue": 22545000.0,
        "Operating Revenue": 22545000.0
    }
}