{
    "2023-03-31": {
        "Tax Effect Of Unusual Items": NaN,
        "Tax Rate For Calcs": NaN,
        "Normalized EBITDA": NaN,
        "Total Unusual Items": NaN,
        "Total Unusual Items Excluding Goodwill": NaN,
        "Net Income From Continuing Operation Net Minority Interest": NaN,
        "Reconciled Depreciation": NaN,
        "Reconciled Cost Of Revenue": NaN,
        "EBITDA": NaN,
        "EBIT": NaN,
        "Net Interest Income": NaN,
        "Interest Expense": NaN,
        "Normalized Income": NaN,
        "Net Income From Continuing And Discontinued Operation": NaN,
        "Total Expenses": NaN,
        "Rent Expense Supplemental": NaN,
        "Diluted Average Shares": NaN,
        "Basic Average Shares": NaN,
        "Diluted EPS": NaN,
        "Basic EPS": NaN,
        "Diluted NI Availto Com Stockholders": NaN,
        "Average Dilution Earnings": NaN,
        "Net Income Common Stockholders": NaN,
        "Otherunder Preferred Stock Dividend": NaN,
        "Net Income": NaN,
        "Net Income Including Noncontrolling Interests": NaN,
        "Net Income Continuous Operations": NaN,
        "Tax Provision": NaN,
        "Pretax Income": NaN,
        "Other Income Expense": NaN,
        "Special Income Charges": NaN,
        "Gain On Sale Of Ppe": NaN,
        "Gain On Sale Of Business": NaN,
        "Other Special Charges": -1661000.0,
        "Impairment Of Capital Assets": NaN,
        "Restructuring And Mergern Acquisition": NaN,
        "Net Non Operating Interest Income Expense": NaN,
        "Interest Expense Non Operating": NaN,
        "Operating Income": NaN,
        "Operating Expense": NaN,
        "Depreciation Amortization Depletion Income Statement": NaN,
        "Depreciation And Amortization In Income Statement": NaN,
        "Amortization": NaN,
        "Amortization Of Intangibles Income Statement": NaN,
        "Selling General And Administration": NaN,
        "General And Administrative Expense": NaN,
        "Other Gand A": NaN,
        "Gross Profit": NaN,
        "Cost Of Revenue": NaN,
        "Total Revenue": NaN,
        "Operating Revenue": NaN
    },
    "2022-12-31": {
        "Tax Effect Of Unusual Items": NaN,
        "Tax Rate For Calcs": NaN,
        "Normalized EBITDA": NaN,
        "Total Unusual Items": NaN,
        "Total Unusual Items Excluding Goodwill": NaN,
        "Net Income From Continuing Operation Net Minority Interest": NaN,
        "Reconciled Depreciation": NaN,
        "Reconciled Cost Of Revenue": NaN,
        "EBITDA": NaN,
        "EBIT": NaN,
        "Net Interest Income": NaN,
        "Interest Expense": NaN,
        "Normalized Income": NaN,
        "Net Income From Continuing And Discontinued Operation": NaN,
        "Total Expenses": NaN,
        "Rent Expense Supplemental": NaN,
        "Diluted Average Shares": 15370000.0,
        "Basic Average Shares": 15344000.0,
        "Diluted EPS": 0.72,
        "Basic EPS": 0.72,
        "Diluted NI Availto Com Stockholders": NaN,
        "Average Dilution Earnings": NaN,
        "Net Income Common Stockholders": NaN,
        "Otherunder Preferred Stock Dividend": NaN,
        "Net Income": NaN,
        "Net Income Including Noncontrolling Interests": NaN,
        "Net Income Continuous Operations": NaN,
        "Tax Provision": NaN,
        "Pretax Income": NaN,
        "Other Income Expense": NaN,
        "Special Income Charges": NaN,
        "Gain On Sale Of Ppe": NaN,
        "Gain On Sale Of Business": NaN,
        "Other Special Charges": NaN,
        "Impairment Of Capital Assets": -1693000.0,
        "Restructuring And Mergern Acquisition": NaN,
        "Net Non Operating Interest Income Expense": NaN,
        "Interest Expense Non Operating": NaN,
        "Operating Income": NaN,
        "Operating Expense": NaN,
        "Depreciation Amortization Depletion Income Statement": NaN,
        "Depreciation And Amortization In Income Statement": NaN,
        "Amortization": NaN,
        "Amortization Of Intangibles Income Statement": NaN,
        "Selling General And Administration": NaN,
        "General And Administrative Expense": NaN,
        "Other Gand A": NaN,
        "Gross Profit": NaN,
        "Cost Of Revenue": NaN,
        "Total Revenue": NaN,
        "Operating Revenue": NaN
    },
    "2022-09-30": {
        "Tax Effect Of Unusual Items": NaN,
        "Tax Rate For Calcs": NaN,
        "Normalized EBITDA": NaN,
        "Total Unusual Items": NaN,
        "Total Unusual Items Excluding Goodwill": NaN,
        "Net Income From Continuing Operation Net Minority Interest": NaN,
        "Reconciled Depreciation": NaN,
        "Reconciled Cost Of Revenue": NaN,
        "EBITDA": NaN,
        "EBIT": NaN,
        "Net Interest Income": NaN,
        "Interest Expense": NaN,
        "Normalized Income": NaN,
        "Net Income From Continuing And Discontinued Operation": NaN,
        "Total Expenses": NaN,
        "Rent Expense Supplemental": NaN,
        "Diluted Average Shares": NaN,
        "Basic Average Shares": NaN,
        "Diluted EPS": NaN,
        "Basic EPS": NaN,
        "Diluted NI Availto Com Stockholders": NaN,
        "Average Dilution Earnings": NaN,
        "Net Income Common Stockholders": NaN,
        "Otherunder Preferred Stock Dividend": NaN,
        "Net Income": NaN,
        "Net Income Including Noncontrolling Interests": NaN,
        "Net Income Continuous Operations": NaN,
        "Tax Provision": NaN,
        "Pretax Income": NaN,
        "Other Income Expense": NaN,
        "Special Income Charges": NaN,
        "Gain On Sale Of Ppe": NaN,
        "Gain On Sale Of Business": -500000.0,
        "Other Special Charges": 1161000.0,
        "Impairment Of Capital Assets": NaN,
        "Restructuring And Mergern Acquisition": NaN,
        "Net Non Operating Interest Income Expense": NaN,
        "Interest Expense Non Operating": NaN,
        "Operating Income": NaN,
        "Operating Expense": NaN,
        "Depreciation Amortization Depletion Income Statement": NaN,
        "Depreciation And Amortization In Income Statement": NaN,
        "Amortization": NaN,
        "Amortization Of Intangibles Income Statement": NaN,
        "Selling General And Administration": NaN,
        "General And Administrative Expense": NaN,
        "Other Gand A": NaN,
        "Gross Profit": NaN,
        "Cost Of Revenue": NaN,
        "Total Revenue": NaN,
        "Operating Revenue": NaN
    },
    "2022-06-30": {
        "Tax Effect Of Unusual Items": -283251.0,
        "Tax Rate For Calcs": 0.263,
        "Normalized EBITDA": 51632000.0,
        "Total Unusual Items": -1077000.0,
        "Total Unusual Items Excluding Goodwill": -1077000.0,
        "Net Income From Continuing Operation Net Minority Interest": 23962000.0,
        "Reconciled Depreciation": 2665000.0,
        "Reconciled Cost Of Revenue": 142099000.0,
        "EBITDA": 50555000.0,
        "EBIT": 47890000.0,
        "Net Interest Income": -15359000.0,
        "Interest Expense": 15359000.0,
        "Normalized Income": 24755749.0,
        "Net Income From Continuing And Discontinued Operation": 23962000.0,
        "Total Expenses": 188827000.0,
        "Rent Expense Supplemental": 21843000.0,
        "Diluted Average Shares": 16080000.0,
        "Basic Average Shares": 16050000.0,
        "Diluted EPS": 1.45,
        "Basic EPS": 1.45,
        "Diluted NI Availto Com Stockholders": 23289000.0,
        "Average Dilution Earnings": 1000.0,
        "Net Income Common Stockholders": 23289000.0,
        "Otherunder Preferred Stock Dividend": 673000.0,
        "Net Income": 23962000.0,
        "Net Income Including Noncontrolling Interests": 23962000.0,
        "Net Income Continuous Operations": 23962000.0,
        "Tax Provision": 8569000.0,
        "Pretax Income": 32531000.0,
        "Other Income Expense": -1077000.0,
        "Special Income Charges": -1077000.0,
        "Gain On Sale Of Ppe": 234000.0,
        "Other Special Charges": NaN,
        "Impairment Of Capital Assets": NaN,
        "Restructuring And Mergern Acquisition": 1311000.0,
        "Net Non Operating Interest Income Expense": -15359000.0,
        "Interest Expense Non Operating": 15359000.0,
        "Operating Income": 48967000.0,
        "Operating Expense": 46728000.0,
        "Depreciation Amortization Depletion Income Statement": 2665000.0,
        "Depreciation And Amortization In Income Statement": 2665000.0,
        "Amortization": 2665000.0,
        "Amortization Of Intangibles Income Statement": 2665000.0,
        "Selling General And Administration": 44063000.0,
        "General And Administrative Expense": 44063000.0,
        "Other Gand A": 44063000.0,
        "Gross Profit": 95695000.0,
        "Cost Of Revenue": 142099000.0,
        "Total Revenue": 237794000.0,
        "Operating Revenue": 237794000.0
    },
    "2023-06-30": {
        "Tax Effect Of Unusual Items": NaN,
        "Tax Rate For Calcs": NaN,
        "Normalized EBITDA": NaN,
        "Total Unusual Items": NaN,
        "Total Unusual Items Excluding Goodwill": NaN,
        "Net Income From Continuing Operation Net Minority Interest": NaN,
        "Reconciled Depreciation": NaN,
        "Reconciled Cost Of Revenue": NaN,
        "EBITDA": NaN,
        "EBIT": NaN,
        "Net Interest Income": NaN,
        "Interest Expense": NaN,
        "Normalized Income": NaN,
        "Net Income From Continuing And Discontinued Operation": NaN,
        "Total Expenses": NaN,
        "Rent Expense Supplemental": NaN,
        "Diluted Average Shares": 15317000.0,
        "Basic Average Shares": 15308000.0,
        "Diluted EPS": 1.16,
        "Basic EPS": 1.16,
        "Diluted NI Availto Com Stockholders": NaN,
        "Average Dilution Earnings": NaN,
        "Net Income Common Stockholders": NaN,
        "Otherunder Preferred Stock Dividend": NaN,
        "Net Income": NaN,
        "Net Income Including Noncontrolling Interests": NaN,
        "Net Income Continuous Operations": NaN,
        "Tax Provision": NaN,
        "Pretax Income": NaN,
        "Other Income Expense": NaN,
        "Special Income Charges": NaN,
        "Gain On Sale Of Ppe": NaN,
        "Gain On Sale Of Business": NaN,
        "Other Special Charges": 1671000.0,
        "Impairment Of Capital Assets": NaN,
        "Restructuring And Mergern Acquisition": 847000.0,
        "Net Non Operating Interest Income Expense": NaN,
        "Interest Expense Non Operating": NaN,
        "Operating Income": NaN,
        "Operating Expense": NaN,
        "Depreciation Amortization Depletion Income Statement": NaN,
        "Depreciation And Amortization In Income Statement": NaN,
        "Amortization": NaN,
        "Amortization Of Intangibles Income Statement": NaN,
        "Selling General And Administration": NaN,
        "General And Administrative Expense": NaN,
        "Other Gand A": NaN,
        "Gross Profit": NaN,
        "Cost Of Revenue": NaN,
        "Total Revenue": NaN,
        "Operating Revenue": NaN
    },
    "2022-03-31": {
        "Diluted EPS": 1.45,
        "Total Revenue": 230,
        "Gross Profit": 93,
        "Operating Income": 49,
        "EBIT": 58,
        "Net Income": 24
    },
    "2021-12-31": {
        "Diluted EPS": 1.13,
        "Total Revenue": 230,
        "Gross Profit": 96,
        "Operating Income": 45,
        "EBIT": 55,
        "Net Income": 19
    },
    "2021-09-30": {
        "Diluted EPS": 1.33,
        "Total Revenue": 229,
        "Gross Profit": 95,
        "Operating Income": 48,
        "EBIT": 58,
        "Net Income": 23
    },
    "2021-06-30": {
        "Diluted EPS": 1.69,
        "Total Revenue": 234,
        "Gross Profit": 99,
        "Operating Income": 57,
        "EBIT": 67,
        "Net Income": 29
    },
    "2021-03-31": {
        "Diluted EPS": 1.51,
        "Total Revenue": 204,
        "Gross Profit": 85,
        "Operating Income": 43,
        "EBIT": 53,
        "Net Income": 25
    },
    "2020-12-31": {
        "Diluted EPS": -0.01,
        "Total Revenue": 196,
        "Gross Profit": 67,
        "Operating Income": 25,
        "EBIT": 36,
        "Net Income": -1
    },
    "2020-09-30": {
        "Diluted EPS": 0.6,
        "Total Revenue": 177,
        "Gross Profit": 67,
        "Operating Income": 27,
        "EBIT": 38,
        "Net Income": 10
    },
    "2020-06-30": {
        "Diluted EPS": -8.33,
        "Total Revenue": 110,
        "Gross Profit": 30,
        "Operating Income": -4,
        "EBIT": 7,
        "Net Income": -135
    },
    "2020-03-31": {
        "Diluted EPS": 1.31,
        "Total Revenue": 207,
        "Gross Profit": 84,
        "Operating Income": 44,
        "EBIT": 55,
        "Net Income": 22
    },
    "2019-12-31": {
        "Diluted EPS": 1.58,
        "Total Revenue": 228,
        "Gross Profit": 96,
        "Operating Income": 43,
        "EBIT": 54,
        "Net Income": 26
    },
    "2019-09-30": {
        "Diluted EPS": 1.36,
        "Total Revenue": 217,
        "Gross Profit": 90,
        "Operating Income": 48,
        "EBIT": 59,
        "Net Income": 23
    },
    "2019-06-30": {
        "Diluted EPS": 1.18,
        "Total Revenue": 228,
        "Gross Profit": 95,
        "Operating Income": 53,
        "EBIT": 63,
        "Net Income": 21
    },
    "2019-03-31": {
        "Diluted EPS": 1.73,
        "Total Revenue": 237,
        "Gross Profit": 103,
        "Operating Income": 57,
        "EBIT": 67,
        "Net Income": 31
    },
    "2018-12-31": {
        "Diluted EPS": 1.47,
        "Total Revenue": 214,
        "Gross Profit": 98,
        "Operating Income": 51,
        "EBIT": 59,
        "Net Income": 26
    },
    "2018-09-30": {
        "Diluted EPS": 1.29,
        "Total Revenue": 194,
        "Gross Profit": 93,
        "Operating Income": 49,
        "EBIT": 57,
        "Net Income": 23
    },
    "2018-06-30": {
        "Diluted EPS": 0.69,
        "Total Revenue": 184,
        "Gross Profit": 79,
        "Operating Income": 37,
        "EBIT": 45,
        "Net Income": 12
    },
    "2018-03-31": {
        "Diluted EPS": 0.92,
        "Total Revenue": 188,
        "Gross Profit": 84,
        "Operating Income": 39,
        "EBIT": 47,
        "Net Income": 17
    },
    "2017-12-31": {
        "Diluted EPS": 3.86,
        "Total Revenue": 177,
        "Gross Profit": 69,
        "Operating Income": 27,
        "EBIT": 34,
        "Net Income": 69
    },
    "2017-09-30": {
        "Diluted EPS": -24.91,
        "Total Revenue": 175,
        "Gross Profit": 82,
        "Operating Income": -490,
        "EBIT": -482,
        "Net Income": -442
    },
    "2017-06-30": {
        "Diluted EPS": 1.23,
        "Total Revenue": 189,
        "Gross Profit": 93,
        "Operating Income": 53,
        "EBIT": 61,
        "Net Income": 22
    },
    "2017-03-31": {
        "Diluted EPS": 0.86,
        "Total Revenue": 191,
        "Gross Profit": 94,
        "Operating Income": 41,
        "EBIT": 49,
        "Net Income": 15
    },
    "2016-12-31": {
        "Diluted EPS": 1.34,
        "Total Revenue": 308,
        "Gross Profit": 96,
        "Operating Income": 56,
        "EBIT": 64,
        "Net Income": 24
    },
    "2016-09-30": {
        "Diluted EPS": 1.33,
        "Total Revenue": 156,
        "Gross Profit": 92,
        "Operating Income": 53,
        "EBIT": 61,
        "Net Income": 24
    },
    "2016-06-30": {
        "Diluted EPS": 1.45,
        "Total Revenue": 160,
        "Gross Profit": 97,
        "Operating Income": 58,
        "EBIT": 66,
        "Net Income": 26
    },
    "2016-03-31": {
        "Diluted EPS": 1.37,
        "Total Revenue": 164,
        "Gross Profit": 99,
        "Operating Income": 58,
        "EBIT": 66,
        "Net Income": 25
    },
    "2015-12-31": {
        "Diluted EPS": 1.37,
        "Total Revenue": 171,
        "Gross Profit": 105,
        "Operating Income": 58,
        "EBIT": 66,
        "Net Income": 25
    },
    "2015-09-30": {
        "Diluted EPS": 1.28,
        "Total Revenue": 162,
        "Gross Profit": 97,
        "Operating Income": 53,
        "EBIT": 61,
        "Net Income": 24
    },
    "2015-06-30": {
        "Diluted EPS": 1.4,
        "Total Revenue": 172,
        "Gross Profit": 97,
        "Operating Income": 60,
        "EBIT": 68,
        "Net Income": 27
    },
    "2015-03-31": {
        "Diluted EPS": 1.47,
        "Total Revenue": 176,
        "Gross Profit": 100,
        "Operating Income": 64,
        "EBIT": 71,
        "Net Income": 28
    },
    "2014-12-31": {
        "Diluted EPS": -1.17,
        "Total Revenue": 164,
        "Gross Profit": 92,
        "Operating Income": 46,
        "EBIT": 55,
        "Net Income": -22
    },
    "2014-09-30": {
        "Diluted EPS": 0.99,
        "Total Revenue": 163,
        "Gross Profit": 92,
        "Operating Income": 55,
        "EBIT": 63,
        "Net Income": 19
    },
    "2014-06-30": {
        "Diluted EPS": 1.0,
        "Total Revenue": 161,
        "Gross Profit": 94,
        "Operating Income": 57,
        "EBIT": 65,
        "Net Income": 19
    },
    "2014-03-31": {
        "Diluted EPS": 1.08,
        "Total Revenue": 167,
        "Gross Profit": 97,
        "Operating Income": 60,
        "EBIT": 69,
        "Net Income": 20
    },
    "2013-12-31": {
        "Diluted EPS": 0.93,
        "Total Revenue": 158,
        "Gross Profit": 91,
        "Operating Income": 50,
        "EBIT": 58,
        "Net Income": 18
    },
    "2013-09-30": {
        "Diluted EPS": 0.97,
        "Total Revenue": 161,
        "Gross Profit": 93,
        "Operating Income": 55,
        "EBIT": 64,
        "Net Income": 18
    },
    "2013-06-30": {
        "Diluted EPS": 0.87,
        "Total Revenue": 158,
        "Gross Profit": 91,
        "Operating Income": 52,
        "EBIT": 61,
        "Net Income": 17
    },
    "2013-03-31": {
        "Diluted EPS": 0.93,
        "Total Revenue": 163,
        "Gross Profit": 94,
        "Operating Income": 57,
        "EBIT": 66,
        "Net Income": 18
    },
    "2012-12-31": {
        "Diluted EPS": 0.97,
        "Total Revenue": 159,
        "Gross Profit": 89,
        "Operating Income": 48,
        "EBIT": 57,
        "Net Income": 18
    },
    "2012-09-30": {
        "Diluted EPS": 3.14,
        "Total Revenue": 216,
        "Gross Profit": 96,
        "Operating Income": 45,
        "EBIT": 54,
        "Net Income": 59
    },
    "2012-06-30": {
        "Diluted EPS": 0.88,
        "Total Revenue": 229,
        "Gross Profit": 98,
        "Operating Income": 58,
        "EBIT": 68,
        "Net Income": 16
    },
    "2012-03-31": {
        "Diluted EPS": 1.64,
        "Total Revenue": 246,
        "Gross Profit": 109,
        "Operating Income": 66,
        "EBIT": 76,
        "Net Income": 30
    },
    "2011-12-31": {
        "Diluted EPS": 1.53,
        "Total Revenue": 242,
        "Gross Profit": 96,
        "Operating Income": 52,
        "EBIT": 64,
        "Net Income": 27
    },
    "2011-09-30": {
        "Diluted EPS": 0.85,
        "Total Revenue": 264,
        "Gross Profit": 101,
        "Operating Income": 59,
        "EBIT": 71,
        "Net Income": 16
    },
    "2011-06-30": {
        "Diluted EPS": -0.02,
        "Total Revenue": 268,
        "Gross Profit": 100,
        "Operating Income": 59,
        "EBIT": 72,
        "Net Income": 0
    },
    "2011-03-31": {
        "Diluted EPS": 1.53,
        "Total Revenue": 300,
        "Gross Profit": 111,
        "Operating Income": 70,
        "EBIT": 83,
        "Net Income": 28
    },
    "2010-12-31": {
        "Diluted EPS": -3.35,
        "Total Revenue": 300,
        "Gross Profit": 100,
        "Operating Income": 53,
        "EBIT": 67,
        "Net Income": -58
    },
    "2010-09-30": {
        "Diluted EPS": 0.44,
        "Total Revenue": 336,
        "Gross Profit": 108,
        "Operating Income": 65,
        "EBIT": 80,
        "Net Income": 8
    },
    "2010-06-30": {
        "Diluted EPS": 0.42,
        "Total Revenue": 340,
        "Gross Profit": 107,
        "Operating Income": 67,
        "EBIT": 83,
        "Net Income": 7
    },
    "2010-03-31": {
        "Diluted EPS": 0.75,
        "Total Revenue": 358,
        "Gross Profit": 115,
        "Operating Income": 72,
        "EBIT": 88,
        "Net Income": 13
    },
    "2009-12-31": {
        "Diluted EPS": -2.8,
        "Total Revenue": 356,
        "Gross Profit": 111,
        "Operating Income": 67,
        "EBIT": 84,
        "Net Income": -48
    },
    "2009-09-30": {
        "Diluted EPS": 0.46,
        "Total Revenue": 334,
        "Gross Profit": 105,
        "Operating Income": 66,
        "EBIT": 82,
        "Net Income": 8
    },
    "2009-06-30": {
        "Diluted EPS": 1.09,
        "Total Revenue": 350,
        "Gross Profit": 109,
        "Operating Income": 72,
        "EBIT": 88,
        "Net Income": 19
    },
    "2009-03-31": {
        "Diluted EPS": 1.8,
        "Total Revenue": 376,
        "Gross Profit": 121,
        "Operating Income": 71,
        "EBIT": 87,
        "Net Income": 31
    },
    "2023-09-30": {
        "Tax Effect Of Unusual Items": NaN,
        "Tax Rate For Calcs": NaN,
        "Normalized EBITDA": NaN,
        "Total Unusual Items": NaN,
        "Total Unusual Items Excluding Goodwill": NaN,
        "Net Income From Continuing Operation Net Minority Interest": NaN,
        "Reconciled Depreciation": NaN,
        "Reconciled Cost Of Revenue": NaN,
        "EBITDA": NaN,
        "EBIT": NaN,
        "Net Interest Income": NaN,
        "Interest Expense": NaN,
        "Normalized Income": NaN,
        "Net Income From Continuing And Discontinued Operation": NaN,
        "Total Expenses": NaN,
        "Rent Expense Supplemental": NaN,
        "Diluted Average Shares": NaN,
        "Basic Average Shares": NaN,
        "Diluted EPS": NaN,
        "Basic EPS": NaN,
        "Diluted NI Availto Com Stockholders": NaN,
        "Average Dilution Earnings": NaN,
        "Net Income Common Stockholders": NaN,
        "Otherunder Preferred Stock Dividend": NaN,
        "Net Income": NaN,
        "Net Income Including Noncontrolling Interests": NaN,
        "Net Income Continuous Operations": NaN,
        "Tax Provision": NaN,
        "Pretax Income": NaN,
        "Other Income Expense": NaN,
        "Special Income Charges": NaN,
        "Gain On Sale Of Ppe": NaN,
        "Gain On Sale Of Business": -300000.0,
        "Other Special Charges": NaN,
        "Impairment Of Capital Assets": NaN,
        "Restructuring And Mergern Acquisition": NaN,
        "Net Non Operating Interest Income Expense": NaN,
        "Interest Expense Non Operating": NaN,
        "Operating Income": NaN,
        "Operating Expense": NaN,
        "Depreciation Amortization Depletion Income Statement": NaN,
        "Depreciation And Amortization In Income Statement": NaN,
        "Amortization": NaN,
        "Amortization Of Intangibles Income Statement": NaN,
        "Selling General And Administration": NaN,
        "General And Administrative Expense": NaN,
        "Other Gand A": NaN,
        "Gross Profit": NaN,
        "Cost Of Revenue": NaN,
        "Total Revenue": NaN,
        "Operating Revenue": NaN
    },
    "2023-12-31": {
        "Tax Effect Of Unusual Items": NaN,
        "Tax Rate For Calcs": NaN,
        "Normalized EBITDA": NaN,
        "Total Unusual Items": NaN,
        "Total Unusual Items Excluding Goodwill": NaN,
        "Net Income From Continuing Operation Net Minority Interest": NaN,
        "Reconciled Depreciation": NaN,
        "Reconciled Cost Of Revenue": NaN,
        "EBITDA": NaN,
        "EBIT": NaN,
        "Net Interest Income": NaN,
        "Interest Expense": NaN,
        "Normalized Income": NaN,
        "Net Income From Continuing And Discontinued Operation": NaN,
        "Total Expenses": NaN,
        "Rent Expense Supplemental": NaN,
        "Diluted Average Shares": NaN,
        "Basic Average Shares": NaN,
        "Diluted EPS": NaN,
        "Basic EPS": NaN,
        "Diluted NI Availto Com Stockholders": NaN,
        "Average Dilution Earnings": NaN,
        "Net Income Common Stockholders": NaN,
        "Otherunder Preferred Stock Dividend": NaN,
        "Net Income": NaN,
        "Net Income Including Noncontrolling Interests": NaN,
        "Net Income Continuous Operations": NaN,
        "Tax Provision": NaN,
        "Pretax Income": NaN,
        "Other Income Expense": NaN,
        "Special Income Charges": NaN,
        "Gain On Sale Of Ppe": NaN,
        "Gain On Sale Of Business": -500000.0,
        "Other Special Charges": 0.0,
        "Write Off": NaN,
        "Impairment Of Capital Assets": NaN,
        "Restructuring And Mergern Acquisition": NaN,
        "Net Non Operating Interest Income Expense": NaN,
        "Interest Expense Non Operating": NaN,
        "Operating Income": NaN,
        "Operating Expense": NaN,
        "Depreciation Amortization Depletion Income Statement": NaN,
        "Depreciation And Amortization In Income Statement": NaN,
        "Amortization": NaN,
        "Amortization Of Intangibles Income Statement": NaN,
        "Selling General And Administration": NaN,
        "General And Administrative Expense": NaN,
        "Other Gand A": NaN,
        "Gross Profit": NaN,
        "Cost Of Revenue": NaN,
        "Total Revenue": NaN,
        "Operating Revenue": NaN
    },
    "2024-03-31": {
        "Tax Effect Of Unusual Items": NaN,
        "Tax Rate For Calcs": NaN,
        "Normalized EBITDA": NaN,
        "Total Unusual Items": NaN,
        "Total Unusual Items Excluding Goodwill": NaN,
        "Net Income From Continuing Operation Net Minority Interest": NaN,
        "Reconciled Depreciation": NaN,
        "Reconciled Cost Of Revenue": NaN,
        "EBITDA": NaN,
        "EBIT": NaN,
        "Net Interest Income": NaN,
        "Interest Expense": NaN,
        "Normalized Income": NaN,
        "Net Income From Continuing And Discontinued Operation": NaN,
        "Total Expenses": NaN,
        "Rent Expense Supplemental": NaN,
        "Diluted Average Shares": NaN,
        "Basic Average Shares": NaN,
        "Diluted EPS": NaN,
        "Basic EPS": NaN,
        "Diluted NI Availto Com Stockholders": NaN,
        "Average Dilution Earnings": 0.0,
        "Net Income Common Stockholders": NaN,
        "Otherunder Preferred Stock Dividend": NaN,
        "Net Income": NaN,
        "Net Income Including Noncontrolling Interests": NaN,
        "Net Income Continuous Operations": NaN,
        "Tax Provision": NaN,
        "Pretax Income": NaN,
        "Other Income Expense": NaN,
        "Special Income Charges": NaN,
        "Gain On Sale Of Ppe": NaN,
        "Gain On Sale Of Business": NaN,
        "Other Special Charges": NaN,
        "Write Off": NaN,
        "Impairment Of Capital Assets": 0.0,
        "Restructuring And Mergern Acquisition": NaN,
        "Net Non Operating Interest Income Expense": NaN,
        "Interest Expense Non Operating": NaN,
        "Operating Income": NaN,
        "Operating Expense": NaN,
        "Depreciation Amortization Depletion Income Statement": NaN,
        "Depreciation And Amortization In Income Statement": NaN,
        "Amortization": NaN,
        "Amortization Of Intangibles Income Statement": NaN,
        "Selling General And Administration": NaN,
        "General And Administrative Expense": NaN,
        "Other Gand A": NaN,
        "Gross Profit": NaN,
        "Cost Of Revenue": NaN,
        "Total Revenue": NaN,
        "Operating Revenue": NaN
    },
    "2024-06-30": {
        "Tax Effect Of Unusual Items": NaN,
        "Tax Rate For Calcs": NaN,
        "Normalized EBITDA": NaN,
        "Total Unusual Items": NaN,
        "Total Unusual Items Excluding Goodwill": NaN,
        "Net Income From Continuing Operation Net Minority Interest": NaN,
        "Reconciled Depreciation": NaN,
        "Reconciled Cost Of Revenue": NaN,
        "EBITDA": NaN,
        "EBIT": NaN,
        "Net Interest Income": NaN,
        "Interest Expense": NaN,
        "Normalized Income": NaN,
        "Net Income From Continuing And Discontinued Operation": NaN,
        "Total Expenses": NaN,
        "Rent Expense Supplemental": NaN,
        "Diluted Average Shares": NaN,
        "Basic Average Shares": NaN,
        "Diluted EPS": NaN,
        "Basic EPS": NaN,
        "Diluted NI Availto Com Stockholders": NaN,
        "Average Dilution Earnings": 0.0,
        "Net Income Common Stockholders": NaN,
        "Otherunder Preferred Stock Dividend": NaN,
        "Net Income": NaN,
        "Net Income Including Noncontrolling Interests": NaN,
        "Net Income Continuous Operations": NaN,
        "Tax Provision": NaN,
        "Pretax Income": NaN,
        "Other Income Expense": NaN,
        "Special Income Charges": NaN,
        "Gain On Sale Of Ppe": NaN,
        "Gain On Sale Of Business": -400000.0,
        "Other Special Charges": NaN,
        "Write Off": NaN,
        "Impairment Of Capital Assets": 0.0,
        "Restructuring And Mergern Acquisition": NaN,
        "Net Non Operating Interest Income Expense": NaN,
        "Interest Expense Non Operating": NaN,
        "Operating Income": NaN,
        "Operating Expense": NaN,
        "Depreciation Amortization Depletion Income Statement": NaN,
        "Depreciation And Amortization In Income Statement": NaN,
        "Amortization": NaN,
        "Amortization Of Intangibles Income Statement": NaN,
        "Selling General And Administration": NaN,
        "General And Administrative Expense": NaN,
        "Other Gand A": NaN,
        "Gross Profit": NaN,
        "Cost Of Revenue": NaN,
        "Total Revenue": NaN,
        "Operating Revenue": NaN
    },
    "2024-09-30": {
        "Tax Effect Of Unusual Items": -113680.0,
        "Tax Rate For Calcs": 0.28,
        "Normalized EBITDA": 54893000.0,
        "Total Unusual Items": -406000.0,
        "Total Unusual Items Excluding Goodwill": -406000.0,
        "Net Income From Continuing Operation Net Minority Interest": 19061000.0,
        "Reconciled Depreciation": 9654000.0,
        "Reconciled Cost Of Revenue": 94785000.0,
        "EBITDA": 54487000.0,
        "EBIT": 44833000.0,
        "Net Interest Income": -18369000.0,
        "Interest Expense": 18369000.0,
        "Normalized Income": 19353320.0,
        "Net Income From Continuing And Discontinued Operation": 19061000.0,
        "Total Expenses": 149829000.0,
        "Rent Expense Supplemental": 21608000.0,
        "Diluted Average Shares": 14897000.0,
        "Basic Average Shares": 14897000.0,
        "Diluted EPS": 1.24,
        "Basic EPS": 1.24,
        "Diluted NI Availto Com Stockholders": 18508000.0,
        "Average Dilution Earnings": 0.0,
        "Net Income Common Stockholders": 18508000.0,
        "Otherunder Preferred Stock Dividend": 553000.0,
        "Net Income": 19061000.0,
        "Net Income Including Noncontrolling Interests": 19061000.0,
        "Net Income Continuous Operations": 19061000.0,
        "Tax Provision": 7403000.0,
        "Pretax Income": 26464000.0,
        "Other Income Expense": -406000.0,
        "Special Income Charges": -406000.0,
        "Gain On Sale Of Ppe": -6000.0,
        "Gain On Sale Of Business": -400000.0,
        "Other Special Charges": NaN,
        "Write Off": 0.0,
        "Impairment Of Capital Assets": 0.0,
        "Restructuring And Mergern Acquisition": 400000.0,
        "Net Non Operating Interest Income Expense": -18369000.0,
        "Interest Expense Non Operating": 18369000.0,
        "Operating Income": 45205000.0,
        "Operating Expense": 48114000.0,
        "Depreciation Amortization Depletion Income Statement": 2724000.0,
        "Depreciation And Amortization In Income Statement": 2724000.0,
        "Amortization": 2724000.0,
        "Amortization Of Intangibles Income Statement": 2724000.0,
        "Selling General And Administration": 45390000.0,
        "General And Administrative Expense": 45390000.0,
        "Other Gand A": 45390000.0,
        "Gross Profit": 93319000.0,
        "Cost Of Revenue": 101715000.0,
        "Total Revenue": 195034000.0,
        "Operating Revenue": 195034000.0
    },
    "2024-12-31": {
        "Tax Effect Of Unusual Items": -1622031.63017,
        "Tax Rate For Calcs": 0.337431,
        "Normalized EBITDA": 40571000.0,
        "Total Unusual Items": -4807000.0,
        "Total Unusual Items Excluding Goodwill": -4807000.0,
        "Net Income From Continuing Operation Net Minority Interest": 5174000.0,
        "Reconciled Depreciation": 10104000.0,
        "Reconciled Cost Of Revenue": 112034000.0,
        "EBITDA": 35764000.0,
        "EBIT": 25660000.0,
        "Net Interest Income": -17851000.0,
        "Interest Expense": 17851000.0,
        "Normalized Income": 8358968.36983,
        "Net Income From Continuing And Discontinued Operation": 5174000.0,
        "Total Expenses": 174405000.0,
        "Rent Expense Supplemental": 21699000.0,
        "Diluted Average Shares": 14904000.0,
        "Basic Average Shares": 14904000.0,
        "Diluted EPS": 0.34,
        "Basic EPS": 0.34,
        "Diluted NI Availto Com Stockholders": 5018000.0,
        "Average Dilution Earnings": -1000.0,
        "Net Income Common Stockholders": 5019000.0,
        "Otherunder Preferred Stock Dividend": 155000.0,
        "Net Income": 5174000.0,
        "Net Income Including Noncontrolling Interests": 5174000.0,
        "Net Income Continuous Operations": 5174000.0,
        "Tax Provision": 2635000.0,
        "Pretax Income": 7809000.0,
        "Other Income Expense": -4807000.0,
        "Special Income Charges": -4807000.0,
        "Gain On Sale Of Ppe": 3093000.0,
        "Gain On Sale Of Business": -800000.0,
        "Other Special Charges": NaN,
        "Write Off": 0.0,
        "Impairment Of Capital Assets": 7100000.0,
        "Restructuring And Mergern Acquisition": 800000.0,
        "Net Non Operating Interest Income Expense": -17851000.0,
        "Interest Expense Non Operating": 17851000.0,
        "Operating Income": 30365000.0,
        "Operating Expense": 54930000.0,
        "Depreciation Amortization Depletion Income Statement": 2663000.0,
        "Depreciation And Amortization In Income Statement": 2663000.0,
        "Amortization": 2663000.0,
        "Amortization Of Intangibles Income Statement": 2663000.0,
        "Selling General And Administration": 52267000.0,
        "General And Administrative Expense": 52267000.0,
        "Other Gand A": 52267000.0,
        "Gross Profit": 85295000.0,
        "Cost Of Revenue": 119475000.0,
        "Total Revenue": 204770000.0,
        "Operating Revenue": 204770000.0
    },
    "2025-03-31": {
        "Tax Effect Of Unusual Items": -2042351.0,
        "Tax Rate For Calcs": 0.359,
        "Normalized EBITDA": 46573000.0,
        "Total Unusual Items": -5689000.0,
        "Total Unusual Items Excluding Goodwill": -5689000.0,
        "Net Income From Continuing Operation Net Minority Interest": 8197000.0,
        "Reconciled Depreciation": 10362000.0,
        "Reconciled Cost Of Revenue": 116824000.0,
        "EBITDA": 40884000.0,
        "EBIT": 30522000.0,
        "Net Interest Income": -17727000.0,
        "Interest Expense": 17727000.0,
        "Normalized Income": 11843649.0,
        "Net Income From Continuing And Discontinued Operation": 8197000.0,
        "Total Expenses": 178523000.0,
        "Rent Expense Supplemental": 21210000.0,
        "Diluted Average Shares": 14907000.0,
        "Basic Average Shares": 14907000.0,
        "Diluted EPS": 0.53,
        "Basic EPS": 0.53,
        "Diluted NI Availto Com Stockholders": 7844000.0,
        "Average Dilution Earnings": NaN,
        "Net Income Common Stockholders": 7844000.0,
        "Otherunder Preferred Stock Dividend": 353000.0,
        "Net Income": 8197000.0,
        "Net Income Including Noncontrolling Interests": 8197000.0,
        "Net Income Continuous Operations": 8197000.0,
        "Tax Provision": 4598000.0,
        "Pretax Income": 12795000.0,
        "Other Income Expense": -5689000.0,
        "Special Income Charges": -5689000.0,
        "Gain On Sale Of Ppe": 111000.0,
        "Gain On Sale Of Business": NaN,
        "Other Special Charges": NaN,
        "Write Off": 3000000.0,
        "Impairment Of Capital Assets": 3000000.0,
        "Restructuring And Mergern Acquisition": 2800000.0,
        "Net Non Operating Interest Income Expense": -17727000.0,
        "Interest Expense Non Operating": 17727000.0,
        "Operating Income": 36257000.0,
        "Operating Expense": 54053000.0,
        "Depreciation Amortization Depletion Income Statement": 2716000.0,
        "Depreciation And Amortization In Income Statement": 2716000.0,
        "Amortization": 2716000.0,
        "Amortization Of Intangibles Income Statement": 2716000.0,
        "Selling General And Administration": 51337000.0,
        "General And Administrative Expense": 51337000.0,
        "Other Gand A": 51337000.0,
        "Gross Profit": 90310000.0,
        "Cost Of Revenue": 124470000.0,
        "Total Revenue": 214780000.0,
        "Operating Revenue": 214780000.0
    },
    "2025-06-30": {
        "Tax Effect Of Unusual Items": -562488.880672,
        "Tax Rate For Calcs": 0.270297,
        "Normalized EBITDA": 49269000.0,
        "Total Unusual Items": -2081000.0,
        "Total Unusual Items Excluding Goodwill": -2081000.0,
        "Net Income From Continuing Operation Net Minority Interest": 13814000.0,
        "Reconciled Depreciation": 10458000.0,
        "Reconciled Cost Of Revenue": 130791000.0,
        "EBITDA": 47188000.0,
        "EBIT": 36730000.0,
        "Net Interest Income": -17799000.0,
        "Interest Expense": 17799000.0,
        "Normalized Income": 15332511.119328,
        "Net Income From Continuing And Discontinued Operation": 13814000.0,
        "Total Expenses": 192018000.0,
        "Rent Expense Supplemental": 21146000.0,
        "Diluted Average Shares": 14879000.0,
        "Basic Average Shares": 14879000.0,
        "Diluted EPS": 0.89,
        "Basic EPS": 0.89,
        "Diluted NI Availto Com Stockholders": 13213000.0,
        "Average Dilution Earnings": 0.0,
        "Net Income Common Stockholders": 13213000.0,
        "Otherunder Preferred Stock Dividend": 601000.0,
        "Net Income": 13814000.0,
        "Net Income Including Noncontrolling Interests": 13814000.0,
        "Net Income Continuous Operations": 13814000.0,
        "Tax Provision": 5117000.0,
        "Pretax Income": 18931000.0,
        "Other Income Expense": -2081000.0,
        "Special Income Charges": -2081000.0,
        "Gain On Sale Of Ppe": -31000.0,
        "Gain On Sale Of Business": NaN,
        "Other Special Charges": 850000.0,
        "Write Off": 200000.0,
        "Impairment Of Capital Assets": NaN,
        "Restructuring And Mergern Acquisition": 1000000.0,
        "Net Non Operating Interest Income Expense": -17799000.0,
        "Interest Expense Non Operating": 17799000.0,
        "Operating Income": 38766000.0,
        "Operating Expense": 53463000.0,
        "Depreciation Amortization Depletion Income Statement": 2694000.0,
        "Depreciation And Amortization In Income Statement": 2694000.0,
        "Amortization": 2694000.0,
        "Amortization Of Intangibles Income Statement": 2694000.0,
        "Selling General And Administration": 50769000.0,
        "General And Administrative Expense": 50769000.0,
        "Other Gand A": 50769000.0,
        "Gross Profit": 92229000.0,
        "Cost Of Revenue": 138555000.0,
        "Total Revenue": 230784000.0,
        "Operating Revenue": 230784000.0
    },
    "2025-09-30": {
        "Tax Effect Of Unusual Items": -158066.176471,
        "Tax Rate For Calcs": 0.272059,
        "Normalized EBITDA": 41994000.0,
        "Total Unusual Items": -581000.0,
        "Total Unusual Items Excluding Goodwill": -581000.0,
        "Net Income From Continuing Operation Net Minority Interest": 7326000.0,
        "Reconciled Depreciation": 10558000.0,
        "Reconciled Cost Of Revenue": 123960000.0,
        "EBITDA": 41413000.0,
        "EBIT": 30855000.0,
        "Net Interest Income": -20791000.0,
        "Interest Expense": 20791000.0,
        "Normalized Income": 7748933.823529,
        "Net Income From Continuing And Discontinued Operation": 7326000.0,
        "Total Expenses": 184718000.0,
        "Rent Expense Supplemental": 21080000.0,
        "Diluted Average Shares": 14410000.0,
        "Basic Average Shares": 14410000.0,
        "Diluted EPS": 0.48,
        "Basic EPS": 0.48,
        "Diluted NI Availto Com Stockholders": 6984000.0,
        "Average Dilution Earnings": NaN,
        "Net Income Common Stockholders": 6984000.0,
        "Otherunder Preferred Stock Dividend": 342000.0,
        "Net Income": 7326000.0,
        "Net Income Including Noncontrolling Interests": 7326000.0,
        "Net Income Continuous Operations": 7326000.0,
        "Tax Provision": 2738000.0,
        "Pretax Income": 10064000.0,
        "Other Income Expense": -581000.0,
        "Special Income Charges": -581000.0,
        "Gain On Sale Of Ppe": 19000.0,
        "Gain On Sale Of Business": NaN,
        "Other Special Charges": NaN,
        "Write Off": 0.0,
        "Impairment Of Capital Assets": NaN,
        "Restructuring And Mergern Acquisition": 600000.0,
        "Net Non Operating Interest Income Expense": -20791000.0,
        "Interest Expense Non Operating": 20791000.0,
        "Operating Income": 31448000.0,
        "Operating Expense": 53105000.0,
        "Depreciation Amortization Depletion Income Statement": 2905000.0,
        "Depreciation And Amortization In Income Statement": 2905000.0,
        "Amortization": 2905000.0,
        "Amortization Of Intangibles Income Statement": 2905000.0,
        "Selling General And Administration": 50200000.0,
        "General And Administrative Expense": 50200000.0,
        "Other Gand A": 50200000.0,
        "Gross Profit": 84553000.0,
        "Cost Of Revenue": 131613000.0,
        "Total Revenue": 216166000.0,
        "Operating Revenue": 216166000.0
    }
}