{
    "2023-03-31": {
        "Tax Effect Of Unusual Items": NaN,
        "Tax Rate For Calcs": NaN,
        "Normalized EBITDA": NaN,
        "Total Unusual Items": NaN,
        "Total Unusual Items Excluding Goodwill": NaN,
        "Net Income From Continuing Operation Net Minority Interest": NaN,
        "Reconciled Depreciation": NaN,
        "Reconciled Cost Of Revenue": NaN,
        "EBITDA": NaN,
        "EBIT": NaN,
        "Net Interest Income": NaN,
        "Interest Expense": NaN,
        "Interest Income": NaN,
        "Normalized Income": NaN,
        "Net Income From Continuing And Discontinued Operation": NaN,
        "Total Expenses": NaN,
        "Total Operating Income As Reported": NaN,
        "Diluted Average Shares": NaN,
        "Basic Average Shares": NaN,
        "Diluted EPS": NaN,
        "Basic EPS": NaN,
        "Diluted NI Availto Com Stockholders": NaN,
        "Net Income Common Stockholders": NaN,
        "Net Income": NaN,
        "Minority Interests": NaN,
        "Net Income Including Noncontrolling Interests": NaN,
        "Net Income Continuous Operations": NaN,
        "Tax Provision": NaN,
        "Pretax Income": NaN,
        "Other Income Expense": NaN,
        "Other Non Operating Income Expenses": NaN,
        "Special Income Charges": NaN,
        "Gain On Sale Of Ppe": 48000.0,
        "Restructuring And Mergern Acquisition": NaN,
        "Gain On Sale Of Security": NaN,
        "Net Non Operating Interest Income Expense": NaN,
        "Interest Expense Non Operating": NaN,
        "Interest Income Non Operating": NaN,
        "Operating Income": NaN,
        "Operating Expense": NaN,
        "Other Operating Expenses": -48000.0,
        "Depreciation Amortization Depletion Income Statement": NaN,
        "Depreciation And Amortization In Income Statement": NaN,
        "Amortization": NaN,
        "Amortization Of Intangibles Income Statement": NaN,
        "Research And Development": NaN,
        "Selling General And Administration": NaN,
        "Gross Profit": NaN,
        "Cost Of Revenue": NaN,
        "Total Revenue": NaN,
        "Operating Revenue": NaN
    },
    "2022-12-31": {
        "Tax Effect Of Unusual Items": 39866.63712,
        "Tax Rate For Calcs": 0.014837,
        "Normalized EBITDA": 129326000.0,
        "Total Unusual Items": 2687000.0,
        "Total Unusual Items Excluding Goodwill": 2687000.0,
        "Net Income From Continuing Operation Net Minority Interest": 92051000.0,
        "Reconciled Depreciation": 34357000.0,
        "Reconciled Cost Of Revenue": 259489000.0,
        "EBITDA": 132013000.0,
        "EBIT": 97656000.0,
        "Net Interest Income": -1769000.0,
        "Interest Expense": 2892000.0,
        "Interest Income": 1123000.0,
        "Normalized Income": 89403866.63712,
        "Net Income From Continuing And Discontinued Operation": 92051000.0,
        "Total Expenses": 403412000.0,
        "Total Operating Income As Reported": 96451000.0,
        "Diluted Average Shares": NaN,
        "Basic Average Shares": NaN,
        "Diluted EPS": NaN,
        "Basic EPS": NaN,
        "Diluted NI Availto Com Stockholders": 92051000.0,
        "Net Income Common Stockholders": 92051000.0,
        "Net Income": 92051000.0,
        "Minority Interests": -1307000.0,
        "Net Income Including Noncontrolling Interests": 93358000.0,
        "Net Income Continuous Operations": 93358000.0,
        "Tax Provision": 1406000.0,
        "Pretax Income": 94764000.0,
        "Other Income Expense": 3733000.0,
        "Other Non Operating Income Expenses": 1046000.0,
        "Special Income Charges": NaN,
        "Restructuring And Mergern Acquisition": NaN,
        "Gain On Sale Of Security": -964000.0,
        "Net Non Operating Interest Income Expense": -1769000.0,
        "Interest Expense Non Operating": 2892000.0,
        "Interest Income Non Operating": 1123000.0,
        "Operating Income": 92800000.0,
        "Operating Expense": 113396000.0,
        "Other Operating Expenses": 3654000.0,
        "Depreciation Amortization Depletion Income Statement": 3830000.0,
        "Depreciation And Amortization In Income Statement": 3830000.0,
        "Amortization": 3830000.0,
        "Amortization Of Intangibles Income Statement": 3830000.0,
        "Research And Development": 34090000.0,
        "Selling General And Administration": 71822000.0,
        "Gross Profit": 206196000.0,
        "Cost Of Revenue": 290016000.0,
        "Total Revenue": 496212000.0,
        "Operating Revenue": 496212000.0
    },
    "2022-09-30": {
        "Tax Effect Of Unusual Items": NaN,
        "Tax Rate For Calcs": NaN,
        "Normalized EBITDA": NaN,
        "Total Unusual Items": NaN,
        "Total Unusual Items Excluding Goodwill": NaN,
        "Net Income From Continuing Operation Net Minority Interest": NaN,
        "Reconciled Depreciation": NaN,
        "Reconciled Cost Of Revenue": NaN,
        "EBITDA": NaN,
        "EBIT": NaN,
        "Net Interest Income": NaN,
        "Interest Expense": NaN,
        "Interest Income": NaN,
        "Normalized Income": NaN,
        "Net Income From Continuing And Discontinued Operation": NaN,
        "Total Expenses": NaN,
        "Total Operating Income As Reported": NaN,
        "Diluted Average Shares": NaN,
        "Basic Average Shares": NaN,
        "Diluted EPS": NaN,
        "Basic EPS": NaN,
        "Diluted NI Availto Com Stockholders": NaN,
        "Net Income Common Stockholders": NaN,
        "Net Income": NaN,
        "Minority Interests": NaN,
        "Net Income Including Noncontrolling Interests": NaN,
        "Net Income Continuous Operations": NaN,
        "Tax Provision": NaN,
        "Pretax Income": NaN,
        "Other Income Expense": NaN,
        "Other Non Operating Income Expenses": NaN,
        "Special Income Charges": 0.0,
        "Gain On Sale Of Ppe": NaN,
        "Restructuring And Mergern Acquisition": 0.0,
        "Gain On Sale Of Security": NaN,
        "Net Non Operating Interest Income Expense": NaN,
        "Interest Expense Non Operating": NaN,
        "Interest Income Non Operating": NaN,
        "Operating Income": NaN,
        "Operating Expense": NaN,
        "Other Operating Expenses": NaN,
        "Depreciation Amortization Depletion Income Statement": NaN,
        "Depreciation And Amortization In Income Statement": NaN,
        "Amortization": NaN,
        "Amortization Of Intangibles Income Statement": NaN,
        "Research And Development": NaN,
        "Selling General And Administration": NaN,
        "Gross Profit": NaN,
        "Cost Of Revenue": NaN,
        "Total Revenue": NaN,
        "Operating Revenue": NaN
    },
    "2022-06-30": {
        "Tax Effect Of Unusual Items": -1081990.0,
        "Tax Rate For Calcs": 0.182,
        "Normalized EBITDA": 140044000.0,
        "Total Unusual Items": -5945000.0,
        "Total Unusual Items Excluding Goodwill": -5945000.0,
        "Net Income From Continuing Operation Net Minority Interest": 80155000.0,
        "Reconciled Depreciation": 31298000.0,
        "Reconciled Cost Of Revenue": 267128000.0,
        "EBITDA": 134099000.0,
        "EBIT": 102801000.0,
        "Net Interest Income": -729000.0,
        "Interest Expense": 1590000.0,
        "Interest Income": 861000.0,
        "Normalized Income": 85018010.0,
        "Net Income From Continuing And Discontinued Operation": 80155000.0,
        "Total Expenses": 394734000.0,
        "Total Operating Income As Reported": 106238000.0,
        "Diluted Average Shares": 45841000.0,
        "Basic Average Shares": 45265000.0,
        "Diluted EPS": 1.75,
        "Basic EPS": 1.77,
        "Diluted NI Availto Com Stockholders": 80155000.0,
        "Net Income Common Stockholders": 80155000.0,
        "Net Income": 80155000.0,
        "Minority Interests": -2595000.0,
        "Net Income Including Noncontrolling Interests": 82750000.0,
        "Net Income Continuous Operations": 82750000.0,
        "Tax Provision": 18461000.0,
        "Pretax Income": 101211000.0,
        "Other Income Expense": -4298000.0,
        "Other Non Operating Income Expenses": 1647000.0,
        "Gain On Sale Of Security": -5945000.0,
        "Net Non Operating Interest Income Expense": -729000.0,
        "Interest Expense Non Operating": 1590000.0,
        "Interest Income Non Operating": 861000.0,
        "Operating Income": 106238000.0,
        "Operating Expense": 100288000.0,
        "Other Operating Expenses": -3521000.0,
        "Depreciation Amortization Depletion Income Statement": 3980000.0,
        "Depreciation And Amortization In Income Statement": 3980000.0,
        "Amortization": 3980000.0,
        "Amortization Of Intangibles Income Statement": 3980000.0,
        "Research And Development": 30762000.0,
        "Selling General And Administration": 69067000.0,
        "Gross Profit": 206526000.0,
        "Cost Of Revenue": 294446000.0,
        "Total Revenue": 500972000.0,
        "Operating Revenue": 500972000.0
    },
    "2022-03-31": {
        "Diluted EPS": 1.59,
        "Total Revenue": 482,
        "Gross Profit": 197,
        "Operating Income": 93,
        "EBIT": 122,
        "Net Income": 73
    },
    "2021-12-31": {
        "Diluted EPS": 1.41,
        "Total Revenue": 480,
        "Gross Profit": 191,
        "Operating Income": 86,
        "EBIT": 117,
        "Net Income": 66
    },
    "2021-09-30": {
        "Diluted EPS": 1.5,
        "Total Revenue": 471,
        "Gross Profit": 181,
        "Operating Income": 77,
        "EBIT": 108,
        "Net Income": 68
    },
    "2021-06-30": {
        "Diluted EPS": 1.22,
        "Total Revenue": 440,
        "Gross Profit": 160,
        "Operating Income": 65,
        "EBIT": 96,
        "Net Income": 55
    },
    "2021-03-31": {
        "Diluted EPS": 0.87,
        "Total Revenue": 413,
        "Gross Profit": 139,
        "Operating Income": 47,
        "EBIT": 78,
        "Net Income": 39
    },
    "2020-12-31": {
        "Diluted EPS": 0.59,
        "Total Revenue": 350,
        "Gross Profit": 123,
        "Operating Income": 40,
        "EBIT": 69,
        "Net Income": 30
    },
    "2020-09-30": {
        "Diluted EPS": 0.51,
        "Total Revenue": 309,
        "Gross Profit": 111,
        "Operating Income": 38,
        "EBIT": 64,
        "Net Income": 27
    },
    "2020-06-30": {
        "Diluted EPS": 0.4,
        "Total Revenue": 289,
        "Gross Profit": 101,
        "Operating Income": 31,
        "EBIT": 58,
        "Net Income": 21
    },
    "2020-03-31": {
        "Diluted EPS": 0.38,
        "Total Revenue": 281,
        "Gross Profit": 96,
        "Operating Income": 26,
        "EBIT": 53,
        "Net Income": 20
    },
    "2019-12-31": {
        "Diluted EPS": 0.91,
        "Total Revenue": 301,
        "Gross Profit": 109,
        "Operating Income": 61,
        "EBIT": 89,
        "Net Income": 47
    },
    "2019-09-30": {
        "Diluted EPS": 0.73,
        "Total Revenue": 324,
        "Gross Profit": 122,
        "Operating Income": 49,
        "EBIT": 76,
        "Net Income": 38
    },
    "2019-06-30": {
        "Diluted EPS": 0.7,
        "Total Revenue": 322,
        "Gross Profit": 122,
        "Operating Income": 49,
        "EBIT": 76,
        "Net Income": 36
    },
    "2019-03-31": {
        "Diluted EPS": 0.62,
        "Total Revenue": 302,
        "Gross Profit": 112,
        "Operating Income": 42,
        "EBIT": 69,
        "Net Income": 32
    },
    "2018-12-31": {
        "Diluted EPS": 0.57,
        "Total Revenue": 314,
        "Gross Profit": 114,
        "Operating Income": 44,
        "EBIT": 72,
        "Net Income": 30
    },
    "2018-09-30": {
        "Diluted EPS": 0.61,
        "Total Revenue": 321,
        "Gross Profit": 115,
        "Operating Income": 46,
        "EBIT": 46,
        "Net Income": 31
    },
    "2018-06-30": {
        "Diluted EPS": 0.49,
        "Total Revenue": 304,
        "Gross Profit": 107,
        "Operating Income": 38,
        "EBIT": 38,
        "Net Income": 25
    },
    "2018-03-31": {
        "Diluted EPS": 0.37,
        "Total Revenue": 275,
        "Gross Profit": 99,
        "Operating Income": 27,
        "EBIT": 27,
        "Net Income": 19
    },
    "2017-12-31": {
        "Diluted EPS": -0.61,
        "Total Revenue": 268,
        "Gross Profit": 96,
        "Operating Income": 23,
        "EBIT": 23,
        "Net Income": -31
    },
    "2017-09-30": {
        "Diluted EPS": 0.29,
        "Total Revenue": 285,
        "Gross Profit": 96,
        "Operating Income": 24,
        "EBIT": 24,
        "Net Income": 14
    },
    "2017-06-30": {
        "Diluted EPS": 0.26,
        "Total Revenue": 264,
        "Gross Profit": 90,
        "Operating Income": 24,
        "EBIT": 24,
        "Net Income": 13
    },
    "2017-03-31": {
        "Diluted EPS": 0.02,
        "Total Revenue": 236,
        "Gross Profit": 74,
        "Operating Income": 9,
        "EBIT": 9,
        "Net Income": 1
    },
    "2016-12-31": {
        "Diluted EPS": 0.03,
        "Total Revenue": 232,
        "Gross Profit": 67,
        "Operating Income": 5,
        "EBIT": 5,
        "Net Income": 1
    },
    "2016-09-30": {
        "Diluted EPS": 0.21,
        "Total Revenue": 251,
        "Gross Profit": 81,
        "Operating Income": 20,
        "EBIT": 20,
        "Net Income": 11
    },
    "2016-06-30": {
        "Diluted EPS": 0.12,
        "Total Revenue": 237,
        "Gross Profit": 75,
        "Operating Income": 11,
        "EBIT": 11,
        "Net Income": 6
    },
    "2016-03-31": {
        "Diluted EPS": -0.04,
        "Total Revenue": 223,
        "Gross Profit": 64,
        "Operating Income": 1,
        "EBIT": 1,
        "Net Income": -2
    },
    "2015-12-31": {
        "Diluted EPS": -0.11,
        "Total Revenue": 214,
        "Gross Profit": 54,
        "Operating Income": -7,
        "EBIT": -7,
        "Net Income": -5
    },
    "2015-09-30": {
        "Diluted EPS": 0.06,
        "Total Revenue": 209,
        "Gross Profit": 62,
        "Operating Income": 10,
        "EBIT": 10,
        "Net Income": 3
    },
    "2015-06-30": {
        "Diluted EPS": 0.31,
        "Total Revenue": 219,
        "Gross Profit": 69,
        "Operating Income": 22,
        "EBIT": 22,
        "Net Income": 15
    },
    "2015-03-31": {
        "Diluted EPS": 0.23,
        "Total Revenue": 206,
        "Gross Profit": 64,
        "Operating Income": 17,
        "EBIT": 17,
        "Net Income": 11
    },
    "2014-12-31": {
        "Diluted EPS": 0.34,
        "Total Revenue": 224,
        "Gross Profit": 71,
        "Operating Income": 22,
        "EBIT": 22,
        "Net Income": 17
    },
    "2014-09-30": {
        "Diluted EPS": 0.4,
        "Total Revenue": 234,
        "Gross Profit": 75,
        "Operating Income": 25,
        "EBIT": 25,
        "Net Income": 19
    },
    "2014-06-30": {
        "Diluted EPS": 0.36,
        "Total Revenue": 223,
        "Gross Profit": 70,
        "Operating Income": 23,
        "EBIT": 23,
        "Net Income": 17
    },
    "2014-03-31": {
        "Diluted EPS": 0.21,
        "Total Revenue": 210,
        "Gross Profit": 62,
        "Operating Income": 14,
        "EBIT": 14,
        "Net Income": 10
    },
    "2013-12-31": {
        "Diluted EPS": 0.14,
        "Total Revenue": 211,
        "Gross Profit": 61,
        "Operating Income": 8,
        "EBIT": 8,
        "Net Income": 6
    },
    "2013-09-30": {
        "Diluted EPS": 0.28,
        "Total Revenue": 225,
        "Gross Profit": 70,
        "Operating Income": 20,
        "EBIT": 20,
        "Net Income": 14
    },
    "2013-06-30": {
        "Diluted EPS": 0.18,
        "Total Revenue": 214,
        "Gross Profit": 61,
        "Operating Income": 10,
        "EBIT": 10,
        "Net Income": 9
    },
    "2013-03-31": {
        "Diluted EPS": -0.04,
        "Total Revenue": 177,
        "Gross Profit": 46,
        "Operating Income": 4,
        "EBIT": 4,
        "Net Income": -2
    },
    "2012-12-31": {
        "Diluted EPS": 0.09,
        "Total Revenue": 163,
        "Gross Profit": 43,
        "Operating Income": 4,
        "EBIT": 4,
        "Net Income": 4
    },
    "2012-09-30": {
        "Diluted EPS": 0.18,
        "Total Revenue": 167,
        "Gross Profit": 44,
        "Operating Income": 8,
        "EBIT": 8,
        "Net Income": 9
    },
    "2012-06-30": {
        "Diluted EPS": 0.14,
        "Total Revenue": 159,
        "Gross Profit": 41,
        "Operating Income": 8,
        "EBIT": 8,
        "Net Income": 7
    },
    "2012-03-31": {
        "Diluted EPS": 0.1,
        "Total Revenue": 145,
        "Gross Profit": 34,
        "Operating Income": 6,
        "EBIT": 6,
        "Net Income": 5
    },
    "2011-12-31": {
        "Diluted EPS": 0.08,
        "Total Revenue": 143,
        "Gross Profit": 35,
        "Operating Income": 5,
        "EBIT": 5,
        "Net Income": 3
    },
    "2011-09-30": {
        "Diluted EPS": 0.21,
        "Total Revenue": 161,
        "Gross Profit": 45,
        "Operating Income": 13,
        "EBIT": 13,
        "Net Income": 10
    },
    "2011-06-30": {
        "Diluted EPS": 0.38,
        "Total Revenue": 170,
        "Gross Profit": 56,
        "Operating Income": 25,
        "EBIT": 25,
        "Net Income": 18
    },
    "2011-03-31": {
        "Diluted EPS": 0.42,
        "Total Revenue": 162,
        "Gross Profit": 57,
        "Operating Income": 28,
        "EBIT": 28,
        "Net Income": 20
    },
    "2010-12-31": {
        "Diluted EPS": 0.52,
        "Total Revenue": 164,
        "Gross Profit": 63,
        "Operating Income": 32,
        "EBIT": 32,
        "Net Income": 24
    },
    "2010-09-30": {
        "Diluted EPS": 0.46,
        "Total Revenue": 163,
        "Gross Profit": 61,
        "Operating Income": 30,
        "EBIT": 30,
        "Net Income": 21
    },
    "2010-06-30": {
        "Diluted EPS": 0.37,
        "Total Revenue": 149,
        "Gross Profit": 53,
        "Operating Income": 24,
        "EBIT": 24,
        "Net Income": 17
    },
    "2010-03-31": {
        "Diluted EPS": 0.33,
        "Total Revenue": 137,
        "Gross Profit": 48,
        "Operating Income": 19,
        "EBIT": 19,
        "Net Income": 15
    },
    "2009-12-31": {
        "Diluted EPS": 0.34,
        "Total Revenue": 130,
        "Gross Profit": 42,
        "Operating Income": 14,
        "EBIT": 28,
        "Net Income": 14
    },
    "2009-09-30": {
        "Diluted EPS": 0.16,
        "Total Revenue": 122,
        "Gross Profit": 38,
        "Operating Income": 11,
        "EBIT": 25,
        "Net Income": 7
    },
    "2009-06-30": {
        "Diluted EPS": -0.07,
        "Total Revenue": 104,
        "Gross Profit": 27,
        "Operating Income": 6,
        "EBIT": 20,
        "Net Income": -3
    },
    "2009-03-31": {
        "Diluted EPS": -0.26,
        "Total Revenue": 78,
        "Gross Profit": 14,
        "Operating Income": -8,
        "EBIT": 6,
        "Net Income": -11
    },
    "2023-06-30": {
        "Tax Effect Of Unusual Items": NaN,
        "Tax Rate For Calcs": NaN,
        "Normalized EBITDA": NaN,
        "Total Unusual Items": NaN,
        "Total Unusual Items Excluding Goodwill": NaN,
        "Net Income From Continuing Operation Net Minority Interest": NaN,
        "Reconciled Depreciation": NaN,
        "Reconciled Cost Of Revenue": NaN,
        "EBITDA": NaN,
        "EBIT": NaN,
        "Net Interest Income": NaN,
        "Interest Expense": NaN,
        "Interest Income": NaN,
        "Normalized Income": NaN,
        "Net Income From Continuing And Discontinued Operation": NaN,
        "Total Expenses": NaN,
        "Total Operating Income As Reported": NaN,
        "Diluted Average Shares": NaN,
        "Basic Average Shares": NaN,
        "Diluted EPS": NaN,
        "Basic EPS": NaN,
        "Diluted NI Availto Com Stockholders": NaN,
        "Net Income Common Stockholders": NaN,
        "Net Income": NaN,
        "Minority Interests": NaN,
        "Net Income Including Noncontrolling Interests": NaN,
        "Net Income Continuous Operations": NaN,
        "Tax Provision": NaN,
        "Pretax Income": NaN,
        "Other Income Expense": NaN,
        "Other Non Operating Income Expenses": NaN,
        "Special Income Charges": NaN,
        "Gain On Sale Of Ppe": NaN,
        "Restructuring And Mergern Acquisition": NaN,
        "Gain On Sale Of Security": NaN,
        "Net Non Operating Interest Income Expense": NaN,
        "Interest Expense Non Operating": NaN,
        "Interest Income Non Operating": NaN,
        "Operating Income": NaN,
        "Operating Expense": NaN,
        "Other Operating Expenses": -13000.0,
        "Depreciation Amortization Depletion Income Statement": NaN,
        "Depreciation And Amortization In Income Statement": NaN,
        "Amortization": NaN,
        "Amortization Of Intangibles Income Statement": NaN,
        "Research And Development": NaN,
        "Selling General And Administration": NaN,
        "Gross Profit": NaN,
        "Cost Of Revenue": NaN,
        "Total Revenue": NaN,
        "Operating Revenue": NaN
    },
    "2023-09-30": {
        "Tax Effect Of Unusual Items": NaN,
        "Tax Rate For Calcs": NaN,
        "Normalized EBITDA": NaN,
        "Total Unusual Items": NaN,
        "Total Unusual Items Excluding Goodwill": NaN,
        "Net Income From Continuing Operation Net Minority Interest": NaN,
        "Reconciled Depreciation": NaN,
        "Reconciled Cost Of Revenue": NaN,
        "EBITDA": NaN,
        "EBIT": NaN,
        "Net Interest Income": NaN,
        "Interest Expense": NaN,
        "Interest Income": NaN,
        "Normalized Income": NaN,
        "Net Income From Continuing And Discontinued Operation": NaN,
        "Total Expenses": NaN,
        "Total Operating Income As Reported": NaN,
        "Diluted Average Shares": NaN,
        "Basic Average Shares": NaN,
        "Diluted EPS": NaN,
        "Basic EPS": NaN,
        "Diluted NI Availto Com Stockholders": NaN,
        "Net Income Common Stockholders": NaN,
        "Net Income": NaN,
        "Minority Interests": NaN,
        "Net Income Including Noncontrolling Interests": NaN,
        "Net Income Continuous Operations": NaN,
        "Tax Provision": NaN,
        "Pretax Income": NaN,
        "Other Income Expense": NaN,
        "Other Non Operating Income Expenses": NaN,
        "Special Income Charges": NaN,
        "Gain On Sale Of Ppe": NaN,
        "Write Off": NaN,
        "Restructuring And Mergern Acquisition": 2566000.0,
        "Gain On Sale Of Security": NaN,
        "Net Non Operating Interest Income Expense": NaN,
        "Interest Expense Non Operating": NaN,
        "Interest Income Non Operating": NaN,
        "Operating Income": NaN,
        "Operating Expense": NaN,
        "Other Operating Expenses": -1404000.0,
        "Depreciation Amortization Depletion Income Statement": NaN,
        "Depreciation And Amortization In Income Statement": NaN,
        "Amortization": NaN,
        "Amortization Of Intangibles Income Statement": NaN,
        "Research And Development": NaN,
        "Selling General And Administration": NaN,
        "Gross Profit": NaN,
        "Cost Of Revenue": NaN,
        "Total Revenue": NaN,
        "Operating Revenue": NaN
    },
    "2023-12-31": {
        "Tax Effect Of Unusual Items": NaN,
        "Tax Rate For Calcs": NaN,
        "Normalized EBITDA": NaN,
        "Total Unusual Items": NaN,
        "Total Unusual Items Excluding Goodwill": NaN,
        "Net Income From Continuing Operation Net Minority Interest": NaN,
        "Reconciled Depreciation": NaN,
        "Reconciled Cost Of Revenue": NaN,
        "EBITDA": NaN,
        "EBIT": NaN,
        "Net Interest Income": NaN,
        "Interest Expense": NaN,
        "Interest Income": NaN,
        "Normalized Income": NaN,
        "Net Income From Continuing And Discontinued Operation": NaN,
        "Total Expenses": NaN,
        "Total Operating Income As Reported": NaN,
        "Diluted Average Shares": NaN,
        "Basic Average Shares": NaN,
        "Diluted EPS": NaN,
        "Basic EPS": NaN,
        "Diluted NI Availto Com Stockholders": NaN,
        "Net Income Common Stockholders": NaN,
        "Net Income": NaN,
        "Minority Interests": NaN,
        "Net Income Including Noncontrolling Interests": NaN,
        "Net Income Continuous Operations": NaN,
        "Tax Provision": NaN,
        "Pretax Income": NaN,
        "Other Income Expense": NaN,
        "Other Non Operating Income Expenses": NaN,
        "Special Income Charges": NaN,
        "Gain On Sale Of Ppe": NaN,
        "Gain On Sale Of Business": NaN,
        "Write Off": NaN,
        "Restructuring And Mergern Acquisition": -983000.0,
        "Gain On Sale Of Security": NaN,
        "Net Non Operating Interest Income Expense": NaN,
        "Interest Expense Non Operating": NaN,
        "Interest Income Non Operating": NaN,
        "Operating Income": NaN,
        "Operating Expense": NaN,
        "Other Operating Expenses": 1554000.0,
        "Depreciation Amortization Depletion Income Statement": NaN,
        "Depreciation And Amortization In Income Statement": NaN,
        "Amortization": NaN,
        "Amortization Of Intangibles Income Statement": NaN,
        "Research And Development": NaN,
        "Selling General And Administration": NaN,
        "Gross Profit": NaN,
        "Cost Of Revenue": NaN,
        "Total Revenue": NaN,
        "Operating Revenue": NaN
    },
    "2024-03-31": {
        "Tax Effect Of Unusual Items": NaN,
        "Tax Rate For Calcs": NaN,
        "Normalized EBITDA": NaN,
        "Total Unusual Items": NaN,
        "Total Unusual Items Excluding Goodwill": NaN,
        "Net Income From Continuing Operation Net Minority Interest": NaN,
        "Reconciled Depreciation": NaN,
        "Reconciled Cost Of Revenue": NaN,
        "EBITDA": NaN,
        "EBIT": NaN,
        "Net Interest Income": NaN,
        "Interest Expense": NaN,
        "Interest Income": NaN,
        "Normalized Income": NaN,
        "Net Income From Continuing And Discontinued Operation": NaN,
        "Total Expenses": NaN,
        "Total Operating Income As Reported": NaN,
        "Diluted Average Shares": NaN,
        "Basic Average Shares": NaN,
        "Diluted EPS": NaN,
        "Basic EPS": NaN,
        "Diluted NI Availto Com Stockholders": NaN,
        "Net Income Common Stockholders": NaN,
        "Net Income": NaN,
        "Minority Interests": NaN,
        "Net Income Including Noncontrolling Interests": NaN,
        "Net Income Continuous Operations": NaN,
        "Tax Provision": NaN,
        "Pretax Income": NaN,
        "Other Income Expense": NaN,
        "Other Non Operating Income Expenses": NaN,
        "Special Income Charges": NaN,
        "Gain On Sale Of Ppe": NaN,
        "Gain On Sale Of Business": NaN,
        "Write Off": 0.0,
        "Restructuring And Mergern Acquisition": NaN,
        "Gain On Sale Of Security": NaN,
        "Net Non Operating Interest Income Expense": NaN,
        "Interest Expense Non Operating": NaN,
        "Interest Income Non Operating": NaN,
        "Operating Income": NaN,
        "Operating Expense": NaN,
        "Other Operating Expenses": -1000.0,
        "Depreciation Amortization Depletion Income Statement": NaN,
        "Depreciation And Amortization In Income Statement": NaN,
        "Amortization": NaN,
        "Amortization Of Intangibles Income Statement": NaN,
        "Research And Development": NaN,
        "Selling General And Administration": NaN,
        "Gross Profit": NaN,
        "Cost Of Revenue": NaN,
        "Total Revenue": NaN,
        "Operating Revenue": NaN
    },
    "2024-06-30": {
        "Tax Effect Of Unusual Items": -621914.0,
        "Tax Rate For Calcs": 0.206,
        "Normalized EBITDA": 50459000.0,
        "Total Unusual Items": -3019000.0,
        "Total Unusual Items Excluding Goodwill": -3019000.0,
        "Net Income From Continuing Operation Net Minority Interest": 8000000.0,
        "Reconciled Depreciation": 33784000.0,
        "Reconciled Cost Of Revenue": 182455000.0,
        "EBITDA": 47440000.0,
        "EBIT": 13656000.0,
        "Net Interest Income": 3385000.0,
        "Interest Expense": 852000.0,
        "Interest Income": 4237000.0,
        "Normalized Income": 10397086.0,
        "Net Income From Continuing And Discontinued Operation": 8000000.0,
        "Total Expenses": 307895000.0,
        "Total Operating Income As Reported": 3708000.0,
        "Diluted Average Shares": 46324000.0,
        "Basic Average Shares": 46133000.0,
        "Diluted EPS": 0.17,
        "Basic EPS": 0.17,
        "Diluted NI Availto Com Stockholders": 8000000.0,
        "Net Income Common Stockholders": 8000000.0,
        "Net Income": 8000000.0,
        "Minority Interests": -2161000.0,
        "Net Income Including Noncontrolling Interests": 10161000.0,
        "Net Income Continuous Operations": 10161000.0,
        "Tax Provision": 2643000.0,
        "Pretax Income": 12804000.0,
        "Other Income Expense": -2457000.0,
        "Other Non Operating Income Expenses": 562000.0,
        "Special Income Charges": -8168000.0,
        "Gain On Sale Of Ppe": 82000.0,
        "Gain On Sale Of Business": 0.0,
        "Write Off": 0.0,
        "Restructuring And Mergern Acquisition": 8250000.0,
        "Gain On Sale Of Security": 5149000.0,
        "Net Non Operating Interest Income Expense": 3385000.0,
        "Interest Expense Non Operating": 852000.0,
        "Interest Income Non Operating": 4237000.0,
        "Operating Income": 11876000.0,
        "Operating Expense": 95510000.0,
        "Other Operating Expenses": NaN,
        "Depreciation Amortization Depletion Income Statement": 3854000.0,
        "Depreciation And Amortization In Income Statement": 3854000.0,
        "Amortization": 3854000.0,
        "Amortization Of Intangibles Income Statement": 3854000.0,
        "Research And Development": 33189000.0,
        "Selling General And Administration": 58467000.0,
        "Gross Profit": 107386000.0,
        "Cost Of Revenue": 212385000.0,
        "Total Revenue": 319771000.0,
        "Operating Revenue": 319771000.0
    },
    "2024-09-30": {
        "Tax Effect Of Unusual Items": -1353792.0,
        "Tax Rate For Calcs": 0.192,
        "Normalized EBITDA": 59943000.0,
        "Total Unusual Items": -7051000.0,
        "Total Unusual Items Excluding Goodwill": -7051000.0,
        "Net Income From Continuing Operation Net Minority Interest": 13745000.0,
        "Reconciled Depreciation": 33634000.0,
        "Reconciled Cost Of Revenue": 202270000.0,
        "EBITDA": 52892000.0,
        "EBIT": 19258000.0,
        "Net Interest Income": 4076000.0,
        "Interest Expense": 456000.0,
        "Interest Income": 4532000.0,
        "Normalized Income": 19442208.0,
        "Net Income From Continuing And Discontinued Operation": 13745000.0,
        "Total Expenses": 328984000.0,
        "Total Operating Income As Reported": 21877000.0,
        "Diluted Average Shares": 46442000.0,
        "Basic Average Shares": 46331000.0,
        "Diluted EPS": 0.3,
        "Basic EPS": 0.3,
        "Diluted NI Availto Com Stockholders": 13745000.0,
        "Net Income Common Stockholders": 13745000.0,
        "Net Income": 13745000.0,
        "Minority Interests": -1438000.0,
        "Net Income Including Noncontrolling Interests": 15183000.0,
        "Net Income Continuous Operations": 15183000.0,
        "Tax Provision": 3619000.0,
        "Pretax Income": 18802000.0,
        "Other Income Expense": -6369000.0,
        "Other Non Operating Income Expenses": 682000.0,
        "Special Income Charges": 782000.0,
        "Gain On Sale Of Ppe": 571000.0,
        "Gain On Sale Of Business": NaN,
        "Write Off": NaN,
        "Restructuring And Mergern Acquisition": -211000.0,
        "Gain On Sale Of Security": -7833000.0,
        "Net Non Operating Interest Income Expense": 4076000.0,
        "Interest Expense Non Operating": 456000.0,
        "Interest Income Non Operating": 4532000.0,
        "Operating Income": 21095000.0,
        "Operating Expense": 96913000.0,
        "Other Operating Expenses": 1000.0,
        "Depreciation Amortization Depletion Income Statement": 3833000.0,
        "Depreciation And Amortization In Income Statement": 3833000.0,
        "Amortization": 3833000.0,
        "Amortization Of Intangibles Income Statement": 3833000.0,
        "Research And Development": 33691000.0,
        "Selling General And Administration": 59388000.0,
        "Gross Profit": 118008000.0,
        "Cost Of Revenue": 232071000.0,
        "Total Revenue": 350079000.0,
        "Operating Revenue": 350079000.0
    },
    "2024-12-31": {
        "Tax Effect Of Unusual Items": -619286.308068,
        "Tax Rate For Calcs": 0.166341,
        "Normalized EBITDA": 51364000.0,
        "Total Unusual Items": -3723000.0,
        "Total Unusual Items Excluding Goodwill": -3723000.0,
        "Net Income From Continuing Operation Net Minority Interest": 8241000.0,
        "Reconciled Depreciation": 34877000.0,
        "Reconciled Cost Of Revenue": 198539000.0,
        "EBITDA": 47641000.0,
        "EBIT": 12764000.0,
        "Net Interest Income": 4426000.0,
        "Interest Expense": 494000.0,
        "Interest Income": 4920000.0,
        "Normalized Income": 11344713.691932,
        "Net Income From Continuing And Discontinued Operation": 8241000.0,
        "Total Expenses": 328945000.0,
        "Total Operating Income As Reported": 11917000.0,
        "Diluted Average Shares": 46397000.0,
        "Basic Average Shares": 46333000.0,
        "Diluted EPS": 0.18,
        "Basic EPS": 0.18,
        "Diluted NI Availto Com Stockholders": 8241000.0,
        "Net Income Common Stockholders": 8241000.0,
        "Net Income": 8241000.0,
        "Minority Interests": -1988000.0,
        "Net Income Including Noncontrolling Interests": 10229000.0,
        "Net Income Continuous Operations": 10229000.0,
        "Tax Provision": 2041000.0,
        "Pretax Income": 12270000.0,
        "Other Income Expense": -2509000.0,
        "Other Non Operating Income Expenses": 1214000.0,
        "Special Income Charges": 1564000.0,
        "Gain On Sale Of Ppe": 2116000.0,
        "Gain On Sale Of Business": NaN,
        "Write Off": NaN,
        "Restructuring And Mergern Acquisition": 552000.0,
        "Gain On Sale Of Security": -5287000.0,
        "Net Non Operating Interest Income Expense": 4426000.0,
        "Interest Expense Non Operating": 494000.0,
        "Interest Income Non Operating": 4920000.0,
        "Operating Income": 10353000.0,
        "Operating Expense": 100531000.0,
        "Other Operating Expenses": NaN,
        "Depreciation Amortization Depletion Income Statement": 5002000.0,
        "Depreciation And Amortization In Income Statement": 5002000.0,
        "Amortization": 5002000.0,
        "Amortization Of Intangibles Income Statement": 5002000.0,
        "Research And Development": 33207000.0,
        "Selling General And Administration": 62323000.0,
        "Gross Profit": 110884000.0,
        "Cost Of Revenue": 228414000.0,
        "Total Revenue": 339298000.0,
        "Operating Revenue": 339298000.0
    },
    "2025-03-31": {
        "Tax Effect Of Unusual Items": -2102940.0,
        "Tax Rate For Calcs": 0.21,
        "Normalized EBITDA": 43618000.0,
        "Total Unusual Items": -10014000.0,
        "Total Unusual Items Excluding Goodwill": -10014000.0,
        "Net Income From Continuing Operation Net Minority Interest": -4437000.0,
        "Reconciled Depreciation": 35904000.0,
        "Reconciled Cost Of Revenue": 197339000.0,
        "EBITDA": 33604000.0,
        "EBIT": -2300000.0,
        "Net Interest Income": 5346000.0,
        "Interest Expense": 467000.0,
        "Interest Income": 5813000.0,
        "Normalized Income": 3474060.0,
        "Net Income From Continuing And Discontinued Operation": -4437000.0,
        "Total Expenses": 330835000.0,
        "Total Operating Income As Reported": 1296000.0,
        "Diluted Average Shares": 46370000.0,
        "Basic Average Shares": 46370000.0,
        "Diluted EPS": -0.1,
        "Basic EPS": -0.1,
        "Diluted NI Availto Com Stockholders": -4437000.0,
        "Net Income Common Stockholders": -4437000.0,
        "Net Income": -4437000.0,
        "Minority Interests": -1650000.0,
        "Net Income Including Noncontrolling Interests": -2787000.0,
        "Net Income Continuous Operations": -2787000.0,
        "Tax Provision": 20000.0,
        "Pretax Income": -2767000.0,
        "Other Income Expense": -9391000.0,
        "Other Non Operating Income Expenses": 623000.0,
        "Special Income Charges": -5799000.0,
        "Gain On Sale Of Ppe": 18000.0,
        "Gain On Sale Of Business": NaN,
        "Write Off": 5817000.0,
        "Restructuring And Mergern Acquisition": NaN,
        "Gain On Sale Of Security": -4215000.0,
        "Net Non Operating Interest Income Expense": 5346000.0,
        "Interest Expense Non Operating": 467000.0,
        "Interest Income Non Operating": 5813000.0,
        "Operating Income": 1278000.0,
        "Operating Expense": 103416000.0,
        "Other Operating Expenses": 266000.0,
        "Depreciation Amortization Depletion Income Statement": 5824000.0,
        "Depreciation And Amortization In Income Statement": 5824000.0,
        "Amortization": 5824000.0,
        "Amortization Of Intangibles Income Statement": 5824000.0,
        "Research And Development": 38627000.0,
        "Selling General And Administration": 58699000.0,
        "Gross Profit": 104694000.0,
        "Cost Of Revenue": 227419000.0,
        "Total Revenue": 332113000.0,
        "Operating Revenue": 332113000.0
    },
    "2025-06-30": {
        "Tax Effect Of Unusual Items": 6265520.0,
        "Tax Rate For Calcs": 0.17,
        "Normalized EBITDA": 52757000.0,
        "Total Unusual Items": 36856000.0,
        "Total Unusual Items Excluding Goodwill": 36856000.0,
        "Net Income From Continuing Operation Net Minority Interest": 46098000.0,
        "Reconciled Depreciation": 35884000.0,
        "Reconciled Cost Of Revenue": 220843000.0,
        "EBITDA": 89613000.0,
        "EBIT": 53729000.0,
        "Net Interest Income": 6518000.0,
        "Interest Expense": 506000.0,
        "Interest Income": 7024000.0,
        "Normalized Income": 15507520.0,
        "Net Income From Continuing And Discontinued Operation": 46098000.0,
        "Total Expenses": 356736000.0,
        "Total Operating Income As Reported": 9389000.0,
        "Diluted Average Shares": 46462000.0,
        "Basic Average Shares": 46398000.0,
        "Diluted EPS": 0.99,
        "Basic EPS": 0.99,
        "Diluted NI Availto Com Stockholders": 46098000.0,
        "Net Income Common Stockholders": 46098000.0,
        "Net Income": 46098000.0,
        "Minority Interests": 1938000.0,
        "Net Income Including Noncontrolling Interests": 44160000.0,
        "Net Income Continuous Operations": 44160000.0,
        "Tax Provision": 9063000.0,
        "Pretax Income": 53223000.0,
        "Other Income Expense": 37229000.0,
        "Other Non Operating Income Expenses": 373000.0,
        "Special Income Charges": 13643000.0,
        "Gain On Sale Of Ppe": -19000.0,
        "Gain On Sale Of Business": 13730000.0,
        "Write Off": 0.0,
        "Restructuring And Mergern Acquisition": 68000.0,
        "Gain On Sale Of Security": 23213000.0,
        "Net Non Operating Interest Income Expense": 6518000.0,
        "Interest Expense Non Operating": 506000.0,
        "Interest Income Non Operating": 7024000.0,
        "Operating Income": 9476000.0,
        "Operating Expense": 105848000.0,
        "Other Operating Expenses": 2000.0,
        "Depreciation Amortization Depletion Income Statement": 5839000.0,
        "Depreciation And Amortization In Income Statement": 5839000.0,
        "Amortization": 5839000.0,
        "Amortization Of Intangibles Income Statement": 5839000.0,
        "Research And Development": 40537000.0,
        "Selling General And Administration": 59470000.0,
        "Gross Profit": 115324000.0,
        "Cost Of Revenue": 250888000.0,
        "Total Revenue": 366212000.0,
        "Operating Revenue": 366212000.0
    }
}