{
    "2023-03-31": {
        "Tax Effect Of Unusual Items": NaN,
        "Tax Rate For Calcs": NaN,
        "Normalized EBITDA": NaN,
        "Total Unusual Items": NaN,
        "Total Unusual Items Excluding Goodwill": NaN,
        "Net Income From Continuing Operation Net Minority Interest": NaN,
        "Reconciled Depreciation": NaN,
        "Reconciled Cost Of Revenue": NaN,
        "EBITDA": NaN,
        "EBIT": NaN,
        "Net Interest Income": NaN,
        "Interest Expense": NaN,
        "Normalized Income": NaN,
        "Net Income From Continuing And Discontinued Operation": NaN,
        "Total Expenses": NaN,
        "Rent Expense Supplemental": NaN,
        "Total Operating Income As Reported": NaN,
        "Diluted Average Shares": 1377026.0,
        "Basic Average Shares": 1377026.0,
        "Diluted EPS": 6.85,
        "Basic EPS": 6.85,
        "Diluted NI Availto Com Stockholders": NaN,
        "Net Income Common Stockholders": NaN,
        "Net Income": NaN,
        "Net Income Including Noncontrolling Interests": NaN,
        "Net Income Continuous Operations": NaN,
        "Tax Provision": NaN,
        "Pretax Income": NaN,
        "Other Income Expense": NaN,
        "Other Non Operating Income Expenses": NaN,
        "Special Income Charges": NaN,
        "Gain On Sale Of Ppe": NaN,
        "Gain On Sale Of Security": NaN,
        "Net Non Operating Interest Income Expense": NaN,
        "Interest Expense Non Operating": NaN,
        "Operating Income": NaN,
        "Operating Expense": NaN,
        "Other Operating Expenses": NaN,
        "Depreciation Amortization Depletion Income Statement": NaN,
        "Depreciation And Amortization In Income Statement": NaN,
        "Selling General And Administration": NaN,
        "Selling And Marketing Expense": NaN,
        "General And Administrative Expense": NaN,
        "Other Gand A": NaN,
        "Rent And Landing Fees": NaN,
        "Gross Profit": NaN,
        "Cost Of Revenue": NaN,
        "Total Revenue": NaN,
        "Operating Revenue": NaN
    },
    "2022-12-31": {
        "Tax Effect Of Unusual Items": NaN,
        "Tax Rate For Calcs": NaN,
        "Normalized EBITDA": NaN,
        "Total Unusual Items": NaN,
        "Total Unusual Items Excluding Goodwill": NaN,
        "Net Income From Continuing Operation Net Minority Interest": NaN,
        "Reconciled Depreciation": NaN,
        "Reconciled Cost Of Revenue": NaN,
        "EBITDA": NaN,
        "EBIT": NaN,
        "Net Interest Income": NaN,
        "Interest Expense": NaN,
        "Interest Income": 1069000.0,
        "Normalized Income": NaN,
        "Net Income From Continuing And Discontinued Operation": NaN,
        "Total Expenses": NaN,
        "Rent Expense Supplemental": NaN,
        "Total Operating Income As Reported": NaN,
        "Diluted Average Shares": NaN,
        "Basic Average Shares": NaN,
        "Diluted EPS": NaN,
        "Basic EPS": NaN,
        "Diluted NI Availto Com Stockholders": NaN,
        "Net Income Common Stockholders": NaN,
        "Net Income": NaN,
        "Net Income Including Noncontrolling Interests": NaN,
        "Net Income Continuous Operations": NaN,
        "Tax Provision": NaN,
        "Pretax Income": NaN,
        "Other Income Expense": NaN,
        "Other Non Operating Income Expenses": NaN,
        "Special Income Charges": NaN,
        "Gain On Sale Of Ppe": NaN,
        "Gain On Sale Of Security": NaN,
        "Net Non Operating Interest Income Expense": NaN,
        "Interest Expense Non Operating": NaN,
        "Interest Income Non Operating": 1069000.0,
        "Operating Income": NaN,
        "Operating Expense": NaN,
        "Other Operating Expenses": NaN,
        "Depreciation Amortization Depletion Income Statement": NaN,
        "Depreciation And Amortization In Income Statement": NaN,
        "Selling General And Administration": NaN,
        "Selling And Marketing Expense": NaN,
        "General And Administrative Expense": NaN,
        "Other Gand A": NaN,
        "Rent And Landing Fees": NaN,
        "Gross Profit": NaN,
        "Cost Of Revenue": NaN,
        "Total Revenue": NaN,
        "Operating Revenue": NaN
    },
    "2022-09-30": {
        "Tax Effect Of Unusual Items": NaN,
        "Tax Rate For Calcs": NaN,
        "Normalized EBITDA": NaN,
        "Total Unusual Items": NaN,
        "Total Unusual Items Excluding Goodwill": NaN,
        "Net Income From Continuing Operation Net Minority Interest": NaN,
        "Reconciled Depreciation": NaN,
        "Reconciled Cost Of Revenue": NaN,
        "EBITDA": NaN,
        "EBIT": NaN,
        "Net Interest Income": NaN,
        "Interest Expense": NaN,
        "Interest Income": 1200000.0,
        "Normalized Income": NaN,
        "Net Income From Continuing And Discontinued Operation": NaN,
        "Total Expenses": NaN,
        "Rent Expense Supplemental": NaN,
        "Total Operating Income As Reported": NaN,
        "Diluted Average Shares": NaN,
        "Basic Average Shares": NaN,
        "Diluted EPS": NaN,
        "Basic EPS": NaN,
        "Diluted NI Availto Com Stockholders": NaN,
        "Net Income Common Stockholders": NaN,
        "Net Income": NaN,
        "Net Income Including Noncontrolling Interests": NaN,
        "Net Income Continuous Operations": NaN,
        "Tax Provision": NaN,
        "Pretax Income": NaN,
        "Other Income Expense": NaN,
        "Other Non Operating Income Expenses": NaN,
        "Special Income Charges": 0.0,
        "Gain On Sale Of Ppe": 0.0,
        "Gain On Sale Of Security": NaN,
        "Net Non Operating Interest Income Expense": NaN,
        "Interest Expense Non Operating": NaN,
        "Interest Income Non Operating": 1200000.0,
        "Operating Income": NaN,
        "Operating Expense": NaN,
        "Other Operating Expenses": NaN,
        "Depreciation Amortization Depletion Income Statement": NaN,
        "Depreciation And Amortization In Income Statement": NaN,
        "Selling General And Administration": NaN,
        "Selling And Marketing Expense": NaN,
        "General And Administrative Expense": NaN,
        "Other Gand A": NaN,
        "Rent And Landing Fees": NaN,
        "Gross Profit": NaN,
        "Cost Of Revenue": NaN,
        "Total Revenue": NaN,
        "Operating Revenue": NaN
    },
    "2022-06-30": {
        "Tax Effect Of Unusual Items": -3358025.43062,
        "Tax Rate For Calcs": 0.27094,
        "Normalized EBITDA": -766000.0,
        "Total Unusual Items": -12394000.0,
        "Total Unusual Items Excluding Goodwill": -12394000.0,
        "Net Income From Continuing Operation Net Minority Interest": -9862000.0,
        "Reconciled Depreciation": 74000.0,
        "Reconciled Cost Of Revenue": 10833000.0,
        "EBITDA": -13160000.0,
        "EBIT": -13234000.0,
        "Net Interest Income": 970000.0,
        "Interest Expense": 293000.0,
        "Interest Income": 1263000.0,
        "Normalized Income": -826025.43062,
        "Net Income From Continuing And Discontinued Operation": -9862000.0,
        "Total Expenses": 12670000.0,
        "Rent Expense Supplemental": 64000.0,
        "Total Operating Income As Reported": -2103000.0,
        "Diluted Average Shares": 1380133.0,
        "Basic Average Shares": 1380133.0,
        "Diluted EPS": -7.15,
        "Basic EPS": -7.15,
        "Diluted NI Availto Com Stockholders": -9862000.0,
        "Net Income Common Stockholders": -9862000.0,
        "Net Income": -9862000.0,
        "Net Income Including Noncontrolling Interests": -9862000.0,
        "Net Income Continuous Operations": -9862000.0,
        "Tax Provision": -3665000.0,
        "Pretax Income": -13527000.0,
        "Other Income Expense": -14379000.0,
        "Other Non Operating Income Expenses": -1985000.0,
        "Special Income Charges": 272000.0,
        "Gain On Sale Of Ppe": 272000.0,
        "Gain On Sale Of Security": -12666000.0,
        "Net Non Operating Interest Income Expense": 970000.0,
        "Interest Expense Non Operating": 293000.0,
        "Interest Income Non Operating": 1263000.0,
        "Operating Income": -118000.0,
        "Operating Expense": 1836000.0,
        "Other Operating Expenses": 692000.0,
        "Depreciation Amortization Depletion Income Statement": 73000.0,
        "Depreciation And Amortization In Income Statement": 73000.0,
        "Selling General And Administration": 1071000.0,
        "Selling And Marketing Expense": NaN,
        "General And Administrative Expense": 1071000.0,
        "Other Gand A": 1007000.0,
        "Rent And Landing Fees": 64000.0,
        "Gross Profit": 1718000.0,
        "Cost Of Revenue": 10834000.0,
        "Total Revenue": 12552000.0,
        "Operating Revenue": 12552000.0
    },
    "2022-03-31": {
        "Diluted EPS": -20.14,
        "Total Revenue": 11,
        "Gross Profit": 11,
        "Operating Income": 0,
        "EBIT": 0,
        "Net Income": -28
    },
    "2021-12-31": {
        "Diluted EPS": 4.98,
        "Total Revenue": 12,
        "Gross Profit": 12,
        "Operating Income": 0,
        "EBIT": 0,
        "Net Income": 7
    },
    "2021-09-30": {
        "Diluted EPS": -1.03,
        "Total Revenue": 12,
        "Gross Profit": 12,
        "Operating Income": 0,
        "EBIT": 0,
        "Net Income": -1
    },
    "2021-06-30": {
        "Diluted EPS": 30.83,
        "Total Revenue": 14,
        "Gross Profit": 13,
        "Operating Income": 1,
        "EBIT": 1,
        "Net Income": 43
    },
    "2021-03-31": {
        "Diluted EPS": 9.04,
        "Total Revenue": 14,
        "Gross Profit": 14,
        "Operating Income": 1,
        "EBIT": 1,
        "Net Income": 12
    },
    "2020-12-31": {
        "Diluted EPS": 42.93,
        "Total Revenue": 10,
        "Gross Profit": 10,
        "Operating Income": 0,
        "EBIT": 0,
        "Net Income": 59
    },
    "2020-09-30": {
        "Diluted EPS": 23.09,
        "Total Revenue": 13,
        "Gross Profit": 13,
        "Operating Income": 1,
        "EBIT": 1,
        "Net Income": 32
    },
    "2020-06-30": {
        "Diluted EPS": 10.34,
        "Total Revenue": 13,
        "Gross Profit": 13,
        "Operating Income": 1,
        "EBIT": 1,
        "Net Income": 14
    },
    "2020-03-31": {
        "Diluted EPS": -40.79,
        "Total Revenue": 12,
        "Gross Profit": 12,
        "Operating Income": -1,
        "EBIT": -1,
        "Net Income": -56
    },
    "2019-12-31": {
        "Diluted EPS": 10.29,
        "Total Revenue": 12,
        "Gross Profit": 11,
        "Operating Income": -2,
        "EBIT": -1,
        "Net Income": 14
    },
    "2019-09-30": {
        "Diluted EPS": -9.06,
        "Total Revenue": 13,
        "Gross Profit": 13,
        "Operating Income": -14,
        "EBIT": -1,
        "Net Income": -13
    },
    "2019-06-30": {
        "Diluted EPS": 2.77,
        "Total Revenue": 15,
        "Gross Profit": 14,
        "Operating Income": 1,
        "EBIT": 1,
        "Net Income": 4
    },
    "2019-03-31": {
        "Diluted EPS": 3.63,
        "Total Revenue": 11,
        "Gross Profit": 11,
        "Operating Income": -3,
        "EBIT": -3,
        "Net Income": 5
    },
    "2018-12-31": {
        "Diluted EPS": -15.6,
        "Total Revenue": 10,
        "Gross Profit": 10,
        "Operating Income": -3,
        "EBIT": -2,
        "Net Income": -22
    },
    "2018-09-30": {
        "Diluted EPS": -3.86,
        "Total Revenue": 10,
        "Gross Profit": 10,
        "Operating Income": -4,
        "EBIT": -3,
        "Net Income": -5
    },
    "2018-06-30": {
        "Diluted EPS": -0.7,
        "Total Revenue": 11,
        "Gross Profit": 11,
        "Operating Income": -3,
        "EBIT": -2,
        "Net Income": -1
    },
    "2018-03-31": {
        "Diluted EPS": -0.17,
        "Total Revenue": 9,
        "Gross Profit": 9,
        "Operating Income": -4,
        "EBIT": -3,
        "Net Income": 0
    },
    "2017-12-31": {
        "Diluted EPS": 10.67,
        "Total Revenue": 10,
        "Gross Profit": 10,
        "Operating Income": -3,
        "EBIT": -2,
        "Net Income": 15
    },
    "2017-09-30": {
        "Diluted EPS": -0.77,
        "Total Revenue": 11,
        "Gross Profit": 11,
        "Operating Income": -3,
        "EBIT": -2,
        "Net Income": -1
    },
    "2017-06-30": {
        "Diluted EPS": -0.98,
        "Total Revenue": 10,
        "Gross Profit": 10,
        "Operating Income": -4,
        "EBIT": -2,
        "Net Income": -1
    },
    "2017-03-31": {
        "Diluted EPS": 2.16,
        "Total Revenue": 10,
        "Gross Profit": 10,
        "Operating Income": -3,
        "EBIT": -2,
        "Net Income": 3
    },
    "2016-12-31": {
        "Diluted EPS": -1.07,
        "Total Revenue": 10,
        "Gross Profit": 10,
        "Operating Income": -3,
        "EBIT": -1,
        "Net Income": -1
    },
    "2016-09-30": {
        "Diluted EPS": -0.7,
        "Total Revenue": 9,
        "Gross Profit": 9,
        "Operating Income": -3,
        "EBIT": -2,
        "Net Income": -1
    },
    "2016-06-30": {
        "Diluted EPS": -0.25,
        "Total Revenue": 10,
        "Gross Profit": 10,
        "Operating Income": -2,
        "EBIT": 0,
        "Net Income": 0
    },
    "2016-03-31": {
        "Diluted EPS": 0.15,
        "Total Revenue": 11,
        "Gross Profit": 11,
        "Operating Income": -1,
        "EBIT": 1,
        "Net Income": 0
    },
    "2015-12-31": {
        "Diluted EPS": 0.04,
        "Total Revenue": 11,
        "Gross Profit": 11,
        "Operating Income": -1,
        "EBIT": 0,
        "Net Income": 0
    },
    "2015-09-30": {
        "Diluted EPS": -0.11,
        "Total Revenue": 11,
        "Gross Profit": 10,
        "Operating Income": -1,
        "EBIT": 0,
        "Net Income": 0
    },
    "2015-06-30": {
        "Diluted EPS": 0.02,
        "Total Revenue": 10,
        "Gross Profit": 10,
        "Operating Income": -1,
        "EBIT": 0,
        "Net Income": 0
    },
    "2015-03-31": {
        "Diluted EPS": 0.37,
        "Total Revenue": 11,
        "Gross Profit": 11,
        "Operating Income": -1,
        "EBIT": 0,
        "Net Income": 1
    },
    "2014-12-31": {
        "Diluted EPS": 0.31,
        "Total Revenue": 11,
        "Gross Profit": 11,
        "Operating Income": 0,
        "EBIT": 1,
        "Net Income": 0
    },
    "2014-09-30": {
        "Diluted EPS": 0.85,
        "Total Revenue": 11,
        "Gross Profit": 11,
        "Operating Income": 0,
        "EBIT": 1,
        "Net Income": 1
    },
    "2014-06-30": {
        "Diluted EPS": 0.03,
        "Total Revenue": 11,
        "Gross Profit": 11,
        "Operating Income": 0,
        "EBIT": 1,
        "Net Income": 0
    },
    "2014-03-31": {
        "Diluted EPS": 0.04,
        "Total Revenue": 11,
        "Gross Profit": 11,
        "Operating Income": -1,
        "EBIT": 1,
        "Net Income": 0
    },
    "2013-12-31": {
        "Diluted EPS": -0.46,
        "Total Revenue": 10,
        "Gross Profit": 10,
        "Operating Income": -1,
        "EBIT": 0,
        "Net Income": -1
    },
    "2013-09-30": {
        "Diluted EPS": 0.71,
        "Total Revenue": 11,
        "Gross Profit": 11,
        "Operating Income": 2,
        "EBIT": 2,
        "Net Income": 1
    },
    "2013-06-30": {
        "Diluted EPS": 0.6,
        "Total Revenue": 9,
        "Gross Profit": 9,
        "Operating Income": 0,
        "EBIT": 1,
        "Net Income": 1
    },
    "2013-03-31": {
        "Diluted EPS": 0.83,
        "Total Revenue": 10,
        "Gross Profit": 9,
        "Operating Income": 1,
        "EBIT": 2,
        "Net Income": 1
    },
    "2012-12-31": {
        "Diluted EPS": 0.6,
        "Total Revenue": 8,
        "Gross Profit": 7,
        "Operating Income": 1,
        "EBIT": 1,
        "Net Income": 1
    },
    "2012-09-30": {
        "Diluted EPS": 1.14,
        "Total Revenue": 8,
        "Gross Profit": 7,
        "Operating Income": 2,
        "EBIT": 2,
        "Net Income": 2
    },
    "2012-06-30": {
        "Diluted EPS": 0.15,
        "Total Revenue": 8,
        "Gross Profit": 8,
        "Operating Income": 2,
        "EBIT": 2,
        "Net Income": 0
    },
    "2012-03-31": {
        "Diluted EPS": 1.48,
        "Total Revenue": 8,
        "Gross Profit": 8,
        "Operating Income": 2,
        "EBIT": 2,
        "Net Income": 2
    },
    "2011-12-31": {
        "Diluted EPS": 1.24,
        "Total Revenue": 8,
        "Gross Profit": 8,
        "Operating Income": 2,
        "EBIT": 2,
        "Net Income": 2
    },
    "2011-09-30": {
        "Diluted EPS": 1.4,
        "Total Revenue": 8,
        "Gross Profit": 8,
        "Operating Income": 2,
        "EBIT": 3,
        "Net Income": 2
    },
    "2011-06-30": {
        "Diluted EPS": 1.37,
        "Total Revenue": 8,
        "Gross Profit": 8,
        "Operating Income": 3,
        "EBIT": 3,
        "Net Income": 2
    },
    "2011-03-31": {
        "Diluted EPS": 1.33,
        "Total Revenue": 9,
        "Gross Profit": 8,
        "Operating Income": 3,
        "EBIT": 3,
        "Net Income": 2
    },
    "2010-12-31": {
        "Diluted EPS": 1.58,
        "Total Revenue": 9,
        "Gross Profit": 9,
        "Operating Income": 3,
        "EBIT": 3,
        "Net Income": 2
    },
    "2010-09-30": {
        "Diluted EPS": 1.46,
        "Total Revenue": 9,
        "Gross Profit": 9,
        "Operating Income": 3,
        "EBIT": 3,
        "Net Income": 2
    },
    "2010-06-30": {
        "Diluted EPS": 1.34,
        "Total Revenue": 9,
        "Gross Profit": 9,
        "Operating Income": 3,
        "EBIT": 3,
        "Net Income": 2
    },
    "2010-03-31": {
        "Diluted EPS": 1.25,
        "Total Revenue": 9,
        "Gross Profit": 9,
        "Operating Income": 3,
        "EBIT": 3,
        "Net Income": 2
    },
    "2009-12-31": {
        "Diluted EPS": 1.51,
        "Total Revenue": 10,
        "Gross Profit": 9,
        "Operating Income": 3,
        "EBIT": 3,
        "Net Income": 2
    },
    "2009-09-30": {
        "Diluted EPS": 1.62,
        "Total Revenue": 10,
        "Gross Profit": 10,
        "Operating Income": 3,
        "EBIT": 4,
        "Net Income": 2
    },
    "2009-06-30": {
        "Diluted EPS": 1.66,
        "Total Revenue": 11,
        "Gross Profit": 10,
        "Operating Income": 4,
        "EBIT": 4,
        "Net Income": 2
    },
    "2009-03-31": {
        "Diluted EPS": 1.2,
        "Total Revenue": 10,
        "Gross Profit": 9,
        "Operating Income": 3,
        "EBIT": 3,
        "Net Income": 2
    },
    "2023-06-30": {
        "Tax Effect Of Unusual Items": NaN,
        "Tax Rate For Calcs": NaN,
        "Normalized EBITDA": NaN,
        "Total Unusual Items": NaN,
        "Total Unusual Items Excluding Goodwill": NaN,
        "Net Income From Continuing Operation Net Minority Interest": NaN,
        "Reconciled Depreciation": NaN,
        "Reconciled Cost Of Revenue": NaN,
        "EBITDA": NaN,
        "EBIT": NaN,
        "Net Interest Income": NaN,
        "Interest Expense": NaN,
        "Normalized Income": NaN,
        "Net Income From Continuing And Discontinued Operation": NaN,
        "Total Expenses": NaN,
        "Rent Expense Supplemental": NaN,
        "Total Operating Income As Reported": NaN,
        "Diluted Average Shares": 1377026.0,
        "Basic Average Shares": 1377026.0,
        "Diluted EPS": 0.49,
        "Basic EPS": 0.49,
        "Diluted NI Availto Com Stockholders": NaN,
        "Net Income Common Stockholders": NaN,
        "Net Income": NaN,
        "Net Income Including Noncontrolling Interests": NaN,
        "Net Income Continuous Operations": NaN,
        "Tax Provision": NaN,
        "Pretax Income": NaN,
        "Other Income Expense": NaN,
        "Other Non Operating Income Expenses": NaN,
        "Special Income Charges": 0.0,
        "Gain On Sale Of Ppe": 0.0,
        "Gain On Sale Of Security": NaN,
        "Net Non Operating Interest Income Expense": NaN,
        "Interest Expense Non Operating": NaN,
        "Operating Income": NaN,
        "Operating Expense": NaN,
        "Other Operating Expenses": NaN,
        "Depreciation Amortization Depletion Income Statement": NaN,
        "Depreciation And Amortization In Income Statement": NaN,
        "Selling General And Administration": NaN,
        "Selling And Marketing Expense": NaN,
        "General And Administrative Expense": NaN,
        "Other Gand A": NaN,
        "Rent And Landing Fees": NaN,
        "Salaries And Wages": NaN,
        "Gross Profit": NaN,
        "Cost Of Revenue": NaN,
        "Total Revenue": NaN,
        "Operating Revenue": NaN
    },
    "2023-09-30": {
        "Tax Effect Of Unusual Items": NaN,
        "Tax Rate For Calcs": NaN,
        "Normalized EBITDA": NaN,
        "Total Unusual Items": NaN,
        "Total Unusual Items Excluding Goodwill": NaN,
        "Net Income From Continuing Operation Net Minority Interest": NaN,
        "Reconciled Depreciation": NaN,
        "Reconciled Cost Of Revenue": NaN,
        "EBITDA": NaN,
        "EBIT": NaN,
        "Net Interest Income": NaN,
        "Interest Expense": NaN,
        "Normalized Income": NaN,
        "Net Income From Continuing And Discontinued Operation": NaN,
        "Total Expenses": NaN,
        "Rent Expense Supplemental": NaN,
        "Total Operating Income As Reported": NaN,
        "Diluted Average Shares": NaN,
        "Basic Average Shares": NaN,
        "Diluted EPS": NaN,
        "Basic EPS": NaN,
        "Diluted NI Availto Com Stockholders": NaN,
        "Net Income Common Stockholders": NaN,
        "Net Income": NaN,
        "Net Income Including Noncontrolling Interests": NaN,
        "Net Income Continuous Operations": NaN,
        "Tax Provision": NaN,
        "Pretax Income": NaN,
        "Other Income Expense": NaN,
        "Other Non Operating Income Expenses": NaN,
        "Special Income Charges": 0.0,
        "Gain On Sale Of Ppe": 0.0,
        "Gain On Sale Of Security": NaN,
        "Net Non Operating Interest Income Expense": NaN,
        "Interest Expense Non Operating": NaN,
        "Operating Income": NaN,
        "Operating Expense": NaN,
        "Other Operating Expenses": NaN,
        "Depreciation Amortization Depletion Income Statement": NaN,
        "Depreciation And Amortization In Income Statement": NaN,
        "Selling General And Administration": NaN,
        "Selling And Marketing Expense": NaN,
        "General And Administrative Expense": NaN,
        "Other Gand A": NaN,
        "Rent And Landing Fees": NaN,
        "Salaries And Wages": NaN,
        "Gross Profit": NaN,
        "Cost Of Revenue": NaN,
        "Total Revenue": NaN,
        "Operating Revenue": NaN
    },
    "2023-12-31": {
        "Tax Effect Of Unusual Items": NaN,
        "Tax Rate For Calcs": NaN,
        "Normalized EBITDA": NaN,
        "Total Unusual Items": NaN,
        "Total Unusual Items Excluding Goodwill": NaN,
        "Net Income From Continuing Operation Net Minority Interest": NaN,
        "Reconciled Depreciation": NaN,
        "Reconciled Cost Of Revenue": NaN,
        "EBITDA": NaN,
        "EBIT": NaN,
        "Net Interest Income": NaN,
        "Interest Expense": NaN,
        "Normalized Income": NaN,
        "Net Income From Continuing And Discontinued Operation": NaN,
        "Total Expenses": NaN,
        "Rent Expense Supplemental": NaN,
        "Total Operating Income As Reported": NaN,
        "Diluted Average Shares": 1377026.0,
        "Basic Average Shares": 1377026.0,
        "Diluted EPS": 9.16,
        "Basic EPS": 9.16,
        "Diluted NI Availto Com Stockholders": NaN,
        "Net Income Common Stockholders": NaN,
        "Net Income": NaN,
        "Net Income Including Noncontrolling Interests": NaN,
        "Net Income Continuous Operations": NaN,
        "Tax Provision": NaN,
        "Pretax Income": NaN,
        "Other Income Expense": NaN,
        "Other Non Operating Income Expenses": NaN,
        "Gain On Sale Of Security": NaN,
        "Net Non Operating Interest Income Expense": NaN,
        "Interest Expense Non Operating": NaN,
        "Operating Income": NaN,
        "Operating Expense": NaN,
        "Other Operating Expenses": NaN,
        "Depreciation Amortization Depletion Income Statement": NaN,
        "Depreciation And Amortization In Income Statement": NaN,
        "Selling General And Administration": NaN,
        "Selling And Marketing Expense": 243000.0,
        "General And Administrative Expense": NaN,
        "Other Gand A": NaN,
        "Rent And Landing Fees": NaN,
        "Salaries And Wages": 0.0,
        "Gross Profit": NaN,
        "Cost Of Revenue": NaN,
        "Total Revenue": NaN,
        "Operating Revenue": NaN
    },
    "2024-03-31": {
        "Tax Effect Of Unusual Items": 5296125.363725,
        "Tax Rate For Calcs": 0.252425,
        "Normalized EBITDA": 772000.0,
        "Total Unusual Items": 20981000.0,
        "Total Unusual Items Excluding Goodwill": 20981000.0,
        "Net Income From Continuing Operation Net Minority Interest": 15415000.0,
        "Reconciled Depreciation": 67000.0,
        "Reconciled Cost Of Revenue": 11553000.0,
        "EBITDA": 21753000.0,
        "EBIT": 21686000.0,
        "Net Interest Income": -1066000.0,
        "Interest Expense": 1066000.0,
        "Normalized Income": -269874.636275,
        "Net Income From Continuing And Discontinued Operation": 15415000.0,
        "Total Expenses": 15938000.0,
        "Rent Expense Supplemental": 71000.0,
        "Total Operating Income As Reported": 633000.0,
        "Diluted Average Shares": 1377026.0,
        "Basic Average Shares": 1377026.0,
        "Diluted EPS": 11.19,
        "Basic EPS": 11.19,
        "Diluted NI Availto Com Stockholders": 15415000.0,
        "Net Income Common Stockholders": 15415000.0,
        "Net Income": 15415000.0,
        "Net Income Including Noncontrolling Interests": 15415000.0,
        "Net Income Continuous Operations": 15415000.0,
        "Tax Provision": 5205000.0,
        "Pretax Income": 20620000.0,
        "Other Income Expense": 21053000.0,
        "Other Non Operating Income Expenses": 72000.0,
        "Gain On Sale Of Security": 20981000.0,
        "Net Non Operating Interest Income Expense": -1066000.0,
        "Interest Expense Non Operating": 1066000.0,
        "Operating Income": 633000.0,
        "Operating Expense": 4385000.0,
        "Other Operating Expenses": 2984000.0,
        "Depreciation Amortization Depletion Income Statement": 67000.0,
        "Depreciation And Amortization In Income Statement": 67000.0,
        "Selling General And Administration": 1334000.0,
        "Selling And Marketing Expense": 299000.0,
        "General And Administrative Expense": 1334000.0,
        "Other Gand A": 1263000.0,
        "Rent And Landing Fees": 71000.0,
        "Salaries And Wages": 0.0,
        "Gross Profit": 5018000.0,
        "Cost Of Revenue": 11553000.0,
        "Total Revenue": 16571000.0,
        "Operating Revenue": 14165000.0
    },
    "2024-06-30": {
        "Tax Effect Of Unusual Items": 8262106.486571,
        "Tax Rate For Calcs": 0.266373,
        "Normalized EBITDA": 1330000.0,
        "Total Unusual Items": 31017000.0,
        "Total Unusual Items Excluding Goodwill": 31017000.0,
        "Net Income From Continuing Operation Net Minority Interest": 23355000.0,
        "Reconciled Depreciation": 67000.0,
        "Reconciled Cost Of Revenue": 12219000.0,
        "EBITDA": 32347000.0,
        "EBIT": 32280000.0,
        "Net Interest Income": -445000.0,
        "Interest Expense": 445000.0,
        "Normalized Income": 600106.486571,
        "Net Income From Continuing And Discontinued Operation": 23355000.0,
        "Total Expenses": 16984000.0,
        "Rent Expense Supplemental": 71000.0,
        "Total Operating Income As Reported": 1090000.0,
        "Diluted Average Shares": 1377026.0,
        "Basic Average Shares": 1377026.0,
        "Diluted EPS": 16.96,
        "Basic EPS": 16.96,
        "Diluted NI Availto Com Stockholders": 23355000.0,
        "Net Income Common Stockholders": 23355000.0,
        "Net Income": 23355000.0,
        "Net Income Including Noncontrolling Interests": 23355000.0,
        "Net Income Continuous Operations": 23355000.0,
        "Tax Provision": 8480000.0,
        "Pretax Income": 31835000.0,
        "Other Income Expense": 31770000.0,
        "Other Non Operating Income Expenses": 753000.0,
        "Gain On Sale Of Security": 31017000.0,
        "Net Non Operating Interest Income Expense": -445000.0,
        "Interest Expense Non Operating": 445000.0,
        "Operating Income": 510000.0,
        "Operating Expense": 4765000.0,
        "Other Operating Expenses": 3017000.0,
        "Depreciation Amortization Depletion Income Statement": 67000.0,
        "Depreciation And Amortization In Income Statement": 67000.0,
        "Selling General And Administration": 1681000.0,
        "Selling And Marketing Expense": 315000.0,
        "General And Administrative Expense": 1681000.0,
        "Other Gand A": 1610000.0,
        "Rent And Landing Fees": 71000.0,
        "Salaries And Wages": NaN,
        "Gross Profit": 5275000.0,
        "Cost Of Revenue": 12219000.0,
        "Total Revenue": 17494000.0,
        "Operating Revenue": 15026000.0
    },
    "2024-09-30": {
        "Tax Effect Of Unusual Items": 9053217.443117,
        "Tax Rate For Calcs": 0.259263,
        "Normalized EBITDA": 1665000.0,
        "Total Unusual Items": 34919000.0,
        "Total Unusual Items Excluding Goodwill": 34919000.0,
        "Net Income From Continuing Operation Net Minority Interest": 26728000.0,
        "Reconciled Depreciation": 67000.0,
        "Reconciled Cost Of Revenue": 11905000.0,
        "EBITDA": 36584000.0,
        "EBIT": 36517000.0,
        "Net Interest Income": -434000.0,
        "Interest Expense": 434000.0,
        "Normalized Income": 862217.443117,
        "Net Income From Continuing And Discontinued Operation": 26728000.0,
        "Total Expenses": 17234000.0,
        "Rent Expense Supplemental": 91000.0,
        "Total Operating Income As Reported": 1724000.0,
        "Diluted Average Shares": NaN,
        "Basic Average Shares": NaN,
        "Diluted EPS": NaN,
        "Basic EPS": NaN,
        "Diluted NI Availto Com Stockholders": 26728000.0,
        "Net Income Common Stockholders": 26728000.0,
        "Net Income": 26728000.0,
        "Net Income Including Noncontrolling Interests": 26728000.0,
        "Net Income Continuous Operations": 26728000.0,
        "Tax Provision": 9355000.0,
        "Pretax Income": 36083000.0,
        "Other Income Expense": 33878000.0,
        "Other Non Operating Income Expenses": -1041000.0,
        "Gain On Sale Of Security": 34915000.0,
        "Net Non Operating Interest Income Expense": -434000.0,
        "Interest Expense Non Operating": 434000.0,
        "Operating Income": 2639000.0,
        "Operating Expense": 5329000.0,
        "Other Operating Expenses": 3477000.0,
        "Depreciation Amortization Depletion Income Statement": 67000.0,
        "Depreciation And Amortization In Income Statement": 67000.0,
        "Selling General And Administration": 1785000.0,
        "Selling And Marketing Expense": 289000.0,
        "General And Administrative Expense": 1785000.0,
        "Other Gand A": 1492000.0,
        "Rent And Landing Fees": 91000.0,
        "Salaries And Wages": NaN,
        "Gross Profit": 7968000.0,
        "Cost Of Revenue": 11905000.0,
        "Total Revenue": 19873000.0,
        "Operating Revenue": 17240000.0
    },
    "2024-12-31": {
        "Tax Effect Of Unusual Items": 3926593.0,
        "Tax Rate For Calcs": 0.269,
        "Normalized EBITDA": 759000.0,
        "Total Unusual Items": 14597000.0,
        "Total Unusual Items Excluding Goodwill": 14597000.0,
        "Net Income From Continuing Operation Net Minority Interest": 10895000.0,
        "Reconciled Depreciation": 67000.0,
        "Reconciled Cost Of Revenue": 12200000.0,
        "EBITDA": 15356000.0,
        "EBIT": 15289000.0,
        "Net Interest Income": -394000.0,
        "Interest Expense": 394000.0,
        "Normalized Income": 224593.0,
        "Net Income From Continuing And Discontinued Operation": 10895000.0,
        "Total Expenses": 17147000.0,
        "Rent Expense Supplemental": 66000.0,
        "Total Operating Income As Reported": 742000.0,
        "Diluted Average Shares": 1376852.0,
        "Basic Average Shares": 1376852.0,
        "Diluted EPS": 7.91,
        "Basic EPS": 7.91,
        "Diluted NI Availto Com Stockholders": 10895000.0,
        "Net Income Common Stockholders": 10895000.0,
        "Net Income": 10895000.0,
        "Net Income Including Noncontrolling Interests": 10895000.0,
        "Net Income Continuous Operations": 10895000.0,
        "Tax Provision": 4000000.0,
        "Pretax Income": 14895000.0,
        "Other Income Expense": 14732000.0,
        "Other Non Operating Income Expenses": 135000.0,
        "Gain On Sale Of Security": 14597000.0,
        "Net Non Operating Interest Income Expense": -394000.0,
        "Interest Expense Non Operating": 394000.0,
        "Operating Income": 557000.0,
        "Operating Expense": 4947000.0,
        "Other Operating Expenses": 3276000.0,
        "Depreciation Amortization Depletion Income Statement": 67000.0,
        "Depreciation And Amortization In Income Statement": 67000.0,
        "Selling General And Administration": 1604000.0,
        "Selling And Marketing Expense": 299000.0,
        "General And Administrative Expense": 1604000.0,
        "Other Gand A": 1514000.0,
        "Rent And Landing Fees": 66000.0,
        "Salaries And Wages": 24000.0,
        "Gross Profit": 5504000.0,
        "Cost Of Revenue": 12200000.0,
        "Total Revenue": 17704000.0,
        "Operating Revenue": 14215000.0
    },
    "2025-03-31": {
        "Tax Effect Of Unusual Items": 16432564.060715,
        "Tax Rate For Calcs": 0.270932,
        "Normalized EBITDA": 1034000.0,
        "Total Unusual Items": 60652000.0,
        "Total Unusual Items Excluding Goodwill": 60652000.0,
        "Net Income From Continuing Operation Net Minority Interest": 44670000.0,
        "Reconciled Depreciation": 65000.0,
        "Reconciled Cost Of Revenue": 12447000.0,
        "EBITDA": 61686000.0,
        "EBIT": 61621000.0,
        "Net Interest Income": -351000.0,
        "Interest Expense": 351000.0,
        "Normalized Income": 450564.060715,
        "Net Income From Continuing And Discontinued Operation": 44670000.0,
        "Total Expenses": 17213000.0,
        "Rent Expense Supplemental": 91000.0,
        "Total Operating Income As Reported": 963000.0,
        "Diluted Average Shares": 1377426.0,
        "Basic Average Shares": 1377426.0,
        "Diluted EPS": 32.43,
        "Basic EPS": 32.43,
        "Diluted NI Availto Com Stockholders": 44670000.0,
        "Net Income Common Stockholders": 44670000.0,
        "Net Income": 44670000.0,
        "Net Income Including Noncontrolling Interests": 44670000.0,
        "Net Income Continuous Operations": 44670000.0,
        "Tax Provision": 16600000.0,
        "Pretax Income": 61270000.0,
        "Other Income Expense": 60658000.0,
        "Other Non Operating Income Expenses": 6000.0,
        "Gain On Sale Of Security": 60652000.0,
        "Net Non Operating Interest Income Expense": -351000.0,
        "Interest Expense Non Operating": 351000.0,
        "Operating Income": 963000.0,
        "Operating Expense": 4766000.0,
        "Other Operating Expenses": 3156000.0,
        "Depreciation Amortization Depletion Income Statement": 65000.0,
        "Depreciation And Amortization In Income Statement": 65000.0,
        "Selling General And Administration": 1545000.0,
        "Selling And Marketing Expense": NaN,
        "General And Administrative Expense": 1545000.0,
        "Other Gand A": 1389000.0,
        "Rent And Landing Fees": 91000.0,
        "Salaries And Wages": 65000.0,
        "Gross Profit": 5729000.0,
        "Cost Of Revenue": 12447000.0,
        "Total Revenue": 18176000.0,
        "Operating Revenue": 14545000.0
    }
}