{
    "2023-03-31": {
        "Tax Effect Of Unusual Items": NaN,
        "Tax Rate For Calcs": NaN,
        "Normalized EBITDA": NaN,
        "Total Unusual Items": NaN,
        "Total Unusual Items Excluding Goodwill": NaN,
        "Net Income From Continuing Operation Net Minority Interest": NaN,
        "Reconciled Depreciation": NaN,
        "Reconciled Cost Of Revenue": NaN,
        "EBITDA": NaN,
        "EBIT": NaN,
        "Net Interest Income": NaN,
        "Interest Expense": NaN,
        "Interest Income": NaN,
        "Normalized Income": NaN,
        "Net Income From Continuing And Discontinued Operation": NaN,
        "Total Expenses": NaN,
        "Total Operating Income As Reported": NaN,
        "Diluted Average Shares": 311567046.0,
        "Basic Average Shares": 295125862.0,
        "Diluted EPS": 0.11,
        "Basic EPS": 0.12,
        "Diluted NI Availto Com Stockholders": NaN,
        "Net Income Common Stockholders": NaN,
        "Net Income": NaN,
        "Minority Interests": NaN,
        "Net Income Including Noncontrolling Interests": NaN,
        "Net Income Continuous Operations": NaN,
        "Tax Provision": NaN,
        "Pretax Income": NaN,
        "Other Income Expense": NaN,
        "Other Non Operating Income Expenses": -1019000.0,
        "Special Income Charges": NaN,
        "Write Off": NaN,
        "Net Non Operating Interest Income Expense": NaN,
        "Interest Expense Non Operating": NaN,
        "Interest Income Non Operating": NaN,
        "Operating Income": NaN,
        "Operating Expense": NaN,
        "Other Operating Expenses": NaN,
        "Research And Development": NaN,
        "Selling General And Administration": NaN,
        "Selling And Marketing Expense": NaN,
        "General And Administrative Expense": NaN,
        "Other Gand A": NaN,
        "Gross Profit": NaN,
        "Cost Of Revenue": NaN,
        "Total Revenue": NaN,
        "Operating Revenue": NaN
    },
    "2022-12-31": {
        "Tax Effect Of Unusual Items": NaN,
        "Tax Rate For Calcs": NaN,
        "Normalized EBITDA": NaN,
        "Total Unusual Items": NaN,
        "Total Unusual Items Excluding Goodwill": NaN,
        "Net Income From Continuing Operation Net Minority Interest": NaN,
        "Reconciled Depreciation": NaN,
        "Reconciled Cost Of Revenue": NaN,
        "EBITDA": NaN,
        "EBIT": NaN,
        "Net Interest Income": NaN,
        "Interest Expense": NaN,
        "Interest Income": NaN,
        "Normalized Income": NaN,
        "Net Income From Continuing And Discontinued Operation": NaN,
        "Total Expenses": NaN,
        "Total Operating Income As Reported": NaN,
        "Diluted Average Shares": NaN,
        "Basic Average Shares": NaN,
        "Diluted EPS": NaN,
        "Basic EPS": NaN,
        "Diluted NI Availto Com Stockholders": NaN,
        "Net Income Common Stockholders": NaN,
        "Net Income": NaN,
        "Minority Interests": NaN,
        "Net Income Including Noncontrolling Interests": NaN,
        "Net Income Continuous Operations": NaN,
        "Tax Provision": NaN,
        "Pretax Income": NaN,
        "Other Income Expense": NaN,
        "Other Non Operating Income Expenses": NaN,
        "Special Income Charges": NaN,
        "Write Off": NaN,
        "Net Non Operating Interest Income Expense": NaN,
        "Interest Expense Non Operating": NaN,
        "Interest Income Non Operating": NaN,
        "Operating Income": NaN,
        "Operating Expense": NaN,
        "Other Operating Expenses": -9000.0,
        "Depreciation Amortization Depletion Income Statement": 218000.0,
        "Depreciation And Amortization In Income Statement": 218000.0,
        "Research And Development": NaN,
        "Selling General And Administration": NaN,
        "Selling And Marketing Expense": NaN,
        "General And Administrative Expense": NaN,
        "Other Gand A": NaN,
        "Salaries And Wages": 11821000.0,
        "Gross Profit": NaN,
        "Cost Of Revenue": NaN,
        "Total Revenue": NaN,
        "Operating Revenue": NaN
    },
    "2022-09-30": {
        "Tax Effect Of Unusual Items": NaN,
        "Tax Rate For Calcs": NaN,
        "Normalized EBITDA": NaN,
        "Total Unusual Items": NaN,
        "Total Unusual Items Excluding Goodwill": NaN,
        "Net Income From Continuing Operation Net Minority Interest": NaN,
        "Reconciled Depreciation": NaN,
        "Reconciled Cost Of Revenue": NaN,
        "EBITDA": NaN,
        "EBIT": NaN,
        "Net Interest Income": NaN,
        "Interest Expense": NaN,
        "Interest Income": NaN,
        "Normalized Income": NaN,
        "Net Income From Continuing And Discontinued Operation": NaN,
        "Total Expenses": NaN,
        "Total Operating Income As Reported": NaN,
        "Diluted Average Shares": NaN,
        "Basic Average Shares": NaN,
        "Diluted EPS": NaN,
        "Basic EPS": NaN,
        "Diluted NI Availto Com Stockholders": NaN,
        "Net Income Common Stockholders": NaN,
        "Net Income": NaN,
        "Minority Interests": NaN,
        "Net Income Including Noncontrolling Interests": NaN,
        "Net Income Continuous Operations": NaN,
        "Tax Provision": NaN,
        "Pretax Income": NaN,
        "Other Income Expense": NaN,
        "Other Non Operating Income Expenses": NaN,
        "Special Income Charges": NaN,
        "Write Off": NaN,
        "Net Non Operating Interest Income Expense": NaN,
        "Interest Expense Non Operating": NaN,
        "Interest Income Non Operating": NaN,
        "Operating Income": NaN,
        "Operating Expense": NaN,
        "Other Operating Expenses": 18000.0,
        "Depreciation Amortization Depletion Income Statement": 1098000.0,
        "Depreciation And Amortization In Income Statement": 1098000.0,
        "Research And Development": NaN,
        "Selling General And Administration": NaN,
        "Selling And Marketing Expense": NaN,
        "General And Administrative Expense": NaN,
        "Other Gand A": NaN,
        "Salaries And Wages": 8839000.0,
        "Gross Profit": NaN,
        "Cost Of Revenue": NaN,
        "Total Revenue": NaN,
        "Operating Revenue": NaN
    },
    "2022-06-30": {
        "Tax Effect Of Unusual Items": 833.223411,
        "Tax Rate For Calcs": 0.119032,
        "Normalized EBITDA": 42000000.0,
        "Total Unusual Items": 7000.0,
        "Total Unusual Items Excluding Goodwill": 7000.0,
        "Net Income From Continuing Operation Net Minority Interest": 30572000.0,
        "Reconciled Depreciation": 1857000.0,
        "Reconciled Cost Of Revenue": 50472000.0,
        "EBITDA": 42007000.0,
        "EBIT": 40150000.0,
        "Net Interest Income": 253000.0,
        "Interest Expense": 5277000.0,
        "Interest Income": 5530000.0,
        "Normalized Income": 30565833.223411,
        "Net Income From Continuing And Discontinued Operation": 30572000.0,
        "Total Expenses": 66095000.0,
        "Total Operating Income As Reported": 35092000.0,
        "Diluted Average Shares": 312992943.0,
        "Basic Average Shares": 295393168.0,
        "Diluted EPS": 0.1,
        "Basic EPS": 0.1,
        "Diluted NI Availto Com Stockholders": 30572000.0,
        "Net Income Common Stockholders": 30572000.0,
        "Net Income": 30572000.0,
        "Minority Interests": -150000.0,
        "Net Income Including Noncontrolling Interests": 30722000.0,
        "Net Income Continuous Operations": 30722000.0,
        "Tax Provision": 4151000.0,
        "Pretax Income": 34873000.0,
        "Other Income Expense": -465000.0,
        "Other Non Operating Income Expenses": -472000.0,
        "Special Income Charges": 7000.0,
        "Write Off": -7000.0,
        "Net Non Operating Interest Income Expense": 253000.0,
        "Interest Expense Non Operating": 5277000.0,
        "Interest Income Non Operating": 5530000.0,
        "Operating Income": 35085000.0,
        "Operating Expense": 14554000.0,
        "Other Operating Expenses": 688000.0,
        "Depreciation Amortization Depletion Income Statement": 788000.0,
        "Depreciation And Amortization In Income Statement": 788000.0,
        "Research And Development": 1643000.0,
        "Selling General And Administration": 11435000.0,
        "Selling And Marketing Expense": 3128000.0,
        "General And Administrative Expense": 8307000.0,
        "Other Gand A": 3642000.0,
        "Salaries And Wages": 4665000.0,
        "Gross Profit": 49639000.0,
        "Cost Of Revenue": 51541000.0,
        "Total Revenue": 101180000.0,
        "Operating Revenue": 96699000.0
    },
    "2022-03-31": {
        "Diluted EPS": 0.08,
        "Total Revenue": 87,
        "Gross Profit": 44,
        "Operating Income": 29,
        "EBIT": 31,
        "Net Income": 26
    },
    "2021-12-31": {
        "Diluted EPS": 0.07,
        "Total Revenue": 76,
        "Gross Profit": 39,
        "Operating Income": 25,
        "EBIT": 26,
        "Net Income": 24
    },
    "2021-09-30": {
        "Diluted EPS": 0.06,
        "Total Revenue": 69,
        "Gross Profit": 34,
        "Operating Income": 22,
        "EBIT": 23,
        "Net Income": 20
    },
    "2021-06-30": {
        "Diluted EPS": 0.06,
        "Total Revenue": 59,
        "Gross Profit": 34,
        "Operating Income": 19,
        "Net Income": 18
    },
    "2021-03-31": {
        "Diluted EPS": 0.06,
        "Total Revenue": 40,
        "Gross Profit": 23,
        "Operating Income": 19,
        "EBIT": 19,
        "Net Income": 17
    },
    "2020-12-31": {
        "Diluted EPS": 0.0,
        "Total Revenue": NaN,
        "Gross Profit": NaN,
        "Operating Income": NaN,
        "EBIT": NaN,
        "Net Income": NaN
    },
    "2020-09-30": {
        "Diluted EPS": 0.03,
        "Total Revenue": 31,
        "Gross Profit": 17,
        "Operating Income": 9,
        "EBIT": 9,
        "Net Income": 9
    },
    "2020-03-31": {
        "Diluted EPS": 1.0,
        "Total Revenue": 18,
        "Gross Profit": 11,
        "Operating Income": 1,
        "EBIT": 1,
        "Net Income": 1
    },
    "2019-12-31": {
        "Diluted EPS": 0.0,
        "Total Revenue": NaN,
        "Gross Profit": NaN,
        "Operating Income": NaN,
        "EBIT": NaN,
        "Net Income": NaN
    },
    "2023-06-30": {
        "Tax Effect Of Unusual Items": NaN,
        "Tax Rate For Calcs": NaN,
        "Normalized EBITDA": NaN,
        "Total Unusual Items": NaN,
        "Total Unusual Items Excluding Goodwill": NaN,
        "Net Income From Continuing Operation Net Minority Interest": NaN,
        "Reconciled Depreciation": NaN,
        "Reconciled Cost Of Revenue": NaN,
        "EBITDA": NaN,
        "EBIT": NaN,
        "Net Interest Income": NaN,
        "Interest Expense": NaN,
        "Interest Income": NaN,
        "Normalized Income": NaN,
        "Net Income From Continuing And Discontinued Operation": NaN,
        "Total Expenses": NaN,
        "Total Operating Income As Reported": NaN,
        "Diluted Average Shares": 307861241.0,
        "Basic Average Shares": 291700873.0,
        "Diluted EPS": 0.15,
        "Basic EPS": 0.15,
        "Diluted NI Availto Com Stockholders": NaN,
        "Net Income Common Stockholders": NaN,
        "Net Income": NaN,
        "Minority Interests": NaN,
        "Net Income Including Noncontrolling Interests": NaN,
        "Net Income Continuous Operations": NaN,
        "Tax Provision": NaN,
        "Pretax Income": NaN,
        "Other Income Expense": NaN,
        "Other Non Operating Income Expenses": -1661000.0,
        "Special Income Charges": NaN,
        "Write Off": NaN,
        "Net Non Operating Interest Income Expense": NaN,
        "Interest Expense Non Operating": NaN,
        "Interest Income Non Operating": NaN,
        "Operating Income": NaN,
        "Operating Expense": NaN,
        "Other Operating Expenses": NaN,
        "Research And Development": NaN,
        "Selling General And Administration": NaN,
        "Selling And Marketing Expense": NaN,
        "General And Administrative Expense": NaN,
        "Other Gand A": NaN,
        "Gross Profit": NaN,
        "Cost Of Revenue": NaN,
        "Total Revenue": NaN,
        "Operating Revenue": NaN
    },
    "2023-09-30": {
        "Tax Effect Of Unusual Items": NaN,
        "Tax Rate For Calcs": NaN,
        "Normalized EBITDA": NaN,
        "Total Unusual Items": NaN,
        "Total Unusual Items Excluding Goodwill": NaN,
        "Net Income From Continuing Operation Net Minority Interest": NaN,
        "Reconciled Depreciation": NaN,
        "Reconciled Cost Of Revenue": NaN,
        "EBITDA": NaN,
        "EBIT": NaN,
        "Net Interest Income": NaN,
        "Interest Expense": NaN,
        "Interest Income": NaN,
        "Normalized Income": NaN,
        "Net Income From Continuing And Discontinued Operation": NaN,
        "Total Expenses": NaN,
        "Total Operating Income As Reported": NaN,
        "Diluted Average Shares": 306032139.0,
        "Basic Average Shares": 289411641.0,
        "Diluted EPS": 0.13,
        "Basic EPS": 0.14,
        "Diluted NI Availto Com Stockholders": NaN,
        "Net Income Common Stockholders": NaN,
        "Net Income": NaN,
        "Minority Interests": NaN,
        "Net Income Including Noncontrolling Interests": NaN,
        "Net Income Continuous Operations": NaN,
        "Tax Provision": NaN,
        "Pretax Income": NaN,
        "Other Income Expense": NaN,
        "Other Non Operating Income Expenses": -3817000.0,
        "Special Income Charges": NaN,
        "Write Off": NaN,
        "Net Non Operating Interest Income Expense": NaN,
        "Interest Expense Non Operating": NaN,
        "Interest Income Non Operating": NaN,
        "Operating Income": NaN,
        "Operating Expense": NaN,
        "Other Operating Expenses": NaN,
        "Research And Development": NaN,
        "Selling General And Administration": NaN,
        "Selling And Marketing Expense": NaN,
        "General And Administrative Expense": NaN,
        "Other Gand A": NaN,
        "Gross Profit": NaN,
        "Cost Of Revenue": NaN,
        "Total Revenue": NaN,
        "Operating Revenue": NaN
    },
    "2023-12-31": {
        "Tax Effect Of Unusual Items": 13880613.955558,
        "Tax Rate For Calcs": 0.207915,
        "Normalized EBITDA": -86539000.0,
        "Total Unusual Items": 66761000.0,
        "Total Unusual Items Excluding Goodwill": 66761000.0,
        "Net Income From Continuing Operation Net Minority Interest": 28515000.0,
        "Reconciled Depreciation": 3604000.0,
        "Reconciled Cost Of Revenue": 118286000.0,
        "EBITDA": -19778000.0,
        "EBIT": -23382000.0,
        "Net Interest Income": -77644000.0,
        "Interest Expense": -59339000.0,
        "Interest Income": -20727000.0,
        "Normalized Income": -24365386.044442,
        "Net Income From Continuing And Discontinued Operation": 28515000.0,
        "Total Expenses": 147662000.0,
        "Total Operating Income As Reported": 41001000.0,
        "Diluted Average Shares": NaN,
        "Basic Average Shares": NaN,
        "Diluted EPS": NaN,
        "Basic EPS": NaN,
        "Diluted NI Availto Com Stockholders": 28515000.0,
        "Net Income Common Stockholders": 28515000.0,
        "Net Income": 28515000.0,
        "Minority Interests": 34000.0,
        "Net Income Including Noncontrolling Interests": 28481000.0,
        "Net Income Continuous Operations": 28481000.0,
        "Tax Provision": 7476000.0,
        "Pretax Income": 35957000.0,
        "Other Income Expense": 73258000.0,
        "Other Non Operating Income Expenses": NaN,
        "Special Income Charges": -11879000.0,
        "Write Off": -658000.0,
        "Net Non Operating Interest Income Expense": -77644000.0,
        "Interest Expense Non Operating": -59339000.0,
        "Interest Income Non Operating": -20727000.0,
        "Operating Income": 40343000.0,
        "Operating Expense": 29376000.0,
        "Other Operating Expenses": NaN,
        "Research And Development": 4024000.0,
        "Selling General And Administration": 21837000.0,
        "Selling And Marketing Expense": 4710000.0,
        "General And Administrative Expense": 17127000.0,
        "Other Gand A": -19600000.0,
        "Gross Profit": 69719000.0,
        "Cost Of Revenue": 118286000.0,
        "Total Revenue": 188005000.0,
        "Operating Revenue": 174707000.0
    },
    "2024-03-31": {
        "Tax Effect Of Unusual Items": NaN,
        "Tax Rate For Calcs": NaN,
        "Normalized EBITDA": NaN,
        "Total Unusual Items": NaN,
        "Total Unusual Items Excluding Goodwill": NaN,
        "Net Income From Continuing Operation Net Minority Interest": NaN,
        "Reconciled Depreciation": NaN,
        "Reconciled Cost Of Revenue": NaN,
        "EBITDA": NaN,
        "EBIT": NaN,
        "Net Interest Income": NaN,
        "Interest Expense": NaN,
        "Interest Income": NaN,
        "Normalized Income": NaN,
        "Net Income From Continuing And Discontinued Operation": NaN,
        "Total Expenses": NaN,
        "Total Operating Income As Reported": NaN,
        "Diluted Average Shares": NaN,
        "Basic Average Shares": NaN,
        "Diluted EPS": NaN,
        "Basic EPS": NaN,
        "Diluted NI Availto Com Stockholders": NaN,
        "Net Income Common Stockholders": NaN,
        "Net Income": NaN,
        "Minority Interests": NaN,
        "Net Income Including Noncontrolling Interests": NaN,
        "Net Income Continuous Operations": NaN,
        "Tax Provision": NaN,
        "Pretax Income": NaN,
        "Other Income Expense": NaN,
        "Other Non Operating Income Expenses": -2368000.0,
        "Special Income Charges": NaN,
        "Other Special Charges": NaN,
        "Write Off": NaN,
        "Net Non Operating Interest Income Expense": NaN,
        "Interest Expense Non Operating": NaN,
        "Interest Income Non Operating": NaN,
        "Operating Income": NaN,
        "Operating Expense": NaN,
        "Other Operating Expenses": NaN,
        "Research And Development": NaN,
        "Selling General And Administration": NaN,
        "Selling And Marketing Expense": NaN,
        "General And Administrative Expense": NaN,
        "Other Gand A": NaN,
        "Gross Profit": NaN,
        "Cost Of Revenue": NaN,
        "Total Revenue": NaN,
        "Operating Revenue": NaN
    },
    "2024-06-30": {
        "Tax Effect Of Unusual Items": -360415.282687,
        "Tax Rate For Calcs": 0.178689,
        "Normalized EBITDA": 63556000.0,
        "Total Unusual Items": -2017000.0,
        "Total Unusual Items Excluding Goodwill": -2017000.0,
        "Net Income From Continuing Operation Net Minority Interest": 46244000.0,
        "Reconciled Depreciation": 4038000.0,
        "Reconciled Cost Of Revenue": 101468000.0,
        "EBITDA": 61539000.0,
        "EBIT": 57501000.0,
        "Net Interest Income": 28045000.0,
        "Interest Expense": 1202000.0,
        "Interest Income": 29247000.0,
        "Normalized Income": 47900584.717313,
        "Net Income From Continuing And Discontinued Operation": 46244000.0,
        "Total Expenses": 141008000.0,
        "Total Operating Income As Reported": 30195000.0,
        "Diluted Average Shares": 308293333.0,
        "Basic Average Shares": 289025000.0,
        "Diluted EPS": 0.15,
        "Basic EPS": 0.16,
        "Diluted NI Availto Com Stockholders": 46244000.0,
        "Net Income Common Stockholders": 46244000.0,
        "Net Income": 46244000.0,
        "Minority Interests": 5000.0,
        "Net Income Including Noncontrolling Interests": 46239000.0,
        "Net Income Continuous Operations": 46239000.0,
        "Tax Provision": 10060000.0,
        "Pretax Income": 56299000.0,
        "Other Income Expense": -2017000.0,
        "Other Non Operating Income Expenses": -1941000.0,
        "Special Income Charges": -2017000.0,
        "Other Special Charges": 1941000.0,
        "Write Off": 76000.0,
        "Net Non Operating Interest Income Expense": 28045000.0,
        "Interest Expense Non Operating": 1202000.0,
        "Interest Income Non Operating": 29247000.0,
        "Operating Income": 30271000.0,
        "Operating Expense": 39540000.0,
        "Other Operating Expenses": 1553000.0,
        "Research And Development": 6408000.0,
        "Selling General And Administration": 31579000.0,
        "Selling And Marketing Expense": 4505000.0,
        "General And Administrative Expense": 27074000.0,
        "Other Gand A": 27074000.0,
        "Gross Profit": 69811000.0,
        "Cost Of Revenue": 101468000.0,
        "Total Revenue": 171279000.0,
        "Operating Revenue": 171279000.0
    },
    "2024-09-30": {
        "Tax Effect Of Unusual Items": -628.518404,
        "Tax Rate For Calcs": 0.078565,
        "Normalized EBITDA": 50558000.0,
        "Total Unusual Items": -8000.0,
        "Total Unusual Items Excluding Goodwill": -8000.0,
        "Net Income From Continuing Operation Net Minority Interest": 26782000.0,
        "Reconciled Depreciation": 4033000.0,
        "Reconciled Cost Of Revenue": 107594000.0,
        "EBITDA": 50550000.0,
        "EBIT": 46517000.0,
        "Net Interest Income": -10085000.0,
        "Interest Expense": 17420000.0,
        "Interest Income": 7335000.0,
        "Normalized Income": 26789371.481596,
        "Net Income From Continuing And Discontinued Operation": 26782000.0,
        "Total Expenses": 144630000.0,
        "Total Operating Income As Reported": 41136000.0,
        "Diluted Average Shares": 296321055.0,
        "Basic Average Shares": 282212297.0,
        "Diluted EPS": 0.09,
        "Basic EPS": 0.09,
        "Diluted NI Availto Com Stockholders": 26782000.0,
        "Net Income Common Stockholders": 26782000.0,
        "Net Income": 26782000.0,
        "Minority Interests": -29000.0,
        "Net Income Including Noncontrolling Interests": 26811000.0,
        "Net Income Continuous Operations": 26811000.0,
        "Tax Provision": 2286000.0,
        "Pretax Income": 29097000.0,
        "Other Income Expense": -1962000.0,
        "Other Non Operating Income Expenses": -1954000.0,
        "Special Income Charges": -8000.0,
        "Other Special Charges": NaN,
        "Write Off": 8000.0,
        "Net Non Operating Interest Income Expense": -10085000.0,
        "Interest Expense Non Operating": 17420000.0,
        "Interest Income Non Operating": 7335000.0,
        "Operating Income": 41144000.0,
        "Operating Expense": 37036000.0,
        "Other Operating Expenses": 578000.0,
        "Research And Development": 6930000.0,
        "Selling General And Administration": 29528000.0,
        "Selling And Marketing Expense": 6892000.0,
        "General And Administrative Expense": 22636000.0,
        "Other Gand A": 22636000.0,
        "Gross Profit": 78180000.0,
        "Cost Of Revenue": 107594000.0,
        "Total Revenue": 185774000.0,
        "Operating Revenue": 185774000.0
    },
    "2024-12-31": {
        "Tax Effect Of Unusual Items": 10351862.910936,
        "Tax Rate For Calcs": 0.271874,
        "Normalized EBITDA": -27116000.0,
        "Total Unusual Items": 38076000.0,
        "Total Unusual Items Excluding Goodwill": 38076000.0,
        "Net Income From Continuing Operation Net Minority Interest": 29682000.0,
        "Reconciled Depreciation": 6248000.0,
        "Reconciled Cost Of Revenue": 120780000.0,
        "EBITDA": 10960000.0,
        "EBIT": 4712000.0,
        "Net Interest Income": -39694000.0,
        "Interest Expense": -36079000.0,
        "Interest Income": -26573000.0,
        "Normalized Income": 1957862.910936,
        "Net Income From Continuing And Discontinued Operation": 29682000.0,
        "Total Expenses": 161690000.0,
        "Total Operating Income As Reported": 42268000.0,
        "Diluted Average Shares": 294860956.0,
        "Basic Average Shares": 280443489.0,
        "Diluted EPS": 0.1,
        "Basic EPS": 0.11,
        "Diluted NI Availto Com Stockholders": 29682000.0,
        "Net Income Common Stockholders": 29682000.0,
        "Net Income": 29682000.0,
        "Minority Interests": -19000.0,
        "Net Income Including Noncontrolling Interests": 29701000.0,
        "Net Income Continuous Operations": 29701000.0,
        "Tax Provision": 11090000.0,
        "Pretax Income": 40791000.0,
        "Other Income Expense": 37684000.0,
        "Other Non Operating Income Expenses": -392000.0,
        "Special Income Charges": -533000.0,
        "Other Special Charges": NaN,
        "Write Off": 533000.0,
        "Net Non Operating Interest Income Expense": -39694000.0,
        "Interest Expense Non Operating": -36079000.0,
        "Interest Income Non Operating": -26573000.0,
        "Operating Income": 42801000.0,
        "Operating Expense": 40910000.0,
        "Other Operating Expenses": 25001000.0,
        "Research And Development": 6822000.0,
        "Selling General And Administration": 9087000.0,
        "Selling And Marketing Expense": -12532000.0,
        "General And Administrative Expense": 21619000.0,
        "Other Gand A": -51442000.0,
        "Gross Profit": 83711000.0,
        "Cost Of Revenue": 120780000.0,
        "Total Revenue": 204491000.0,
        "Operating Revenue": 198436000.0
    },
    "2025-03-31": {
        "Tax Effect Of Unusual Items": -39113.635926,
        "Tax Rate For Calcs": 0.101331,
        "Normalized EBITDA": 62861000.0,
        "Total Unusual Items": -386000.0,
        "Total Unusual Items Excluding Goodwill": -386000.0,
        "Net Income From Continuing Operation Net Minority Interest": 46630000.0,
        "Reconciled Depreciation": 5287000.0,
        "Reconciled Cost Of Revenue": 131880000.0,
        "EBITDA": 62475000.0,
        "EBIT": 57188000.0,
        "Net Interest Income": 6969000.0,
        "Interest Expense": 5259000.0,
        "Interest Income": 12228000.0,
        "Normalized Income": 46976886.364074,
        "Net Income From Continuing And Discontinued Operation": 46630000.0,
        "Total Expenses": 170528000.0,
        "Total Operating Income As Reported": 45845000.0,
        "Diluted Average Shares": 310866667.0,
        "Basic Average Shares": 291437500.0,
        "Diluted EPS": 0.15,
        "Basic EPS": 0.16,
        "Diluted NI Availto Com Stockholders": 46630000.0,
        "Net Income Common Stockholders": 46630000.0,
        "Net Income": 46630000.0,
        "Minority Interests": -37000.0,
        "Net Income Including Noncontrolling Interests": 46667000.0,
        "Net Income Continuous Operations": 46667000.0,
        "Tax Provision": 5262000.0,
        "Pretax Income": 51929000.0,
        "Other Income Expense": -1271000.0,
        "Other Non Operating Income Expenses": -885000.0,
        "Special Income Charges": -386000.0,
        "Other Special Charges": NaN,
        "Write Off": 386000.0,
        "Net Non Operating Interest Income Expense": 6969000.0,
        "Interest Expense Non Operating": 5259000.0,
        "Interest Income Non Operating": 12228000.0,
        "Operating Income": 46231000.0,
        "Operating Expense": 38648000.0,
        "Other Operating Expenses": 422000.0,
        "Research And Development": 6767000.0,
        "Selling General And Administration": 31459000.0,
        "Selling And Marketing Expense": 7135000.0,
        "General And Administrative Expense": 24324000.0,
        "Other Gand A": 24324000.0,
        "Gross Profit": 84879000.0,
        "Cost Of Revenue": 131880000.0,
        "Total Revenue": 216759000.0,
        "Operating Revenue": 216759000.0
    },
    "2025-06-30": {
        "Tax Effect Of Unusual Items": -383840.0,
        "Tax Rate For Calcs": 0.16,
        "Normalized EBITDA": 73830000.0,
        "Total Unusual Items": -2399000.0,
        "Total Unusual Items Excluding Goodwill": -2399000.0,
        "Net Income From Continuing Operation Net Minority Interest": 42810000.0,
        "Reconciled Depreciation": 5540000.0,
        "Reconciled Cost Of Revenue": 157573000.0,
        "EBITDA": 71431000.0,
        "EBIT": 65891000.0,
        "Net Interest Income": -3785000.0,
        "Interest Expense": 14895000.0,
        "Interest Income": 11110000.0,
        "Normalized Income": 44825160.0,
        "Net Income From Continuing And Discontinued Operation": 42810000.0,
        "Total Expenses": 199278000.0,
        "Total Operating Income As Reported": 55765000.0,
        "Diluted Average Shares": 305785714.0,
        "Basic Average Shares": 285400000.0,
        "Diluted EPS": 0.14,
        "Basic EPS": 0.15,
        "Diluted NI Availto Com Stockholders": 42810000.0,
        "Net Income Common Stockholders": 42810000.0,
        "Net Income": 42810000.0,
        "Minority Interests": 2000.0,
        "Net Income Including Noncontrolling Interests": 42808000.0,
        "Net Income Continuous Operations": 42808000.0,
        "Tax Provision": 8188000.0,
        "Pretax Income": 50996000.0,
        "Other Income Expense": -2399000.0,
        "Other Non Operating Income Expenses": NaN,
        "Special Income Charges": -2399000.0,
        "Other Special Charges": 984000.0,
        "Write Off": 1415000.0,
        "Net Non Operating Interest Income Expense": -3785000.0,
        "Interest Expense Non Operating": 14895000.0,
        "Interest Income Non Operating": 11110000.0,
        "Operating Income": 57180000.0,
        "Operating Expense": 41705000.0,
        "Other Operating Expenses": 2480000.0,
        "Research And Development": 7380000.0,
        "Selling General And Administration": 31845000.0,
        "Selling And Marketing Expense": 4842000.0,
        "General And Administrative Expense": 27003000.0,
        "Other Gand A": 27003000.0,
        "Gross Profit": 98885000.0,
        "Cost Of Revenue": 157573000.0,
        "Total Revenue": 256458000.0,
        "Operating Revenue": 256458000.0
    }
}