{
    "2023-03-31": {
        "Tax Effect Of Unusual Items": NaN,
        "Tax Rate For Calcs": NaN,
        "Normalized EBITDA": NaN,
        "Total Unusual Items": NaN,
        "Total Unusual Items Excluding Goodwill": NaN,
        "Net Income From Continuing Operation Net Minority Interest": NaN,
        "Reconciled Depreciation": NaN,
        "Reconciled Cost Of Revenue": NaN,
        "EBITDA": NaN,
        "EBIT": NaN,
        "Net Interest Income": NaN,
        "Interest Income": NaN,
        "Normalized Income": NaN,
        "Net Income From Continuing And Discontinued Operation": NaN,
        "Total Expenses": NaN,
        "Total Operating Income As Reported": NaN,
        "Diluted Average Shares": NaN,
        "Basic Average Shares": NaN,
        "Diluted EPS": NaN,
        "Basic EPS": NaN,
        "Diluted NI Availto Com Stockholders": NaN,
        "Net Income Common Stockholders": NaN,
        "Otherunder Preferred Stock Dividend": NaN,
        "Net Income": NaN,
        "Minority Interests": 0.0,
        "Net Income Including Noncontrolling Interests": NaN,
        "Net Income Continuous Operations": NaN,
        "Tax Provision": NaN,
        "Pretax Income": NaN,
        "Other Income Expense": NaN,
        "Other Non Operating Income Expenses": NaN,
        "Special Income Charges": NaN,
        "Gain On Sale Of Business": 0.0,
        "Impairment Of Capital Assets": NaN,
        "Restructuring And Mergern Acquisition": NaN,
        "Earnings From Equity Interest": NaN,
        "Gain On Sale Of Security": NaN,
        "Net Non Operating Interest Income Expense": NaN,
        "Total Other Finance Cost": NaN,
        "Interest Income Non Operating": NaN,
        "Operating Income": NaN,
        "Operating Expense": NaN,
        "Research And Development": NaN,
        "Selling General And Administration": NaN,
        "General And Administrative Expense": NaN,
        "Other Gand A": NaN,
        "Gross Profit": NaN,
        "Cost Of Revenue": NaN,
        "Total Revenue": NaN,
        "Operating Revenue": NaN
    },
    "2022-12-31": {
        "Tax Effect Of Unusual Items": NaN,
        "Tax Rate For Calcs": NaN,
        "Normalized EBITDA": NaN,
        "Total Unusual Items": NaN,
        "Total Unusual Items Excluding Goodwill": NaN,
        "Net Income From Continuing Operation Net Minority Interest": NaN,
        "Reconciled Depreciation": NaN,
        "Reconciled Cost Of Revenue": NaN,
        "EBITDA": NaN,
        "EBIT": NaN,
        "Net Interest Income": NaN,
        "Interest Income": NaN,
        "Normalized Income": NaN,
        "Net Income From Continuing And Discontinued Operation": NaN,
        "Total Expenses": NaN,
        "Total Operating Income As Reported": NaN,
        "Diluted Average Shares": NaN,
        "Basic Average Shares": NaN,
        "Diluted EPS": NaN,
        "Basic EPS": NaN,
        "Diluted NI Availto Com Stockholders": NaN,
        "Net Income Common Stockholders": NaN,
        "Otherunder Preferred Stock Dividend": NaN,
        "Net Income": NaN,
        "Minority Interests": -2390000.0,
        "Net Income Including Noncontrolling Interests": NaN,
        "Net Income Continuous Operations": NaN,
        "Tax Provision": NaN,
        "Pretax Income": NaN,
        "Other Income Expense": NaN,
        "Other Non Operating Income Expenses": NaN,
        "Special Income Charges": NaN,
        "Gain On Sale Of Business": 0.0,
        "Impairment Of Capital Assets": NaN,
        "Restructuring And Mergern Acquisition": NaN,
        "Earnings From Equity Interest": NaN,
        "Gain On Sale Of Security": NaN,
        "Net Non Operating Interest Income Expense": NaN,
        "Total Other Finance Cost": NaN,
        "Interest Income Non Operating": NaN,
        "Operating Income": NaN,
        "Operating Expense": NaN,
        "Research And Development": NaN,
        "Selling General And Administration": NaN,
        "General And Administrative Expense": NaN,
        "Other Gand A": NaN,
        "Gross Profit": NaN,
        "Cost Of Revenue": NaN,
        "Total Revenue": NaN,
        "Operating Revenue": NaN
    },
    "2022-09-30": {
        "Tax Effect Of Unusual Items": NaN,
        "Tax Rate For Calcs": NaN,
        "Normalized EBITDA": NaN,
        "Total Unusual Items": NaN,
        "Total Unusual Items Excluding Goodwill": NaN,
        "Net Income From Continuing Operation Net Minority Interest": NaN,
        "Reconciled Depreciation": NaN,
        "Reconciled Cost Of Revenue": NaN,
        "EBITDA": NaN,
        "EBIT": NaN,
        "Net Interest Income": NaN,
        "Interest Income": NaN,
        "Normalized Income": NaN,
        "Net Income From Continuing And Discontinued Operation": NaN,
        "Total Expenses": NaN,
        "Total Operating Income As Reported": NaN,
        "Diluted Average Shares": NaN,
        "Basic Average Shares": NaN,
        "Diluted EPS": NaN,
        "Basic EPS": NaN,
        "Diluted NI Availto Com Stockholders": NaN,
        "Net Income Common Stockholders": NaN,
        "Otherunder Preferred Stock Dividend": NaN,
        "Net Income": NaN,
        "Minority Interests": NaN,
        "Net Income Including Noncontrolling Interests": NaN,
        "Net Income Continuous Operations": NaN,
        "Tax Provision": NaN,
        "Pretax Income": NaN,
        "Other Income Expense": NaN,
        "Other Non Operating Income Expenses": NaN,
        "Special Income Charges": NaN,
        "Gain On Sale Of Business": NaN,
        "Impairment Of Capital Assets": 0.0,
        "Earnings From Equity Interest": NaN,
        "Gain On Sale Of Security": NaN,
        "Net Non Operating Interest Income Expense": NaN,
        "Total Other Finance Cost": -6380000.0,
        "Interest Income Non Operating": NaN,
        "Operating Income": NaN,
        "Operating Expense": NaN,
        "Research And Development": NaN,
        "Selling General And Administration": NaN,
        "General And Administrative Expense": NaN,
        "Other Gand A": NaN,
        "Gross Profit": NaN,
        "Cost Of Revenue": NaN,
        "Total Revenue": NaN,
        "Operating Revenue": NaN
    },
    "2022-06-30": {
        "Tax Effect Of Unusual Items": -1017.543598,
        "Tax Rate For Calcs": 6.7e-05,
        "Normalized EBITDA": -622136000.0,
        "Total Unusual Items": -15164000.0,
        "Total Unusual Items Excluding Goodwill": -15164000.0,
        "Net Income From Continuing Operation Net Minority Interest": -668825000.0,
        "Reconciled Depreciation": 9608000.0,
        "Reconciled Cost Of Revenue": 63911000.0,
        "EBITDA": -637300000.0,
        "EBIT": -646908000.0,
        "Net Interest Income": 1674000.0,
        "Interest Income": NaN,
        "Normalized Income": -653662017.543598,
        "Net Income From Continuing And Discontinued Operation": -668825000.0,
        "Total Expenses": 791526000.0,
        "Total Operating Income As Reported": -646908000.0,
        "Diluted Average Shares": 1620704000.0,
        "Basic Average Shares": 1620704000.0,
        "Diluted EPS": -0.41,
        "Basic EPS": -0.41,
        "Diluted NI Availto Com Stockholders": -668825000.0,
        "Net Income Common Stockholders": -668825000.0,
        "Net Income": -668825000.0,
        "Minority Interests": 1745000.0,
        "Net Income Including Noncontrolling Interests": -670570000.0,
        "Net Income Continuous Operations": -670570000.0,
        "Tax Provision": -45000.0,
        "Pretax Income": -670615000.0,
        "Other Income Expense": -25381000.0,
        "Other Non Operating Income Expenses": -51000.0,
        "Special Income Charges": 0.0,
        "Gain On Sale Of Business": 0.0,
        "Earnings From Equity Interest": -10166000.0,
        "Gain On Sale Of Security": -15164000.0,
        "Net Non Operating Interest Income Expense": 1674000.0,
        "Total Other Finance Cost": -1674000.0,
        "Interest Income Non Operating": NaN,
        "Operating Income": -646908000.0,
        "Operating Expense": 727615000.0,
        "Research And Development": 289188000.0,
        "Selling General And Administration": 438427000.0,
        "General And Administrative Expense": 438427000.0,
        "Other Gand A": 438427000.0,
        "Gross Profit": 80707000.0,
        "Cost Of Revenue": 63911000.0,
        "Total Revenue": 144618000.0,
        "Operating Revenue": 144618000.0
    },
    "2022-03-31": {
        "Diluted EPS": -0.37,
        "Total Revenue": 168,
        "Gross Profit": 83,
        "Operating Income": -675,
        "EBIT": -666,
        "Net Income": -591
    },
    "2021-12-31": {
        "Diluted EPS": -1.21,
        "Total Revenue": 148,
        "Gross Profit": 82,
        "Operating Income": NaN,
        "EBIT": NaN,
        "Net Income": NaN
    },
    "2021-09-30": {
        "Diluted EPS": -0.08,
        "Total Revenue": 78,
        "Gross Profit": 55,
        "Operating Income": -27,
        "EBIT": -18,
        "Net Income": -102
    },
    "2021-06-30": {
        "Diluted EPS": -0.04,
        "Total Revenue": 44,
        "Gross Profit": 27,
        "Operating Income": -60,
        "EBIT": -53,
        "Net Income": -54
    },
    "2021-03-31": {
        "Diluted EPS": -0.06,
        "Total Revenue": 44,
        "Gross Profit": 20,
        "Operating Income": -57,
        "EBIT": -51,
        "Net Income": -74
    },
    "2020-12-31": {
        "Diluted EPS": 0.0,
        "Total Revenue": NaN,
        "Gross Profit": NaN,
        "Operating Income": NaN,
        "EBIT": NaN,
        "Net Income": NaN
    },
    "2020-09-30": {
        "Diluted EPS": -0.02,
        "Total Revenue": 13,
        "Gross Profit": 12,
        "Operating Income": -34,
        "EBIT": -34,
        "Net Income": -26
    },
    "2019-12-31": {
        "Diluted EPS": 0.0,
        "Total Revenue": NaN,
        "Gross Profit": NaN,
        "Operating Income": NaN,
        "EBIT": NaN,
        "Net Income": NaN
    },
    "2023-06-30": {
        "Tax Effect Of Unusual Items": NaN,
        "Tax Rate For Calcs": NaN,
        "Normalized EBITDA": NaN,
        "Total Unusual Items": NaN,
        "Total Unusual Items Excluding Goodwill": NaN,
        "Net Income From Continuing Operation Net Minority Interest": NaN,
        "Reconciled Depreciation": NaN,
        "Reconciled Cost Of Revenue": NaN,
        "EBITDA": NaN,
        "EBIT": NaN,
        "Net Interest Income": NaN,
        "Interest Income": NaN,
        "Normalized Income": NaN,
        "Net Income From Continuing And Discontinued Operation": NaN,
        "Total Expenses": NaN,
        "Total Operating Income As Reported": NaN,
        "Diluted Average Shares": 48335925.0,
        "Basic Average Shares": 48335925.0,
        "Diluted EPS": -3.6,
        "Basic EPS": -3.6,
        "Diluted NI Availto Com Stockholders": NaN,
        "Net Income Common Stockholders": NaN,
        "Otherunder Preferred Stock Dividend": 0.0,
        "Net Income": NaN,
        "Minority Interests": 0.0,
        "Net Income Including Noncontrolling Interests": NaN,
        "Net Income Continuous Operations": NaN,
        "Tax Provision": NaN,
        "Pretax Income": NaN,
        "Other Income Expense": NaN,
        "Other Non Operating Income Expenses": NaN,
        "Special Income Charges": NaN,
        "Gain On Sale Of Business": 0.0,
        "Impairment Of Capital Assets": NaN,
        "Restructuring And Mergern Acquisition": 0.0,
        "Earnings From Equity Interest": NaN,
        "Gain On Sale Of Security": NaN,
        "Net Non Operating Interest Income Expense": NaN,
        "Total Other Finance Cost": NaN,
        "Interest Income Non Operating": NaN,
        "Operating Income": NaN,
        "Operating Expense": NaN,
        "Research And Development": NaN,
        "Selling General And Administration": NaN,
        "General And Administrative Expense": NaN,
        "Other Gand A": NaN,
        "Gross Profit": NaN,
        "Cost Of Revenue": NaN,
        "Total Revenue": NaN,
        "Operating Revenue": NaN
    },
    "2023-09-30": {
        "Tax Effect Of Unusual Items": NaN,
        "Tax Rate For Calcs": NaN,
        "Normalized EBITDA": NaN,
        "Total Unusual Items": NaN,
        "Total Unusual Items Excluding Goodwill": NaN,
        "Net Income From Continuing Operation Net Minority Interest": NaN,
        "Reconciled Depreciation": NaN,
        "Reconciled Cost Of Revenue": NaN,
        "EBITDA": NaN,
        "EBIT": NaN,
        "Net Interest Income": NaN,
        "Interest Income": NaN,
        "Normalized Income": NaN,
        "Net Income From Continuing And Discontinued Operation": NaN,
        "Total Expenses": NaN,
        "Total Operating Income As Reported": NaN,
        "Diluted Average Shares": NaN,
        "Basic Average Shares": NaN,
        "Diluted EPS": NaN,
        "Basic EPS": NaN,
        "Diluted NI Availto Com Stockholders": NaN,
        "Net Income Common Stockholders": NaN,
        "Otherunder Preferred Stock Dividend": 0.0,
        "Net Income": NaN,
        "Minority Interests": 0.0,
        "Net Income Including Noncontrolling Interests": NaN,
        "Net Income Continuous Operations": NaN,
        "Tax Provision": NaN,
        "Pretax Income": NaN,
        "Other Income Expense": NaN,
        "Other Non Operating Income Expenses": NaN,
        "Special Income Charges": NaN,
        "Gain On Sale Of Business": 0.0,
        "Write Off": NaN,
        "Impairment Of Capital Assets": 96210000.0,
        "Restructuring And Mergern Acquisition": NaN,
        "Earnings From Equity Interest": NaN,
        "Gain On Sale Of Security": NaN,
        "Net Non Operating Interest Income Expense": NaN,
        "Total Other Finance Cost": -15020000.0,
        "Interest Income Non Operating": NaN,
        "Operating Income": NaN,
        "Operating Expense": NaN,
        "Research And Development": NaN,
        "Selling General And Administration": NaN,
        "General And Administrative Expense": NaN,
        "Other Gand A": NaN,
        "Gross Profit": NaN,
        "Cost Of Revenue": NaN,
        "Total Revenue": NaN,
        "Operating Revenue": NaN
    },
    "2023-12-31": {
        "Tax Effect Of Unusual Items": NaN,
        "Tax Rate For Calcs": NaN,
        "Normalized EBITDA": NaN,
        "Total Unusual Items": NaN,
        "Total Unusual Items Excluding Goodwill": NaN,
        "Net Income From Continuing Operation Net Minority Interest": NaN,
        "Reconciled Depreciation": NaN,
        "Reconciled Cost Of Revenue": NaN,
        "EBITDA": NaN,
        "EBIT": NaN,
        "Net Interest Income": NaN,
        "Interest Income": NaN,
        "Normalized Income": NaN,
        "Net Income From Continuing And Discontinued Operation": NaN,
        "Total Expenses": NaN,
        "Total Operating Income As Reported": NaN,
        "Diluted Average Shares": NaN,
        "Basic Average Shares": NaN,
        "Diluted EPS": NaN,
        "Basic EPS": NaN,
        "Diluted NI Availto Com Stockholders": NaN,
        "Net Income Common Stockholders": NaN,
        "Otherunder Preferred Stock Dividend": NaN,
        "Net Income": NaN,
        "Minority Interests": 0.0,
        "Net Income Including Noncontrolling Interests": NaN,
        "Net Income Continuous Operations": NaN,
        "Tax Provision": NaN,
        "Pretax Income": NaN,
        "Other Income Expense": NaN,
        "Other Non Operating Income Expenses": NaN,
        "Special Income Charges": NaN,
        "Gain On Sale Of Business": -42502000.0,
        "Write Off": NaN,
        "Impairment Of Capital Assets": 0.0,
        "Restructuring And Mergern Acquisition": NaN,
        "Earnings From Equity Interest": -1119000.0,
        "Gain On Sale Of Security": NaN,
        "Net Non Operating Interest Income Expense": NaN,
        "Interest Income Non Operating": NaN,
        "Operating Income": NaN,
        "Operating Expense": NaN,
        "Research And Development": NaN,
        "Selling General And Administration": NaN,
        "General And Administrative Expense": NaN,
        "Other Gand A": NaN,
        "Gross Profit": NaN,
        "Cost Of Revenue": NaN,
        "Total Revenue": NaN,
        "Operating Revenue": NaN
    },
    "2024-03-31": {
        "Tax Effect Of Unusual Items": NaN,
        "Tax Rate For Calcs": NaN,
        "Normalized EBITDA": NaN,
        "Total Unusual Items": NaN,
        "Total Unusual Items Excluding Goodwill": NaN,
        "Net Income From Continuing Operation Net Minority Interest": NaN,
        "Reconciled Depreciation": NaN,
        "Reconciled Cost Of Revenue": NaN,
        "EBITDA": NaN,
        "EBIT": NaN,
        "Net Interest Income": NaN,
        "Interest Income": NaN,
        "Normalized Income": NaN,
        "Net Income From Continuing And Discontinued Operation": NaN,
        "Total Expenses": NaN,
        "Total Operating Income As Reported": NaN,
        "Diluted Average Shares": NaN,
        "Basic Average Shares": NaN,
        "Diluted EPS": NaN,
        "Basic EPS": NaN,
        "Diluted NI Availto Com Stockholders": NaN,
        "Net Income Common Stockholders": NaN,
        "Otherunder Preferred Stock Dividend": 464000.0,
        "Net Income": NaN,
        "Minority Interests": NaN,
        "Net Income Including Noncontrolling Interests": NaN,
        "Net Income Continuous Operations": NaN,
        "Tax Provision": NaN,
        "Pretax Income": NaN,
        "Other Income Expense": NaN,
        "Other Non Operating Income Expenses": NaN,
        "Special Income Charges": NaN,
        "Gain On Sale Of Business": NaN,
        "Write Off": 5212000.0,
        "Impairment Of Capital Assets": NaN,
        "Restructuring And Mergern Acquisition": NaN,
        "Earnings From Equity Interest": 0.0,
        "Gain On Sale Of Security": NaN,
        "Net Non Operating Interest Income Expense": NaN,
        "Interest Income Non Operating": NaN,
        "Operating Income": NaN,
        "Operating Expense": NaN,
        "Research And Development": NaN,
        "Selling General And Administration": NaN,
        "General And Administrative Expense": NaN,
        "Other Gand A": NaN,
        "Gross Profit": NaN,
        "Cost Of Revenue": NaN,
        "Total Revenue": NaN,
        "Operating Revenue": NaN
    },
    "2024-06-30": {
        "Tax Effect Of Unusual Items": -14388570.0,
        "Tax Rate For Calcs": 0.21,
        "Normalized EBITDA": -72174000.0,
        "Total Unusual Items": -68517000.0,
        "Total Unusual Items Excluding Goodwill": -68517000.0,
        "Net Income From Continuing Operation Net Minority Interest": -217181000.0,
        "Reconciled Depreciation": 17330000.0,
        "Reconciled Cost Of Revenue": 13721000.0,
        "EBITDA": -140691000.0,
        "EBIT": -158021000.0,
        "Net Interest Income": 10313000.0,
        "Interest Income": 10313000.0,
        "Normalized Income": -163052570.0,
        "Net Income From Continuing And Discontinued Operation": -217181000.0,
        "Total Expenses": 214227000.0,
        "Total Operating Income As Reported": -222945000.0,
        "Diluted Average Shares": 51375599.0,
        "Basic Average Shares": 51370029.0,
        "Diluted EPS": -4.23,
        "Basic EPS": -4.23,
        "Diluted NI Availto Com Stockholders": -217365000.0,
        "Net Income Common Stockholders": -217365000.0,
        "Otherunder Preferred Stock Dividend": 184000.0,
        "Net Income": -217181000.0,
        "Minority Interests": NaN,
        "Net Income Including Noncontrolling Interests": -217181000.0,
        "Net Income Continuous Operations": -217181000.0,
        "Tax Provision": 190000.0,
        "Pretax Income": -216991000.0,
        "Other Income Expense": -69283000.0,
        "Other Non Operating Income Expenses": -766000.0,
        "Special Income Charges": -69824000.0,
        "Gain On Sale Of Business": NaN,
        "Write Off": 4900000.0,
        "Impairment Of Capital Assets": 47858000.0,
        "Restructuring And Mergern Acquisition": 17066000.0,
        "Earnings From Equity Interest": 0.0,
        "Gain On Sale Of Security": 1307000.0,
        "Net Non Operating Interest Income Expense": 10313000.0,
        "Interest Income Non Operating": 10313000.0,
        "Operating Income": -158021000.0,
        "Operating Expense": 200506000.0,
        "Research And Development": 134221000.0,
        "Selling General And Administration": 66285000.0,
        "General And Administrative Expense": 66285000.0,
        "Other Gand A": 66285000.0,
        "Gross Profit": 42485000.0,
        "Cost Of Revenue": 13721000.0,
        "Total Revenue": 56206000.0,
        "Operating Revenue": 56206000.0
    },
    "2024-09-30": {
        "Tax Effect Of Unusual Items": -101355.278453,
        "Tax Rate For Calcs": 0.006605,
        "Normalized EBITDA": -19740000.0,
        "Total Unusual Items": -15346000.0,
        "Total Unusual Items Excluding Goodwill": -15346000.0,
        "Net Income From Continuing Operation Net Minority Interest": -56403000.0,
        "Reconciled Depreciation": 17169000.0,
        "Reconciled Cost Of Revenue": 12003000.0,
        "EBITDA": -35086000.0,
        "EBIT": -52255000.0,
        "Net Interest Income": 9251000.0,
        "Interest Income": 9251000.0,
        "Normalized Income": -41158355.278453,
        "Net Income From Continuing And Discontinued Operation": -56403000.0,
        "Total Expenses": 141301000.0,
        "Total Operating Income As Reported": -55204000.0,
        "Diluted Average Shares": 52246000.0,
        "Basic Average Shares": 52240000.0,
        "Diluted EPS": -1.08,
        "Basic EPS": -1.08,
        "Diluted NI Availto Com Stockholders": -56432000.0,
        "Net Income Common Stockholders": -56432000.0,
        "Otherunder Preferred Stock Dividend": 29000.0,
        "Net Income": -56403000.0,
        "Minority Interests": NaN,
        "Net Income Including Noncontrolling Interests": -56403000.0,
        "Net Income Continuous Operations": -56403000.0,
        "Tax Provision": -375000.0,
        "Pretax Income": -56778000.0,
        "Other Income Expense": -13774000.0,
        "Other Non Operating Income Expenses": 1572000.0,
        "Special Income Charges": -9962000.0,
        "Gain On Sale Of Business": -7013000.0,
        "Write Off": NaN,
        "Impairment Of Capital Assets": 0.0,
        "Restructuring And Mergern Acquisition": 2949000.0,
        "Earnings From Equity Interest": 0.0,
        "Gain On Sale Of Security": -5384000.0,
        "Net Non Operating Interest Income Expense": 9251000.0,
        "Interest Income Non Operating": 9251000.0,
        "Operating Income": -52255000.0,
        "Operating Expense": 129298000.0,
        "Research And Development": 77006000.0,
        "Selling General And Administration": 52292000.0,
        "General And Administrative Expense": 52292000.0,
        "Other Gand A": 52292000.0,
        "Gross Profit": 77043000.0,
        "Cost Of Revenue": 12003000.0,
        "Total Revenue": 89046000.0,
        "Operating Revenue": 89046000.0
    },
    "2024-12-31": {
        "Tax Effect Of Unusual Items": -50326.351997,
        "Tax Rate For Calcs": 0.003013,
        "Normalized EBITDA": -126782000.0,
        "Total Unusual Items": -16702000.0,
        "Total Unusual Items Excluding Goodwill": -16702000.0,
        "Net Income From Continuing Operation Net Minority Interest": -107534000.0,
        "Reconciled Depreciation": 15652000.0,
        "Reconciled Cost Of Revenue": 9622000.0,
        "EBITDA": -143484000.0,
        "EBIT": -159136000.0,
        "Net Interest Income": 7243000.0,
        "Interest Income": 7337000.0,
        "Normalized Income": -90882326.351997,
        "Net Income From Continuing And Discontinued Operation": -107534000.0,
        "Total Expenses": 143296000.0,
        "Total Operating Income As Reported": -103606000.0,
        "Diluted Average Shares": 53814706.0,
        "Basic Average Shares": 53814706.0,
        "Diluted EPS": -2.0,
        "Basic EPS": -2.0,
        "Diluted NI Availto Com Stockholders": -107203000.0,
        "Net Income Common Stockholders": -107203000.0,
        "Otherunder Preferred Stock Dividend": NaN,
        "Net Income": -107534000.0,
        "Minority Interests": NaN,
        "Net Income Including Noncontrolling Interests": -107534000.0,
        "Net Income Continuous Operations": -107534000.0,
        "Tax Provision": -325000.0,
        "Pretax Income": -107859000.0,
        "Other Income Expense": -15653000.0,
        "Other Non Operating Income Expenses": 1049000.0,
        "Special Income Charges": -4157000.0,
        "Gain On Sale Of Business": 0.0,
        "Write Off": NaN,
        "Impairment Of Capital Assets": 0.0,
        "Restructuring And Mergern Acquisition": 4157000.0,
        "Earnings From Equity Interest": 0.0,
        "Gain On Sale Of Security": -12545000.0,
        "Net Non Operating Interest Income Expense": 7243000.0,
        "Interest Income Non Operating": 7337000.0,
        "Operating Income": -99449000.0,
        "Operating Expense": 133674000.0,
        "Research And Development": 76377000.0,
        "Selling General And Administration": 57297000.0,
        "General And Administrative Expense": 57297000.0,
        "Other Gand A": 57297000.0,
        "Gross Profit": 34225000.0,
        "Cost Of Revenue": 9622000.0,
        "Total Revenue": 43847000.0,
        "Operating Revenue": 43847000.0
    },
    "2025-03-31": {
        "Tax Effect Of Unusual Items": -1882860.0,
        "Tax Rate For Calcs": 0.21,
        "Normalized EBITDA": -59363000.0,
        "Total Unusual Items": -8966000.0,
        "Total Unusual Items Excluding Goodwill": -8966000.0,
        "Net Income From Continuing Operation Net Minority Interest": -90957000.0,
        "Reconciled Depreciation": 15366000.0,
        "Reconciled Cost Of Revenue": 12047000.0,
        "EBITDA": -68329000.0,
        "EBIT": -83695000.0,
        "Net Interest Income": 6081000.0,
        "Interest Income": 6081000.0,
        "Normalized Income": -83873860.0,
        "Net Income From Continuing And Discontinued Operation": -90957000.0,
        "Total Expenses": 132013000.0,
        "Total Operating Income As Reported": -88968000.0,
        "Diluted Average Shares": 54241619.0,
        "Basic Average Shares": 54241619.0,
        "Diluted EPS": -1.68,
        "Basic EPS": -1.68,
        "Diluted NI Availto Com Stockholders": -90957000.0,
        "Net Income Common Stockholders": -90957000.0,
        "Otherunder Preferred Stock Dividend": 0.0,
        "Net Income": -90957000.0,
        "Minority Interests": NaN,
        "Net Income Including Noncontrolling Interests": -90957000.0,
        "Net Income Continuous Operations": -90957000.0,
        "Tax Provision": 88000.0,
        "Pretax Income": -90869000.0,
        "Other Income Expense": -13255000.0,
        "Other Non Operating Income Expenses": -4289000.0,
        "Special Income Charges": -7117000.0,
        "Gain On Sale Of Business": NaN,
        "Write Off": 1844000.0,
        "Impairment Of Capital Assets": NaN,
        "Restructuring And Mergern Acquisition": 5273000.0,
        "Earnings From Equity Interest": NaN,
        "Gain On Sale Of Security": -1849000.0,
        "Net Non Operating Interest Income Expense": 6081000.0,
        "Interest Income Non Operating": 6081000.0,
        "Operating Income": -83695000.0,
        "Operating Expense": 119966000.0,
        "Research And Development": 70923000.0,
        "Selling General And Administration": 49043000.0,
        "General And Administrative Expense": 49043000.0,
        "Other Gand A": 49043000.0,
        "Gross Profit": 36271000.0,
        "Cost Of Revenue": 12047000.0,
        "Total Revenue": 48318000.0,
        "Operating Revenue": 48318000.0
    },
    "2025-06-30": {
        "Tax Effect Of Unusual Items": -18231.995774,
        "Tax Rate For Calcs": 0.004671,
        "Normalized EBITDA": -42171000.0,
        "Total Unusual Items": -3903000.0,
        "Total Unusual Items Excluding Goodwill": -3903000.0,
        "Net Income From Continuing Operation Net Minority Interest": -60300000.0,
        "Reconciled Depreciation": 15793000.0,
        "Reconciled Cost Of Revenue": 14822000.0,
        "EBITDA": -46074000.0,
        "EBIT": -61867000.0,
        "Net Interest Income": 6083000.0,
        "Interest Income": 6083000.0,
        "Normalized Income": -56415231.995774,
        "Net Income From Continuing And Discontinued Operation": -60300000.0,
        "Total Expenses": 111471000.0,
        "Total Operating Income As Reported": -65541000.0,
        "Diluted Average Shares": 54858982.0,
        "Basic Average Shares": 54858982.0,
        "Diluted EPS": -1.1,
        "Basic EPS": -1.1,
        "Diluted NI Availto Com Stockholders": -60300000.0,
        "Net Income Common Stockholders": -60300000.0,
        "Otherunder Preferred Stock Dividend": 0.0,
        "Net Income": -60300000.0,
        "Minority Interests": NaN,
        "Net Income Including Noncontrolling Interests": -60300000.0,
        "Net Income Continuous Operations": -60300000.0,
        "Tax Provision": -283000.0,
        "Pretax Income": -60583000.0,
        "Other Income Expense": -4799000.0,
        "Other Non Operating Income Expenses": -896000.0,
        "Special Income Charges": -3674000.0,
        "Gain On Sale Of Business": NaN,
        "Write Off": 0.0,
        "Impairment Of Capital Assets": 0.0,
        "Restructuring And Mergern Acquisition": 3674000.0,
        "Earnings From Equity Interest": NaN,
        "Gain On Sale Of Security": -229000.0,
        "Net Non Operating Interest Income Expense": 6083000.0,
        "Interest Income Non Operating": 6083000.0,
        "Operating Income": -61867000.0,
        "Operating Expense": 96649000.0,
        "Research And Development": 53370000.0,
        "Selling General And Administration": 43279000.0,
        "General And Administrative Expense": 43279000.0,
        "Other Gand A": 43279000.0,
        "Gross Profit": 34782000.0,
        "Cost Of Revenue": 14822000.0,
        "Total Revenue": 49604000.0,
        "Operating Revenue": 49604000.0
    }
}