{
    "2023-03-31": {
        "Tax Effect Of Unusual Items": -1092000.0,
        "Tax Rate For Calcs": 0.26,
        "Normalized EBITDA": 159500000.0,
        "Total Unusual Items": -4200000.0,
        "Total Unusual Items Excluding Goodwill": -4200000.0,
        "Net Income From Continuing Operation Net Minority Interest": -33700000.0,
        "Reconciled Depreciation": 145400000.0,
        "Reconciled Cost Of Revenue": 207800000.0,
        "EBITDA": 155300000.0,
        "EBIT": 9900000.0,
        "Net Interest Income": -53900000.0,
        "Interest Expense": 55300000.0,
        "Interest Income": 1400000.0,
        "Normalized Income": -30592000.0,
        "Net Income From Continuing And Discontinued Operation": -33700000.0,
        "Total Expenses": 528300000.0,
        "Total Operating Income As Reported": 7900000.0,
        "Diluted Average Shares": 429600000.0,
        "Basic Average Shares": 429600000.0,
        "Diluted EPS": -0.08,
        "Basic EPS": -0.08,
        "Diluted NI Availto Com Stockholders": -33700000.0,
        "Net Income Common Stockholders": -33700000.0,
        "Net Income": -33700000.0,
        "Minority Interests": -900000.0,
        "Net Income Including Noncontrolling Interests": -32800000.0,
        "Net Income Continuous Operations": -32800000.0,
        "Earnings From Equity Interest Net Of Tax": 800000.0,
        "Tax Provision": -11800000.0,
        "Pretax Income": -45400000.0,
        "Other Income Expense": -3600000.0,
        "Other Non Operating Income Expenses": 600000.0,
        "Special Income Charges": -4200000.0,
        "Other Special Charges": NaN,
        "Restructuring And Mergern Acquisition": 4200000.0,
        "Net Non Operating Interest Income Expense": -53900000.0,
        "Interest Expense Non Operating": 55300000.0,
        "Interest Income Non Operating": 1400000.0,
        "Operating Income": 12100000.0,
        "Operating Expense": 320500000.0,
        "Depreciation Amortization Depletion Income Statement": 145400000.0,
        "Depreciation And Amortization In Income Statement": 145400000.0,
        "Selling General And Administration": 175100000.0,
        "Gross Profit": 332600000.0,
        "Cost Of Revenue": 207800000.0,
        "Total Revenue": 540400000.0,
        "Operating Revenue": 540400000.0
    },
    "2022-12-31": {
        "Tax Effect Of Unusual Items": NaN,
        "Tax Rate For Calcs": NaN,
        "Normalized EBITDA": NaN,
        "Total Unusual Items": NaN,
        "Total Unusual Items Excluding Goodwill": NaN,
        "Net Income From Continuing Operation Net Minority Interest": NaN,
        "Reconciled Depreciation": NaN,
        "Reconciled Cost Of Revenue": NaN,
        "EBITDA": NaN,
        "EBIT": NaN,
        "Net Interest Income": NaN,
        "Interest Expense": NaN,
        "Interest Income": NaN,
        "Normalized Income": NaN,
        "Net Income From Continuing And Discontinued Operation": NaN,
        "Total Expenses": NaN,
        "Total Operating Income As Reported": NaN,
        "Diluted Average Shares": NaN,
        "Basic Average Shares": NaN,
        "Diluted EPS": NaN,
        "Basic EPS": NaN,
        "Diluted NI Availto Com Stockholders": NaN,
        "Net Income Common Stockholders": NaN,
        "Net Income": NaN,
        "Minority Interests": NaN,
        "Net Income Including Noncontrolling Interests": NaN,
        "Net Income Continuous Operations": NaN,
        "Earnings From Equity Interest Net Of Tax": NaN,
        "Tax Provision": NaN,
        "Pretax Income": NaN,
        "Other Income Expense": NaN,
        "Other Non Operating Income Expenses": NaN,
        "Special Income Charges": NaN,
        "Other Special Charges": 0.0,
        "Restructuring And Mergern Acquisition": NaN,
        "Net Non Operating Interest Income Expense": NaN,
        "Interest Expense Non Operating": NaN,
        "Interest Income Non Operating": NaN,
        "Operating Income": NaN,
        "Operating Expense": NaN,
        "Depreciation Amortization Depletion Income Statement": NaN,
        "Depreciation And Amortization In Income Statement": NaN,
        "Selling General And Administration": NaN,
        "Gross Profit": NaN,
        "Cost Of Revenue": NaN,
        "Total Revenue": NaN,
        "Operating Revenue": NaN
    },
    "2022-09-30": {
        "Tax Effect Of Unusual Items": -2640000.0,
        "Tax Rate For Calcs": 0.4,
        "Normalized EBITDA": 206500000.0,
        "Total Unusual Items": -6600000.0,
        "Total Unusual Items Excluding Goodwill": -6600000.0,
        "Net Income From Continuing Operation Net Minority Interest": 8000000.0,
        "Reconciled Depreciation": 145100000.0,
        "Reconciled Cost Of Revenue": 175000000.0,
        "EBITDA": 199900000.0,
        "EBIT": 54800000.0,
        "Net Interest Income": -48600000.0,
        "Interest Expense": 49100000.0,
        "Interest Income": 500000.0,
        "Normalized Income": 11960000.0,
        "Net Income From Continuing And Discontinued Operation": 8000000.0,
        "Total Expenses": 504200000.0,
        "Total Operating Income As Reported": 45500000.0,
        "Diluted Average Shares": 429426048.0,
        "Basic Average Shares": 429209862.0,
        "Diluted EPS": 0.02,
        "Basic EPS": 0.02,
        "Diluted NI Availto Com Stockholders": 8000000.0,
        "Net Income Common Stockholders": 8000000.0,
        "Net Income": 8000000.0,
        "Minority Interests": -2400000.0,
        "Net Income Including Noncontrolling Interests": 10400000.0,
        "Net Income Continuous Operations": 10400000.0,
        "Earnings From Equity Interest Net Of Tax": 500000.0,
        "Tax Provision": -4200000.0,
        "Pretax Income": 5700000.0,
        "Other Income Expense": 2200000.0,
        "Other Non Operating Income Expenses": 8800000.0,
        "Special Income Charges": -6600000.0,
        "Other Special Charges": NaN,
        "Restructuring And Mergern Acquisition": 6600000.0,
        "Net Non Operating Interest Income Expense": -48600000.0,
        "Interest Expense Non Operating": 49100000.0,
        "Interest Income Non Operating": 500000.0,
        "Operating Income": 52100000.0,
        "Operating Expense": 329200000.0,
        "Depreciation Amortization Depletion Income Statement": 145100000.0,
        "Depreciation And Amortization In Income Statement": 145100000.0,
        "Selling General And Administration": 184100000.0,
        "Gross Profit": 381300000.0,
        "Cost Of Revenue": 175000000.0,
        "Total Revenue": 556300000.0,
        "Operating Revenue": 556300000.0
    },
    "2022-06-30": {
        "Tax Effect Of Unusual Items": -400800.0,
        "Tax Rate For Calcs": 0.167,
        "Normalized EBITDA": 190600000.0,
        "Total Unusual Items": -2400000.0,
        "Total Unusual Items Excluding Goodwill": -2400000.0,
        "Net Income From Continuing Operation Net Minority Interest": -1800000.0,
        "Reconciled Depreciation": 147000000.0,
        "Reconciled Cost Of Revenue": 181600000.0,
        "EBITDA": 188200000.0,
        "EBIT": 41200000.0,
        "Net Interest Income": -41600000.0,
        "Interest Expense": 41900000.0,
        "Interest Income": 300000.0,
        "Normalized Income": 199200.0,
        "Net Income From Continuing And Discontinued Operation": -1800000.0,
        "Total Expenses": 505200000.0,
        "Total Operating Income As Reported": 29700000.0,
        "Diluted Average Shares": 429137384.0,
        "Basic Average Shares": 429137384.0,
        "Diluted EPS": -0.004194,
        "Basic EPS": -0.004194,
        "Diluted NI Availto Com Stockholders": -1800000.0,
        "Net Income Common Stockholders": -1800000.0,
        "Net Income": -1800000.0,
        "Minority Interests": -1800000.0,
        "Net Income Including Noncontrolling Interests": 0.0,
        "Net Income Continuous Operations": 0.0,
        "Earnings From Equity Interest Net Of Tax": 600000.0,
        "Tax Provision": -100000.0,
        "Pretax Income": -700000.0,
        "Other Income Expense": 8800000.0,
        "Other Non Operating Income Expenses": 11200000.0,
        "Special Income Charges": -2400000.0,
        "Other Special Charges": NaN,
        "Restructuring And Mergern Acquisition": 2400000.0,
        "Net Non Operating Interest Income Expense": -41600000.0,
        "Interest Expense Non Operating": 41900000.0,
        "Interest Income Non Operating": 300000.0,
        "Operating Income": 32100000.0,
        "Operating Expense": 323600000.0,
        "Depreciation Amortization Depletion Income Statement": 147000000.0,
        "Depreciation And Amortization In Income Statement": 147000000.0,
        "Selling General And Administration": 176600000.0,
        "Gross Profit": 355700000.0,
        "Cost Of Revenue": 181600000.0,
        "Total Revenue": 537300000.0,
        "Operating Revenue": 537300000.0
    },
    "2023-06-30": {
        "Tax Effect Of Unusual Items": -966000.0,
        "Tax Rate For Calcs": 0.21,
        "Normalized EBITDA": 168700000.0,
        "Total Unusual Items": -4600000.0,
        "Total Unusual Items Excluding Goodwill": -4600000.0,
        "Net Income From Continuing Operation Net Minority Interest": -19400000.0,
        "Reconciled Depreciation": 145000000.0,
        "Reconciled Cost Of Revenue": 205000000.0,
        "EBITDA": 164100000.0,
        "EBIT": 19100000.0,
        "Net Interest Income": -55000000.0,
        "Interest Expense": 56100000.0,
        "Interest Income": 1100000.0,
        "Normalized Income": -15766000.0,
        "Net Income From Continuing And Discontinued Operation": -19400000.0,
        "Total Expenses": 533600000.0,
        "Total Operating Income As Reported": 16500000.0,
        "Diluted Average Shares": 430500000.0,
        "Basic Average Shares": 430500000.0,
        "Diluted EPS": -0.04,
        "Basic EPS": -0.04,
        "Diluted NI Availto Com Stockholders": -19400000.0,
        "Net Income Common Stockholders": -19400000.0,
        "Net Income": -19400000.0,
        "Minority Interests": -600000.0,
        "Net Income Including Noncontrolling Interests": -18800000.0,
        "Net Income Continuous Operations": -18800000.0,
        "Earnings From Equity Interest Net Of Tax": 700000.0,
        "Tax Provision": -17500000.0,
        "Pretax Income": -37000000.0,
        "Other Income Expense": -3100000.0,
        "Other Non Operating Income Expenses": 1500000.0,
        "Special Income Charges": -4600000.0,
        "Restructuring And Mergern Acquisition": 4600000.0,
        "Net Non Operating Interest Income Expense": -55000000.0,
        "Interest Expense Non Operating": 56100000.0,
        "Interest Income Non Operating": 1100000.0,
        "Operating Income": 21100000.0,
        "Operating Expense": 328600000.0,
        "Depreciation Amortization Depletion Income Statement": 145000000.0,
        "Depreciation And Amortization In Income Statement": 145000000.0,
        "Selling General And Administration": 183600000.0,
        "Gross Profit": 349700000.0,
        "Cost Of Revenue": 205000000.0,
        "Total Revenue": 554700000.0,
        "Operating Revenue": 554700000.0
    },
    "2022-03-31": {
        "Diluted EPS": -0.07,
        "Total Revenue": 536,
        "Gross Profit": 359,
        "Operating Income": 16,
        "EBIT": 177,
        "Net Income": -31
    },
    "2021-12-31": {
        "Diluted EPS": -0.03,
        "Total Revenue": 598,
        "Gross Profit": 422,
        "Operating Income": 61,
        "EBIT": 235,
        "Net Income": -12
    },
    "2021-09-30": {
        "Diluted EPS": 0.04,
        "Total Revenue": 542,
        "Gross Profit": 383,
        "Operating Income": 50,
        "EBIT": 211,
        "Net Income": 17
    },
    "2021-06-30": {
        "Diluted EPS": -0.12,
        "Total Revenue": 521,
        "Gross Profit": 354,
        "Operating Income": 27,
        "EBIT": 184,
        "Net Income": -52
    },
    "2021-03-31": {
        "Diluted EPS": -0.06,
        "Total Revenue": 505,
        "Gross Profit": 344,
        "Operating Income": 8,
        "EBIT": 163,
        "Net Income": -25
    },
    "2020-12-31": {
        "Diluted EPS": 0.08,
        "Total Revenue": 480,
        "Gross Profit": 336,
        "Operating Income": 20,
        "EBIT": 201,
        "Net Income": 2
    },
    "2020-09-30": {
        "Diluted EPS": -0.04,
        "Total Revenue": 444,
        "Gross Profit": 316,
        "Operating Income": 46,
        "EBIT": 180,
        "Net Income": -16
    },
    "2020-06-30": {
        "Diluted EPS": -0.66,
        "Total Revenue": 419,
        "Gross Profit": 282,
        "Operating Income": -2,
        "EBIT": 130,
        "Net Income": -208
    },
    "2020-03-31": {
        "Diluted EPS": 0.13,
        "Total Revenue": 396,
        "Gross Profit": 257,
        "Operating Income": -7,
        "EBIT": 127,
        "Net Income": 42
    },
    "2019-12-31": {
        "Diluted EPS": -0.84,
        "Total Revenue": 433,
        "Gross Profit": 301,
        "Operating Income": -7,
        "EBIT": 124,
        "Net Income": -231
    },
    "2019-09-30": {
        "Diluted EPS": -0.28,
        "Total Revenue": 408,
        "Gross Profit": 283,
        "Operating Income": -1,
        "EBIT": 133,
        "Net Income": -89
    },
    "2019-06-30": {
        "Diluted EPS": -0.3,
        "Total Revenue": 399,
        "Gross Profit": 271,
        "Operating Income": -9,
        "EBIT": 128,
        "Net Income": -94
    },
    "2019-03-31": {
        "Diluted EPS": -0.72,
        "Total Revenue": 174,
        "Gross Profit": 110,
        "Operating Income": -203,
        "EBIT": -122,
        "Net Income": -228
    },
    "2018-12-31": {
        "Diluted EPS": 0.0,
        "Total Revenue": NaN,
        "Gross Profit": NaN,
        "Operating Income": NaN,
        "EBIT": NaN,
        "Net Income": NaN
    },
    "2023-09-30": {
        "Tax Effect Of Unusual Items": -336000.0,
        "Tax Rate For Calcs": 0.21,
        "Normalized EBITDA": 198800000.0,
        "Total Unusual Items": -1600000.0,
        "Total Unusual Items Excluding Goodwill": -1600000.0,
        "Net Income From Continuing Operation Net Minority Interest": 4400000.0,
        "Reconciled Depreciation": 146700000.0,
        "Reconciled Cost Of Revenue": 211800000.0,
        "EBITDA": 197200000.0,
        "EBIT": 50500000.0,
        "Net Interest Income": -55300000.0,
        "Interest Expense": 57000000.0,
        "Interest Income": 1700000.0,
        "Normalized Income": 5664000.0,
        "Net Income From Continuing And Discontinued Operation": 4400000.0,
        "Total Expenses": 534800000.0,
        "Total Operating Income As Reported": 52100000.0,
        "Diluted Average Shares": NaN,
        "Basic Average Shares": NaN,
        "Diluted EPS": NaN,
        "Basic EPS": NaN,
        "Diluted NI Availto Com Stockholders": 4400000.0,
        "Net Income Common Stockholders": 4400000.0,
        "Net Income": 4400000.0,
        "Minority Interests": -900000.0,
        "Net Income Including Noncontrolling Interests": 5300000.0,
        "Net Income Continuous Operations": 5300000.0,
        "Earnings From Equity Interest Net Of Tax": 600000.0,
        "Tax Provision": -11200000.0,
        "Pretax Income": -6500000.0,
        "Other Income Expense": -4900000.0,
        "Other Non Operating Income Expenses": -3300000.0,
        "Special Income Charges": -1600000.0,
        "Restructuring And Mergern Acquisition": 1600000.0,
        "Net Non Operating Interest Income Expense": -55300000.0,
        "Interest Expense Non Operating": 57000000.0,
        "Interest Income Non Operating": 1700000.0,
        "Operating Income": 53700000.0,
        "Operating Expense": 323000000.0,
        "Depreciation Amortization Depletion Income Statement": 146700000.0,
        "Depreciation And Amortization In Income Statement": 146700000.0,
        "Selling General And Administration": 176300000.0,
        "Gross Profit": 376700000.0,
        "Cost Of Revenue": 211800000.0,
        "Total Revenue": 588500000.0,
        "Operating Revenue": 588500000.0
    },
    "2023-12-31": {
        "Tax Effect Of Unusual Items": -588000.0,
        "Tax Rate For Calcs": 0.21,
        "Normalized EBITDA": 213800000.0,
        "Total Unusual Items": -2800000.0,
        "Total Unusual Items Excluding Goodwill": -2800000.0,
        "Net Income From Continuing Operation Net Minority Interest": 1700000.0,
        "Reconciled Depreciation": 149700000.0,
        "Reconciled Cost Of Revenue": 223600000.0,
        "EBITDA": 211000000.0,
        "EBIT": 61300000.0,
        "Net Interest Income": -51900000.0,
        "Interest Expense": 53500000.0,
        "Interest Income": 1600000.0,
        "Normalized Income": 3912000.0,
        "Net Income From Continuing And Discontinued Operation": 1700000.0,
        "Total Expenses": 563800000.0,
        "Total Operating Income As Reported": 63800000.0,
        "Diluted Average Shares": 434200000.0,
        "Basic Average Shares": 431100000.0,
        "Diluted EPS": 0.003915,
        "Basic EPS": 0.003943,
        "Diluted NI Availto Com Stockholders": 1700000.0,
        "Net Income Common Stockholders": 1700000.0,
        "Net Income": 1700000.0,
        "Minority Interests": -900000.0,
        "Net Income Including Noncontrolling Interests": 2600000.0,
        "Net Income Continuous Operations": 2600000.0,
        "Earnings From Equity Interest Net Of Tax": 1100000.0,
        "Tax Provision": 6300000.0,
        "Pretax Income": 7800000.0,
        "Other Income Expense": -6900000.0,
        "Other Non Operating Income Expenses": -4100000.0,
        "Special Income Charges": -2800000.0,
        "Restructuring And Mergern Acquisition": 2800000.0,
        "Net Non Operating Interest Income Expense": -51900000.0,
        "Interest Expense Non Operating": 53500000.0,
        "Interest Income Non Operating": 1600000.0,
        "Operating Income": 66600000.0,
        "Operating Expense": 340200000.0,
        "Depreciation Amortization Depletion Income Statement": 149700000.0,
        "Depreciation And Amortization In Income Statement": 149700000.0,
        "Selling General And Administration": 190500000.0,
        "Gross Profit": 406800000.0,
        "Cost Of Revenue": 223600000.0,
        "Total Revenue": 630400000.0,
        "Operating Revenue": 630400000.0
    },
    "2024-03-31": {
        "Tax Effect Of Unusual Items": -714000.0,
        "Tax Rate For Calcs": 0.21,
        "Normalized EBITDA": 165700000.0,
        "Total Unusual Items": -3400000.0,
        "Total Unusual Items Excluding Goodwill": -3400000.0,
        "Net Income From Continuing Operation Net Minority Interest": -23200000.0,
        "Reconciled Depreciation": 144000000.0,
        "Reconciled Cost Of Revenue": 224100000.0,
        "EBITDA": 162300000.0,
        "EBIT": 18300000.0,
        "Net Interest Income": -83700000.0,
        "Interest Expense": 85300000.0,
        "Interest Income": 1600000.0,
        "Normalized Income": -20514000.0,
        "Net Income From Continuing And Discontinued Operation": -23200000.0,
        "Total Expenses": 544500000.0,
        "Total Operating Income As Reported": 16600000.0,
        "Diluted Average Shares": 431555922.0,
        "Basic Average Shares": 431555922.0,
        "Diluted EPS": -0.05,
        "Basic EPS": -0.05,
        "Diluted NI Availto Com Stockholders": -23200000.0,
        "Net Income Common Stockholders": -23200000.0,
        "Net Income": -23200000.0,
        "Minority Interests": -1300000.0,
        "Net Income Including Noncontrolling Interests": -21900000.0,
        "Net Income Continuous Operations": -21900000.0,
        "Earnings From Equity Interest Net Of Tax": 900000.0,
        "Tax Provision": -44200000.0,
        "Pretax Income": -67000000.0,
        "Other Income Expense": -3300000.0,
        "Other Non Operating Income Expenses": 100000.0,
        "Special Income Charges": -3400000.0,
        "Restructuring And Mergern Acquisition": 3400000.0,
        "Net Non Operating Interest Income Expense": -83700000.0,
        "Interest Expense Non Operating": 85300000.0,
        "Interest Income Non Operating": 1600000.0,
        "Operating Income": 20000000.0,
        "Operating Expense": 320400000.0,
        "Depreciation Amortization Depletion Income Statement": 144000000.0,
        "Depreciation And Amortization In Income Statement": 144000000.0,
        "Selling General And Administration": 176400000.0,
        "Gross Profit": 340400000.0,
        "Cost Of Revenue": 224100000.0,
        "Total Revenue": 564500000.0,
        "Operating Revenue": 564500000.0
    },
    "2024-06-30": {
        "Tax Effect Of Unusual Items": -495854.92228,
        "Tax Rate For Calcs": 0.150259,
        "Normalized EBITDA": 184300000.0,
        "Total Unusual Items": -3300000.0,
        "Total Unusual Items Excluding Goodwill": -3300000.0,
        "Net Income From Continuing Operation Net Minority Interest": -16400000.0,
        "Reconciled Depreciation": 141300000.0,
        "Reconciled Cost Of Revenue": 220100000.0,
        "EBITDA": 181000000.0,
        "EBIT": 39700000.0,
        "Net Interest Income": -57800000.0,
        "Interest Expense": 59000000.0,
        "Interest Income": 1200000.0,
        "Normalized Income": -13595854.92228,
        "Net Income From Continuing And Discontinued Operation": -16400000.0,
        "Total Expenses": 535800000.0,
        "Total Operating Income As Reported": 37100000.0,
        "Diluted Average Shares": 432749213.0,
        "Basic Average Shares": 432749213.0,
        "Diluted EPS": -0.04,
        "Basic EPS": -0.04,
        "Diluted NI Availto Com Stockholders": -16400000.0,
        "Net Income Common Stockholders": -16400000.0,
        "Net Income": -16400000.0,
        "Minority Interests": -700000.0,
        "Net Income Including Noncontrolling Interests": -15700000.0,
        "Net Income Continuous Operations": -15700000.0,
        "Earnings From Equity Interest Net Of Tax": 700000.0,
        "Tax Provision": -2900000.0,
        "Pretax Income": -19300000.0,
        "Other Income Expense": -1900000.0,
        "Other Non Operating Income Expenses": 1400000.0,
        "Special Income Charges": -3300000.0,
        "Other Special Charges": 300000.0,
        "Restructuring And Mergern Acquisition": 3000000.0,
        "Net Non Operating Interest Income Expense": -57800000.0,
        "Interest Expense Non Operating": 59000000.0,
        "Interest Income Non Operating": 1200000.0,
        "Operating Income": 40400000.0,
        "Operating Expense": 315700000.0,
        "Depreciation Amortization Depletion Income Statement": 141300000.0,
        "Depreciation And Amortization In Income Statement": 141300000.0,
        "Selling General And Administration": 174400000.0,
        "Gross Profit": 356100000.0,
        "Cost Of Revenue": 220100000.0,
        "Total Revenue": 576200000.0,
        "Operating Revenue": 576200000.0
    },
    "2024-09-30": {
        "Tax Effect Of Unusual Items": -1638000.0,
        "Tax Rate For Calcs": 0.21,
        "Normalized EBITDA": 216000000.0,
        "Total Unusual Items": -7800000.0,
        "Total Unusual Items Excluding Goodwill": -7800000.0,
        "Net Income From Continuing Operation Net Minority Interest": 3200000.0,
        "Reconciled Depreciation": 144800000.0,
        "Reconciled Cost Of Revenue": 219500000.0,
        "EBITDA": 208200000.0,
        "EBIT": 63400000.0,
        "Net Interest Income": -59200000.0,
        "Interest Expense": 61300000.0,
        "Interest Income": 2100000.0,
        "Normalized Income": 9362000.0,
        "Net Income From Continuing And Discontinued Operation": 3200000.0,
        "Total Expenses": 539100000.0,
        "Total Operating Income As Reported": 62200000.0,
        "Diluted Average Shares": 435600000.0,
        "Basic Average Shares": 432400000.0,
        "Diluted EPS": 0.01,
        "Basic EPS": 0.01,
        "Diluted NI Availto Com Stockholders": 3200000.0,
        "Net Income Common Stockholders": 3200000.0,
        "Net Income": 3200000.0,
        "Minority Interests": -1000000.0,
        "Net Income Including Noncontrolling Interests": 4200000.0,
        "Net Income Continuous Operations": 4200000.0,
        "Earnings From Equity Interest Net Of Tax": 300000.0,
        "Tax Provision": -1800000.0,
        "Pretax Income": 2100000.0,
        "Other Income Expense": -8700000.0,
        "Other Non Operating Income Expenses": -900000.0,
        "Special Income Charges": -7800000.0,
        "Other Special Charges": NaN,
        "Restructuring And Mergern Acquisition": 7800000.0,
        "Net Non Operating Interest Income Expense": -59200000.0,
        "Interest Expense Non Operating": 61300000.0,
        "Interest Income Non Operating": 2100000.0,
        "Operating Income": 70000000.0,
        "Operating Expense": 319600000.0,
        "Depreciation Amortization Depletion Income Statement": 144800000.0,
        "Depreciation And Amortization In Income Statement": 144800000.0,
        "Selling General And Administration": 174800000.0,
        "Gross Profit": 389600000.0,
        "Cost Of Revenue": 219500000.0,
        "Total Revenue": 609100000.0,
        "Operating Revenue": 609100000.0
    },
    "2024-12-31": {
        "Tax Effect Of Unusual Items": -504000.0,
        "Tax Rate For Calcs": 0.21,
        "Normalized EBITDA": 230900000.0,
        "Total Unusual Items": -2400000.0,
        "Total Unusual Items Excluding Goodwill": -2400000.0,
        "Net Income From Continuing Operation Net Minority Interest": 7800000.0,
        "Reconciled Depreciation": 147500000.0,
        "Reconciled Cost Of Revenue": 236000000.0,
        "EBITDA": 228500000.0,
        "EBIT": 81000000.0,
        "Net Interest Income": -55700000.0,
        "Interest Expense": 58100000.0,
        "Interest Income": 2400000.0,
        "Normalized Income": 9696000.0,
        "Net Income From Continuing And Discontinued Operation": 7800000.0,
        "Total Expenses": 550600000.0,
        "Total Operating Income As Reported": 78900000.0,
        "Diluted Average Shares": 432700000.0,
        "Basic Average Shares": 432700000.0,
        "Diluted EPS": 0.02,
        "Basic EPS": 0.02,
        "Diluted NI Availto Com Stockholders": 7800000.0,
        "Net Income Common Stockholders": 7800000.0,
        "Net Income": 7800000.0,
        "Minority Interests": -1100000.0,
        "Net Income Including Noncontrolling Interests": 8900000.0,
        "Net Income Continuous Operations": 8900000.0,
        "Earnings From Equity Interest Net Of Tax": 1200000.0,
        "Tax Provision": 15200000.0,
        "Pretax Income": 22900000.0,
        "Other Income Expense": -2700000.0,
        "Other Non Operating Income Expenses": -300000.0,
        "Special Income Charges": -2400000.0,
        "Other Special Charges": NaN,
        "Restructuring And Mergern Acquisition": 2400000.0,
        "Net Non Operating Interest Income Expense": -55700000.0,
        "Interest Expense Non Operating": 58100000.0,
        "Interest Income Non Operating": 2400000.0,
        "Operating Income": 81300000.0,
        "Operating Expense": 314600000.0,
        "Depreciation Amortization Depletion Income Statement": 147500000.0,
        "Depreciation And Amortization In Income Statement": 147500000.0,
        "Selling General And Administration": 167100000.0,
        "Gross Profit": 395900000.0,
        "Cost Of Revenue": 236000000.0,
        "Total Revenue": 631900000.0,
        "Operating Revenue": 631900000.0
    },
    "2025-03-31": {
        "Tax Effect Of Unusual Items": -609000.0,
        "Tax Rate For Calcs": 0.21,
        "Normalized EBITDA": 185700000.0,
        "Total Unusual Items": -2900000.0,
        "Total Unusual Items Excluding Goodwill": -2900000.0,
        "Net Income From Continuing Operation Net Minority Interest": -15800000.0,
        "Reconciled Depreciation": 144700000.0,
        "Reconciled Cost Of Revenue": 227800000.0,
        "EBITDA": 182800000.0,
        "EBIT": 38100000.0,
        "Net Interest Income": -51400000.0,
        "Interest Expense": 52900000.0,
        "Interest Income": 1500000.0,
        "Normalized Income": -13509000.0,
        "Net Income From Continuing And Discontinued Operation": -15800000.0,
        "Total Expenses": 541600000.0,
        "Total Operating Income As Reported": 35300000.0,
        "Diluted Average Shares": 433314677.0,
        "Basic Average Shares": 433314677.0,
        "Diluted EPS": -0.04,
        "Basic EPS": -0.04,
        "Diluted NI Availto Com Stockholders": -15800000.0,
        "Net Income Common Stockholders": -15800000.0,
        "Net Income": -15800000.0,
        "Minority Interests": -1000000.0,
        "Net Income Including Noncontrolling Interests": -14800000.0,
        "Net Income Continuous Operations": -14800000.0,
        "Earnings From Equity Interest Net Of Tax": 400000.0,
        "Tax Provision": 400000.0,
        "Pretax Income": -14800000.0,
        "Other Income Expense": -1600000.0,
        "Other Non Operating Income Expenses": 1300000.0,
        "Special Income Charges": -2900000.0,
        "Other Special Charges": NaN,
        "Restructuring And Mergern Acquisition": 2900000.0,
        "Net Non Operating Interest Income Expense": -51400000.0,
        "Interest Expense Non Operating": 52900000.0,
        "Interest Income Non Operating": 1500000.0,
        "Operating Income": 38200000.0,
        "Operating Expense": 313800000.0,
        "Depreciation Amortization Depletion Income Statement": 144700000.0,
        "Depreciation And Amortization In Income Statement": 144700000.0,
        "Selling General And Administration": 169100000.0,
        "Gross Profit": 352000000.0,
        "Cost Of Revenue": 227800000.0,
        "Total Revenue": 579800000.0,
        "Operating Revenue": 579800000.0
    },
    "2025-06-30": {
        "Tax Effect Of Unusual Items": -70588.235294,
        "Tax Rate For Calcs": 0.035294,
        "Normalized EBITDA": 164800000.0,
        "Total Unusual Items": -2000000.0,
        "Total Unusual Items Excluding Goodwill": -2000000.0,
        "Net Income From Continuing Operation Net Minority Interest": -33700000.0,
        "Reconciled Depreciation": 146500000.0,
        "Reconciled Cost Of Revenue": 242400000.0,
        "EBITDA": 162800000.0,
        "EBIT": 16300000.0,
        "Net Interest Income": -48500000.0,
        "Interest Expense": 50300000.0,
        "Interest Income": 1800000.0,
        "Normalized Income": -31770588.235294,
        "Net Income From Continuing And Discontinued Operation": -33700000.0,
        "Total Expenses": 570400000.0,
        "Total Operating Income As Reported": 12800000.0,
        "Diluted Average Shares": 435358541.0,
        "Basic Average Shares": 435358541.0,
        "Diluted EPS": -0.08,
        "Basic EPS": -0.08,
        "Diluted NI Availto Com Stockholders": -33700000.0,
        "Net Income Common Stockholders": -33700000.0,
        "Net Income": -33700000.0,
        "Minority Interests": -1100000.0,
        "Net Income Including Noncontrolling Interests": -32600000.0,
        "Net Income Continuous Operations": -32600000.0,
        "Earnings From Equity Interest Net Of Tax": 200000.0,
        "Tax Provision": -1200000.0,
        "Pretax Income": -34000000.0,
        "Other Income Expense": -300000.0,
        "Other Non Operating Income Expenses": 1700000.0,
        "Special Income Charges": -2000000.0,
        "Other Special Charges": 400000.0,
        "Restructuring And Mergern Acquisition": 1600000.0,
        "Net Non Operating Interest Income Expense": -48500000.0,
        "Interest Expense Non Operating": 50300000.0,
        "Interest Income Non Operating": 1800000.0,
        "Operating Income": 14800000.0,
        "Operating Expense": 328000000.0,
        "Depreciation Amortization Depletion Income Statement": 146500000.0,
        "Depreciation And Amortization In Income Statement": 146500000.0,
        "Selling General And Administration": 181500000.0,
        "Gross Profit": 342800000.0,
        "Cost Of Revenue": 242400000.0,
        "Total Revenue": 585200000.0,
        "Operating Revenue": 585200000.0
    }
}