{
    "2023-03-31": {
        "Tax Effect Of Unusual Items": NaN,
        "Tax Rate For Calcs": NaN,
        "Normalized EBITDA": NaN,
        "Total Unusual Items": 0.0,
        "Total Unusual Items Excluding Goodwill": 0.0,
        "Net Income From Continuing Operation Net Minority Interest": NaN,
        "Reconciled Depreciation": NaN,
        "EBITDA": NaN,
        "EBIT": NaN,
        "Net Interest Income": NaN,
        "Interest Income": 11034000.0,
        "Normalized Income": NaN,
        "Net Income From Continuing And Discontinued Operation": NaN,
        "Total Expenses": NaN,
        "Total Operating Income As Reported": NaN,
        "Diluted Average Shares": NaN,
        "Basic Average Shares": NaN,
        "Diluted EPS": NaN,
        "Basic EPS": NaN,
        "Diluted NI Availto Com Stockholders": NaN,
        "Net Income Common Stockholders": NaN,
        "Net Income": NaN,
        "Net Income Including Noncontrolling Interests": NaN,
        "Net Income Continuous Operations": NaN,
        "Tax Provision": NaN,
        "Pretax Income": NaN,
        "Other Income Expense": NaN,
        "Special Income Charges": 0.0,
        "Gain On Sale Of Business": 0.0,
        "Net Non Operating Interest Income Expense": NaN,
        "Total Other Finance Cost": NaN,
        "Interest Income Non Operating": 11034000.0,
        "Operating Income": NaN,
        "Operating Expense": NaN,
        "Research And Development": NaN,
        "Selling General And Administration": NaN,
        "General And Administrative Expense": NaN,
        "Other Gand A": NaN,
        "Total Revenue": NaN,
        "Operating Revenue": NaN
    },
    "2022-12-31": {
        "Tax Effect Of Unusual Items": NaN,
        "Tax Rate For Calcs": NaN,
        "Normalized EBITDA": NaN,
        "Total Unusual Items": NaN,
        "Total Unusual Items Excluding Goodwill": NaN,
        "Net Income From Continuing Operation Net Minority Interest": NaN,
        "Reconciled Depreciation": NaN,
        "EBITDA": NaN,
        "EBIT": NaN,
        "Net Interest Income": NaN,
        "Interest Income": NaN,
        "Normalized Income": NaN,
        "Net Income From Continuing And Discontinued Operation": NaN,
        "Total Expenses": NaN,
        "Total Operating Income As Reported": NaN,
        "Diluted Average Shares": NaN,
        "Basic Average Shares": NaN,
        "Diluted EPS": NaN,
        "Basic EPS": NaN,
        "Diluted NI Availto Com Stockholders": NaN,
        "Net Income Common Stockholders": NaN,
        "Net Income": NaN,
        "Net Income Including Noncontrolling Interests": NaN,
        "Net Income Continuous Operations": NaN,
        "Tax Provision": -6000.0,
        "Pretax Income": NaN,
        "Other Income Expense": NaN,
        "Special Income Charges": NaN,
        "Gain On Sale Of Business": NaN,
        "Net Non Operating Interest Income Expense": NaN,
        "Total Other Finance Cost": NaN,
        "Interest Income Non Operating": NaN,
        "Operating Income": NaN,
        "Operating Expense": NaN,
        "Research And Development": NaN,
        "Selling General And Administration": NaN,
        "General And Administrative Expense": NaN,
        "Other Gand A": NaN,
        "Total Revenue": NaN,
        "Operating Revenue": NaN
    },
    "2022-09-30": {
        "Tax Effect Of Unusual Items": NaN,
        "Tax Rate For Calcs": NaN,
        "Normalized EBITDA": NaN,
        "Total Unusual Items": NaN,
        "Total Unusual Items Excluding Goodwill": NaN,
        "Net Income From Continuing Operation Net Minority Interest": NaN,
        "Reconciled Depreciation": NaN,
        "EBITDA": NaN,
        "EBIT": NaN,
        "Net Interest Income": NaN,
        "Interest Income": NaN,
        "Normalized Income": NaN,
        "Net Income From Continuing And Discontinued Operation": NaN,
        "Total Expenses": NaN,
        "Total Operating Income As Reported": NaN,
        "Diluted Average Shares": NaN,
        "Basic Average Shares": NaN,
        "Diluted EPS": NaN,
        "Basic EPS": NaN,
        "Diluted NI Availto Com Stockholders": NaN,
        "Net Income Common Stockholders": NaN,
        "Net Income": NaN,
        "Net Income Including Noncontrolling Interests": NaN,
        "Net Income Continuous Operations": NaN,
        "Tax Provision": 0.0,
        "Pretax Income": NaN,
        "Other Income Expense": NaN,
        "Special Income Charges": NaN,
        "Gain On Sale Of Business": NaN,
        "Net Non Operating Interest Income Expense": NaN,
        "Total Other Finance Cost": -4187000.0,
        "Interest Income Non Operating": NaN,
        "Operating Income": NaN,
        "Operating Expense": NaN,
        "Research And Development": NaN,
        "Selling General And Administration": NaN,
        "General And Administrative Expense": NaN,
        "Other Gand A": NaN,
        "Total Revenue": NaN,
        "Operating Revenue": NaN
    },
    "2022-06-30": {
        "Tax Effect Of Unusual Items": 0.0,
        "Tax Rate For Calcs": 0.4,
        "Normalized EBITDA": -59344000.0,
        "Net Income From Continuing Operation Net Minority Interest": -58794000.0,
        "Reconciled Depreciation": 2072000.0,
        "EBITDA": -59344000.0,
        "EBIT": -61416000.0,
        "Net Interest Income": 2649000.0,
        "Interest Income": 2649000.0,
        "Normalized Income": -58794000.0,
        "Net Income From Continuing And Discontinued Operation": -58794000.0,
        "Total Expenses": 113896000.0,
        "Total Operating Income As Reported": -61416000.0,
        "Diluted Average Shares": 123008558.0,
        "Basic Average Shares": 123008558.0,
        "Diluted EPS": -0.48,
        "Basic EPS": -0.48,
        "Diluted NI Availto Com Stockholders": -58794000.0,
        "Net Income Common Stockholders": -58794000.0,
        "Net Income": -58794000.0,
        "Net Income Including Noncontrolling Interests": -58794000.0,
        "Net Income Continuous Operations": -58794000.0,
        "Tax Provision": 27000.0,
        "Pretax Income": -58767000.0,
        "Net Non Operating Interest Income Expense": 2649000.0,
        "Total Other Finance Cost": NaN,
        "Interest Income Non Operating": 2649000.0,
        "Operating Income": -61416000.0,
        "Operating Expense": 113896000.0,
        "Research And Development": 92737000.0,
        "Selling General And Administration": 21159000.0,
        "General And Administrative Expense": 21159000.0,
        "Other Gand A": 21159000.0,
        "Total Revenue": 52480000.0,
        "Operating Revenue": 52480000.0
    },
    "2022-03-31": {
        "Diluted EPS": -0.53,
        "Total Revenue": 42,
        "Gross Profit": 42,
        "Operating Income": -66,
        "EBIT": -63,
        "Net Income": -65
    },
    "2021-12-31": {
        "Diluted EPS": -0.62,
        "Total Revenue": 13,
        "Gross Profit": 13,
        "Operating Income": -77,
        "EBIT": -73,
        "Net Income": -75
    },
    "2021-09-30": {
        "Diluted EPS": -0.69,
        "Total Revenue": 5,
        "Gross Profit": 5,
        "Operating Income": -86,
        "EBIT": -81,
        "Net Income": -85
    },
    "2021-06-30": {
        "Diluted EPS": -0.5,
        "Total Revenue": 23,
        "Gross Profit": 23,
        "Operating Income": -62,
        "EBIT": -57,
        "Net Income": -61
    },
    "2021-03-31": {
        "Diluted EPS": -0.58,
        "Total Revenue": 8,
        "Gross Profit": 8,
        "Operating Income": -71,
        "EBIT": -68,
        "Net Income": -70
    },
    "2020-12-31": {
        "Diluted EPS": 2.28,
        "Total Revenue": 317,
        "Gross Profit": 317,
        "Operating Income": 244,
        "EBIT": 247,
        "Net Income": 245
    },
    "2020-09-30": {
        "Diluted EPS": -0.54,
        "Total Revenue": 9,
        "Gross Profit": 9,
        "Operating Income": -60,
        "EBIT": -58,
        "Net Income": -58
    },
    "2020-06-30": {
        "Diluted EPS": -0.56,
        "Total Revenue": 6,
        "Gross Profit": 6,
        "Operating Income": -61,
        "EBIT": -60,
        "Net Income": -59
    },
    "2020-03-31": {
        "Diluted EPS": -0.55,
        "Total Revenue": 4,
        "Gross Profit": 4,
        "Operating Income": -60,
        "EBIT": -58,
        "Net Income": -57
    },
    "2019-12-31": {
        "Diluted EPS": -0.57,
        "Total Revenue": 5,
        "Gross Profit": 5,
        "Operating Income": -58,
        "EBIT": -57,
        "Net Income": -54
    },
    "2019-09-30": {
        "Diluted EPS": -0.48,
        "Total Revenue": 14,
        "Gross Profit": 14,
        "Operating Income": -50,
        "EBIT": -50,
        "Net Income": -46
    },
    "2019-06-30": {
        "Diluted EPS": -0.61,
        "Total Revenue": 4,
        "Gross Profit": 4,
        "Operating Income": -63,
        "EBIT": -63,
        "Net Income": -58
    },
    "2019-03-31": {
        "Diluted EPS": -0.41,
        "Total Revenue": 4,
        "Gross Profit": 4,
        "Operating Income": -43,
        "EBIT": -41,
        "Net Income": -39
    },
    "2018-12-31": {
        "Diluted EPS": 0.84,
        "Total Revenue": 126,
        "Gross Profit": 126,
        "Operating Income": 75,
        "EBIT": 76,
        "Net Income": 78
    },
    "2018-09-30": {
        "Diluted EPS": -0.38,
        "Total Revenue": 1,
        "Gross Profit": 1,
        "Operating Income": -38,
        "EBIT": -36,
        "Net Income": -35
    },
    "2018-06-30": {
        "Diluted EPS": -0.59,
        "Total Revenue": 2,
        "Gross Profit": 2,
        "Operating Income": -57,
        "EBIT": -56,
        "Net Income": -55
    },
    "2018-03-31": {
        "Diluted EPS": -0.26,
        "Total Revenue": 1,
        "Gross Profit": 1,
        "Operating Income": -26,
        "EBIT": -25,
        "Net Income": -24
    },
    "2017-12-31": {
        "Diluted EPS": -0.74,
        "Total Revenue": NaN,
        "Gross Profit": NaN,
        "Operating Income": -24,
        "EBIT": -23,
        "Net Income": -23
    },
    "2017-09-30": {
        "Diluted EPS": -2.14,
        "Total Revenue": NaN,
        "Gross Profit": NaN,
        "Operating Income": -22,
        "EBIT": -21,
        "Net Income": -22
    },
    "2017-06-30": {
        "Diluted EPS": -2.29,
        "Total Revenue": NaN,
        "Gross Profit": NaN,
        "Operating Income": -23,
        "EBIT": -21,
        "Net Income": -22
    },
    "2017-03-31": {
        "Diluted EPS": -2.36,
        "Total Revenue": NaN,
        "Gross Profit": NaN,
        "Operating Income": -22,
        "EBIT": -21,
        "Net Income": -21
    },
    "2016-12-31": {
        "Diluted EPS": 0.0,
        "Total Revenue": NaN,
        "Gross Profit": NaN,
        "Operating Income": NaN,
        "EBIT": NaN,
        "Net Income": NaN
    },
    "2015-12-31": {
        "Diluted EPS": 0.0,
        "Total Revenue": NaN,
        "Gross Profit": NaN,
        "Operating Income": NaN,
        "EBIT": NaN,
        "Net Income": NaN
    },
    "2023-06-30": {
        "Tax Effect Of Unusual Items": NaN,
        "Tax Rate For Calcs": NaN,
        "Normalized EBITDA": NaN,
        "Total Unusual Items": NaN,
        "Total Unusual Items Excluding Goodwill": NaN,
        "Net Income From Continuing Operation Net Minority Interest": NaN,
        "Reconciled Depreciation": NaN,
        "EBITDA": NaN,
        "EBIT": NaN,
        "Net Interest Income": NaN,
        "Interest Income": NaN,
        "Normalized Income": NaN,
        "Net Income From Continuing And Discontinued Operation": NaN,
        "Total Expenses": NaN,
        "Total Operating Income As Reported": NaN,
        "Diluted Average Shares": NaN,
        "Basic Average Shares": NaN,
        "Diluted EPS": NaN,
        "Basic EPS": NaN,
        "Diluted NI Availto Com Stockholders": NaN,
        "Net Income Common Stockholders": NaN,
        "Net Income": NaN,
        "Net Income Including Noncontrolling Interests": NaN,
        "Net Income Continuous Operations": NaN,
        "Tax Provision": 0.0,
        "Pretax Income": NaN,
        "Other Income Expense": NaN,
        "Special Income Charges": NaN,
        "Gain On Sale Of Business": NaN,
        "Net Non Operating Interest Income Expense": NaN,
        "Total Other Finance Cost": NaN,
        "Interest Income Non Operating": NaN,
        "Operating Income": NaN,
        "Operating Expense": NaN,
        "Research And Development": NaN,
        "Selling General And Administration": NaN,
        "General And Administrative Expense": NaN,
        "Other Gand A": NaN,
        "Total Revenue": NaN,
        "Operating Revenue": NaN
    },
    "2023-09-30": {
        "Tax Effect Of Unusual Items": NaN,
        "Tax Rate For Calcs": NaN,
        "Normalized EBITDA": NaN,
        "Total Unusual Items": NaN,
        "Total Unusual Items Excluding Goodwill": NaN,
        "Net Income From Continuing Operation Net Minority Interest": NaN,
        "Reconciled Depreciation": NaN,
        "EBITDA": NaN,
        "EBIT": NaN,
        "Net Interest Income": NaN,
        "Interest Income": NaN,
        "Normalized Income": NaN,
        "Net Income From Continuing And Discontinued Operation": NaN,
        "Total Expenses": NaN,
        "Total Operating Income As Reported": NaN,
        "Diluted Average Shares": NaN,
        "Basic Average Shares": NaN,
        "Diluted EPS": NaN,
        "Basic EPS": NaN,
        "Diluted NI Availto Com Stockholders": NaN,
        "Net Income Common Stockholders": NaN,
        "Net Income": NaN,
        "Net Income Including Noncontrolling Interests": NaN,
        "Net Income Continuous Operations": NaN,
        "Tax Provision": 0.0,
        "Pretax Income": NaN,
        "Other Income Expense": NaN,
        "Special Income Charges": NaN,
        "Gain On Sale Of Business": NaN,
        "Net Non Operating Interest Income Expense": NaN,
        "Total Other Finance Cost": -14442000.0,
        "Interest Income Non Operating": NaN,
        "Operating Income": NaN,
        "Operating Expense": NaN,
        "Research And Development": NaN,
        "Selling General And Administration": NaN,
        "General And Administrative Expense": NaN,
        "Other Gand A": NaN,
        "Total Revenue": NaN,
        "Operating Revenue": NaN
    },
    "2023-12-31": {
        "Tax Effect Of Unusual Items": NaN,
        "Tax Rate For Calcs": NaN,
        "Normalized EBITDA": NaN,
        "Total Unusual Items": NaN,
        "Total Unusual Items Excluding Goodwill": NaN,
        "Net Income From Continuing Operation Net Minority Interest": NaN,
        "Reconciled Depreciation": NaN,
        "EBITDA": NaN,
        "EBIT": NaN,
        "Net Interest Income": NaN,
        "Interest Income": NaN,
        "Normalized Income": NaN,
        "Net Income From Continuing And Discontinued Operation": NaN,
        "Total Expenses": NaN,
        "Total Operating Income As Reported": NaN,
        "Diluted Average Shares": NaN,
        "Basic Average Shares": NaN,
        "Diluted EPS": NaN,
        "Basic EPS": NaN,
        "Diluted NI Availto Com Stockholders": NaN,
        "Net Income Common Stockholders": NaN,
        "Net Income": NaN,
        "Net Income Including Noncontrolling Interests": NaN,
        "Net Income Continuous Operations": NaN,
        "Tax Provision": 30000.0,
        "Pretax Income": NaN,
        "Other Income Expense": NaN,
        "Special Income Charges": NaN,
        "Gain On Sale Of Business": NaN,
        "Net Non Operating Interest Income Expense": NaN,
        "Interest Income Non Operating": NaN,
        "Operating Income": NaN,
        "Operating Expense": NaN,
        "Research And Development": NaN,
        "Selling General And Administration": NaN,
        "General And Administrative Expense": NaN,
        "Other Gand A": NaN,
        "Total Revenue": NaN,
        "Operating Revenue": NaN
    },
    "2024-03-31": {
        "Tax Effect Of Unusual Items": NaN,
        "Tax Rate For Calcs": NaN,
        "Normalized EBITDA": NaN,
        "Total Unusual Items": NaN,
        "Total Unusual Items Excluding Goodwill": NaN,
        "Net Income From Continuing Operation Net Minority Interest": NaN,
        "Reconciled Depreciation": NaN,
        "EBITDA": NaN,
        "EBIT": NaN,
        "Net Interest Income": NaN,
        "Interest Income": NaN,
        "Normalized Income": NaN,
        "Net Income From Continuing And Discontinued Operation": NaN,
        "Total Expenses": NaN,
        "Total Operating Income As Reported": NaN,
        "Diluted Average Shares": NaN,
        "Basic Average Shares": NaN,
        "Diluted EPS": NaN,
        "Basic EPS": NaN,
        "Diluted NI Availto Com Stockholders": NaN,
        "Net Income Common Stockholders": NaN,
        "Net Income": NaN,
        "Net Income Including Noncontrolling Interests": NaN,
        "Net Income Continuous Operations": NaN,
        "Pretax Income": NaN,
        "Other Income Expense": 14537000.0,
        "Special Income Charges": NaN,
        "Gain On Sale Of Business": NaN,
        "Net Non Operating Interest Income Expense": NaN,
        "Interest Income Non Operating": NaN,
        "Operating Income": NaN,
        "Operating Expense": NaN,
        "Research And Development": NaN,
        "Selling General And Administration": NaN,
        "General And Administrative Expense": NaN,
        "Other Gand A": NaN,
        "Total Revenue": NaN,
        "Operating Revenue": NaN
    },
    "2024-06-30": {
        "Tax Effect Of Unusual Items": 0.0,
        "Tax Rate For Calcs": 0.0,
        "Normalized EBITDA": -114651000.0,
        "Total Unusual Items": 0.0,
        "Total Unusual Items Excluding Goodwill": 0.0,
        "Net Income From Continuing Operation Net Minority Interest": -99026000.0,
        "Reconciled Depreciation": 1942000.0,
        "EBITDA": -114651000.0,
        "EBIT": -116593000.0,
        "Net Interest Income": 17567000.0,
        "Interest Income": 17567000.0,
        "Normalized Income": -99026000.0,
        "Net Income From Continuing And Discontinued Operation": -99026000.0,
        "Total Expenses": 116593000.0,
        "Total Operating Income As Reported": -116593000.0,
        "Diluted Average Shares": 168831329.0,
        "Basic Average Shares": 168831329.0,
        "Diluted EPS": -0.59,
        "Basic EPS": -0.59,
        "Diluted NI Availto Com Stockholders": -99026000.0,
        "Net Income Common Stockholders": -99026000.0,
        "Net Income": -99026000.0,
        "Net Income Including Noncontrolling Interests": -99026000.0,
        "Net Income Continuous Operations": -99026000.0,
        "Pretax Income": -99026000.0,
        "Other Income Expense": NaN,
        "Special Income Charges": 0.0,
        "Gain On Sale Of Business": 0.0,
        "Net Non Operating Interest Income Expense": 17567000.0,
        "Interest Income Non Operating": 17567000.0,
        "Operating Income": -116593000.0,
        "Operating Expense": 116593000.0,
        "Research And Development": 91399000.0,
        "Selling General And Administration": 25194000.0,
        "General And Administrative Expense": 25194000.0,
        "Other Gand A": 25194000.0,
        "Total Revenue": 0.0,
        "Operating Revenue": 0.0
    },
    "2024-09-30": {
        "Tax Effect Of Unusual Items": 0.0,
        "Tax Rate For Calcs": 0.0,
        "Normalized EBITDA": -120918000.0,
        "Total Unusual Items": 0.0,
        "Total Unusual Items Excluding Goodwill": 0.0,
        "Net Income From Continuing Operation Net Minority Interest": -107192000.0,
        "Reconciled Depreciation": 2269000.0,
        "EBITDA": -120918000.0,
        "EBIT": -123187000.0,
        "Net Interest Income": 15995000.0,
        "Interest Income": 15995000.0,
        "Normalized Income": -107192000.0,
        "Net Income From Continuing And Discontinued Operation": -107192000.0,
        "Total Expenses": 123187000.0,
        "Total Operating Income As Reported": -123187000.0,
        "Diluted Average Shares": 169456988.0,
        "Basic Average Shares": 169456988.0,
        "Diluted EPS": -0.63,
        "Basic EPS": -0.63,
        "Diluted NI Availto Com Stockholders": -107192000.0,
        "Net Income Common Stockholders": -107192000.0,
        "Net Income": -107192000.0,
        "Net Income Including Noncontrolling Interests": -107192000.0,
        "Net Income Continuous Operations": -107192000.0,
        "Pretax Income": -107192000.0,
        "Other Income Expense": NaN,
        "Special Income Charges": 0.0,
        "Gain On Sale Of Business": 0.0,
        "Net Non Operating Interest Income Expense": 15995000.0,
        "Interest Income Non Operating": 15995000.0,
        "Operating Income": -123187000.0,
        "Operating Expense": 123187000.0,
        "Research And Development": 98238000.0,
        "Selling General And Administration": 24949000.0,
        "General And Administrative Expense": 24949000.0,
        "Other Gand A": 24949000.0,
        "Total Revenue": 0.0,
        "Operating Revenue": 0.0
    },
    "2024-12-31": {
        "Tax Effect Of Unusual Items": 0.0,
        "Tax Rate For Calcs": 0.0,
        "Normalized EBITDA": -127227000.0,
        "Total Unusual Items": 0.0,
        "Total Unusual Items Excluding Goodwill": 0.0,
        "Net Income From Continuing Operation Net Minority Interest": -114753000.0,
        "Reconciled Depreciation": 2619000.0,
        "EBITDA": -127227000.0,
        "EBIT": -129846000.0,
        "Net Interest Income": 15161000.0,
        "Interest Income": 15161000.0,
        "Normalized Income": -114753000.0,
        "Net Income From Continuing And Discontinued Operation": -114753000.0,
        "Total Expenses": 129846000.0,
        "Total Operating Income As Reported": -129846000.0,
        "Diluted Average Shares": 170086146.0,
        "Basic Average Shares": 170086146.0,
        "Diluted EPS": -0.67,
        "Basic EPS": -0.67,
        "Diluted NI Availto Com Stockholders": -114753000.0,
        "Net Income Common Stockholders": -114753000.0,
        "Net Income": -114753000.0,
        "Net Income Including Noncontrolling Interests": -114753000.0,
        "Net Income Continuous Operations": -114753000.0,
        "Pretax Income": -114685000.0,
        "Other Income Expense": 0.0,
        "Special Income Charges": 0.0,
        "Gain On Sale Of Business": 0.0,
        "Net Non Operating Interest Income Expense": 15161000.0,
        "Interest Income Non Operating": 15161000.0,
        "Operating Income": -129846000.0,
        "Operating Expense": 129846000.0,
        "Research And Development": 99787000.0,
        "Selling General And Administration": 30059000.0,
        "General And Administrative Expense": 30059000.0,
        "Other Gand A": 30059000.0,
        "Total Revenue": 0.0,
        "Operating Revenue": 0.0
    },
    "2025-03-31": {
        "Tax Effect Of Unusual Items": 0.0,
        "Tax Rate For Calcs": 0.0,
        "Normalized EBITDA": -142368000.0,
        "Total Unusual Items": 0.0,
        "Total Unusual Items Excluding Goodwill": 0.0,
        "Net Income From Continuing Operation Net Minority Interest": -132970000.0,
        "Reconciled Depreciation": 3212000.0,
        "EBITDA": -142368000.0,
        "EBIT": -145580000.0,
        "Net Interest Income": 12610000.0,
        "Interest Income": 12610000.0,
        "Normalized Income": -132970000.0,
        "Net Income From Continuing And Discontinued Operation": -132970000.0,
        "Total Expenses": 145580000.0,
        "Total Operating Income As Reported": -145580000.0,
        "Diluted Average Shares": 171222030.0,
        "Basic Average Shares": 171222030.0,
        "Diluted EPS": -0.78,
        "Basic EPS": -0.78,
        "Diluted NI Availto Com Stockholders": -132970000.0,
        "Net Income Common Stockholders": -132970000.0,
        "Net Income": -132970000.0,
        "Net Income Including Noncontrolling Interests": -132970000.0,
        "Net Income Continuous Operations": -132970000.0,
        "Pretax Income": -132970000.0,
        "Other Income Expense": NaN,
        "Special Income Charges": 0.0,
        "Gain On Sale Of Business": 0.0,
        "Net Non Operating Interest Income Expense": 12610000.0,
        "Interest Income Non Operating": 12610000.0,
        "Operating Income": -145580000.0,
        "Operating Expense": 145580000.0,
        "Research And Development": 116227000.0,
        "Selling General And Administration": 29353000.0,
        "General And Administrative Expense": 29353000.0,
        "Other Gand A": 29353000.0,
        "Total Revenue": 0.0,
        "Operating Revenue": 0.0
    },
    "2025-06-30": {
        "Tax Effect Of Unusual Items": 0.0,
        "Tax Rate For Calcs": 0.0,
        "Normalized EBITDA": -131007000.0,
        "Total Unusual Items": 0.0,
        "Total Unusual Items Excluding Goodwill": 0.0,
        "Net Income From Continuing Operation Net Minority Interest": -124119000.0,
        "Reconciled Depreciation": 3956000.0,
        "EBITDA": -131007000.0,
        "EBIT": -134963000.0,
        "Net Interest Income": 10844000.0,
        "Interest Income": 10844000.0,
        "Normalized Income": -124119000.0,
        "Net Income From Continuing And Discontinued Operation": -124119000.0,
        "Total Expenses": 134963000.0,
        "Total Operating Income As Reported": -134963000.0,
        "Diluted Average Shares": 171449847.0,
        "Basic Average Shares": 171449847.0,
        "Diluted EPS": -0.72,
        "Basic EPS": -0.72,
        "Diluted NI Availto Com Stockholders": -124119000.0,
        "Net Income Common Stockholders": -124119000.0,
        "Net Income": -124119000.0,
        "Net Income Including Noncontrolling Interests": -124119000.0,
        "Net Income Continuous Operations": -124119000.0,
        "Pretax Income": -124119000.0,
        "Other Income Expense": NaN,
        "Special Income Charges": 0.0,
        "Gain On Sale Of Business": 0.0,
        "Net Non Operating Interest Income Expense": 10844000.0,
        "Interest Income Non Operating": 10844000.0,
        "Operating Income": -134963000.0,
        "Operating Expense": 134963000.0,
        "Research And Development": 102696000.0,
        "Selling General And Administration": 32267000.0,
        "General And Administrative Expense": 32267000.0,
        "Other Gand A": 32267000.0,
        "Total Revenue": 0.0,
        "Operating Revenue": 0.0
    }
}