{
    "2023-03-31": {
        "Tax Effect Of Unusual Items": NaN,
        "Tax Rate For Calcs": NaN,
        "Normalized EBITDA": NaN,
        "Total Unusual Items": NaN,
        "Total Unusual Items Excluding Goodwill": NaN,
        "Net Income From Continuing Operation Net Minority Interest": NaN,
        "Reconciled Depreciation": NaN,
        "Reconciled Cost Of Revenue": NaN,
        "EBITDA": NaN,
        "EBIT": NaN,
        "Normalized Income": NaN,
        "Net Income From Continuing And Discontinued Operation": NaN,
        "Total Expenses": NaN,
        "Total Operating Income As Reported": NaN,
        "Diluted Average Shares": NaN,
        "Basic Average Shares": NaN,
        "Diluted EPS": NaN,
        "Basic EPS": NaN,
        "Diluted NI Availto Com Stockholders": NaN,
        "Net Income Common Stockholders": NaN,
        "Otherunder Preferred Stock Dividend": 0.0,
        "Net Income": NaN,
        "Minority Interests": NaN,
        "Net Income Including Noncontrolling Interests": NaN,
        "Net Income Continuous Operations": NaN,
        "Tax Provision": NaN,
        "Pretax Income": NaN,
        "Other Income Expense": NaN,
        "Other Non Operating Income Expenses": NaN,
        "Special Income Charges": NaN,
        "Write Off": NaN,
        "Operating Income": NaN,
        "Operating Expense": NaN,
        "Selling General And Administration": NaN,
        "Gross Profit": NaN,
        "Cost Of Revenue": NaN,
        "Total Revenue": NaN,
        "Operating Revenue": NaN
    },
    "2022-12-31": {
        "Tax Effect Of Unusual Items": NaN,
        "Tax Rate For Calcs": NaN,
        "Normalized EBITDA": NaN,
        "Total Unusual Items": 0.0,
        "Total Unusual Items Excluding Goodwill": 0.0,
        "Net Income From Continuing Operation Net Minority Interest": NaN,
        "Reconciled Depreciation": NaN,
        "Reconciled Cost Of Revenue": NaN,
        "EBITDA": NaN,
        "EBIT": NaN,
        "Normalized Income": NaN,
        "Net Income From Continuing And Discontinued Operation": NaN,
        "Total Expenses": NaN,
        "Total Operating Income As Reported": NaN,
        "Diluted Average Shares": NaN,
        "Basic Average Shares": NaN,
        "Diluted EPS": NaN,
        "Basic EPS": NaN,
        "Diluted NI Availto Com Stockholders": NaN,
        "Net Income Common Stockholders": NaN,
        "Otherunder Preferred Stock Dividend": NaN,
        "Net Income": NaN,
        "Minority Interests": NaN,
        "Net Income Including Noncontrolling Interests": NaN,
        "Net Income Continuous Operations": NaN,
        "Tax Provision": NaN,
        "Pretax Income": NaN,
        "Other Income Expense": -1000000.0,
        "Other Non Operating Income Expenses": -1000000.0,
        "Special Income Charges": 0.0,
        "Write Off": NaN,
        "Impairment Of Capital Assets": 0.0,
        "Operating Income": NaN,
        "Operating Expense": NaN,
        "Selling General And Administration": NaN,
        "Gross Profit": NaN,
        "Cost Of Revenue": NaN,
        "Total Revenue": NaN,
        "Operating Revenue": NaN
    },
    "2022-09-30": {
        "Tax Effect Of Unusual Items": NaN,
        "Tax Rate For Calcs": NaN,
        "Normalized EBITDA": NaN,
        "Total Unusual Items": 0.0,
        "Total Unusual Items Excluding Goodwill": 0.0,
        "Net Income From Continuing Operation Net Minority Interest": NaN,
        "Reconciled Depreciation": NaN,
        "Reconciled Cost Of Revenue": NaN,
        "EBITDA": NaN,
        "EBIT": NaN,
        "Normalized Income": NaN,
        "Net Income From Continuing And Discontinued Operation": NaN,
        "Total Expenses": NaN,
        "Total Operating Income As Reported": NaN,
        "Diluted Average Shares": NaN,
        "Basic Average Shares": NaN,
        "Diluted EPS": NaN,
        "Basic EPS": NaN,
        "Diluted NI Availto Com Stockholders": NaN,
        "Net Income Common Stockholders": NaN,
        "Otherunder Preferred Stock Dividend": NaN,
        "Net Income": NaN,
        "Minority Interests": NaN,
        "Net Income Including Noncontrolling Interests": NaN,
        "Net Income Continuous Operations": NaN,
        "Tax Provision": NaN,
        "Pretax Income": NaN,
        "Other Income Expense": NaN,
        "Other Non Operating Income Expenses": NaN,
        "Special Income Charges": 0.0,
        "Write Off": 0.0,
        "Impairment Of Capital Assets": 0.0,
        "Operating Income": NaN,
        "Operating Expense": NaN,
        "Selling General And Administration": NaN,
        "Gross Profit": NaN,
        "Cost Of Revenue": NaN,
        "Total Revenue": NaN,
        "Operating Revenue": NaN
    },
    "2022-06-30": {
        "Tax Effect Of Unusual Items": -710000.0,
        "Tax Rate For Calcs": 0.071,
        "Normalized EBITDA": 54000000.0,
        "Total Unusual Items": -10000000.0,
        "Total Unusual Items Excluding Goodwill": -10000000.0,
        "Net Income From Continuing Operation Net Minority Interest": 26000000.0,
        "Reconciled Depreciation": 5000000.0,
        "Reconciled Cost Of Revenue": 411000000.0,
        "EBITDA": 44000000.0,
        "EBIT": 39000000.0,
        "Normalized Income": 35290000.0,
        "Net Income From Continuing And Discontinued Operation": 26000000.0,
        "Total Expenses": 500000000.0,
        "Total Operating Income As Reported": 29000000.0,
        "Diluted Average Shares": 111074333.0,
        "Basic Average Shares": 110772042.0,
        "Diluted EPS": 0.23,
        "Basic EPS": 0.23,
        "Diluted NI Availto Com Stockholders": 25000000.0,
        "Net Income Common Stockholders": 25000000.0,
        "Otherunder Preferred Stock Dividend": 1000000.0,
        "Net Income": 26000000.0,
        "Minority Interests": NaN,
        "Net Income Including Noncontrolling Interests": 26000000.0,
        "Net Income Continuous Operations": 26000000.0,
        "Tax Provision": 2000000.0,
        "Pretax Income": 28000000.0,
        "Other Income Expense": -11000000.0,
        "Other Non Operating Income Expenses": -1000000.0,
        "Special Income Charges": -10000000.0,
        "Write Off": NaN,
        "Impairment Of Capital Assets": 10000000.0,
        "Operating Income": 39000000.0,
        "Operating Expense": 89000000.0,
        "Selling General And Administration": 89000000.0,
        "Gross Profit": 128000000.0,
        "Cost Of Revenue": 411000000.0,
        "Total Revenue": 539000000.0,
        "Operating Revenue": 539000000.0
    },
    "2023-06-30": {
        "Tax Effect Of Unusual Items": NaN,
        "Tax Rate For Calcs": NaN,
        "Normalized EBITDA": NaN,
        "Total Unusual Items": 0.0,
        "Total Unusual Items Excluding Goodwill": 0.0,
        "Net Income From Continuing Operation Net Minority Interest": NaN,
        "Reconciled Depreciation": NaN,
        "Reconciled Cost Of Revenue": NaN,
        "EBITDA": NaN,
        "EBIT": NaN,
        "Normalized Income": NaN,
        "Net Income From Continuing And Discontinued Operation": NaN,
        "Total Expenses": NaN,
        "Total Operating Income As Reported": NaN,
        "Diluted Average Shares": NaN,
        "Basic Average Shares": NaN,
        "Diluted EPS": NaN,
        "Basic EPS": NaN,
        "Diluted NI Availto Com Stockholders": NaN,
        "Net Income Common Stockholders": NaN,
        "Otherunder Preferred Stock Dividend": NaN,
        "Net Income": NaN,
        "Minority Interests": NaN,
        "Net Income Including Noncontrolling Interests": NaN,
        "Net Income Continuous Operations": NaN,
        "Tax Provision": NaN,
        "Pretax Income": NaN,
        "Other Income Expense": -1000000.0,
        "Other Non Operating Income Expenses": -1000000.0,
        "Special Income Charges": 0.0,
        "Write Off": 0.0,
        "Operating Income": NaN,
        "Operating Expense": NaN,
        "Selling General And Administration": NaN,
        "Gross Profit": NaN,
        "Cost Of Revenue": NaN,
        "Total Revenue": NaN,
        "Operating Revenue": NaN
    },
    "2022-03-31": {
        "Diluted EPS": 0.27,
        "Total Revenue": 473,
        "Gross Profit": 107,
        "Operating Income": 23,
        "EBIT": 27,
        "Net Income": 30
    },
    "2021-12-31": {
        "Diluted EPS": 0.11,
        "Total Revenue": 432,
        "Gross Profit": 101,
        "Operating Income": 7,
        "EBIT": 12,
        "Net Income": 12
    },
    "2021-09-30": {
        "Diluted EPS": 0.05,
        "Total Revenue": 439,
        "Gross Profit": 96,
        "Operating Income": 10,
        "EBIT": 16,
        "Net Income": 5
    },
    "2021-06-30": {
        "Diluted EPS": -0.02,
        "Total Revenue": 400,
        "Gross Profit": 85,
        "Operating Income": NaN,
        "EBIT": 6,
        "Net Income": -2
    },
    "2021-03-31": {
        "Diluted EPS": -0.09,
        "Total Revenue": 361,
        "Gross Profit": 75,
        "Operating Income": -8,
        "EBIT": -2,
        "Net Income": -10
    },
    "2020-12-31": {
        "Diluted EPS": -0.41,
        "Total Revenue": 319,
        "Gross Profit": 45,
        "Operating Income": -37,
        "EBIT": -32,
        "Net Income": -44
    },
    "2020-09-30": {
        "Diluted EPS": -0.2,
        "Total Revenue": 326,
        "Gross Profit": 62,
        "Operating Income": -21,
        "EBIT": -15,
        "Net Income": -22
    },
    "2020-06-30": {
        "Diluted EPS": -0.27,
        "Total Revenue": 370,
        "Gross Profit": 68,
        "Operating Income": -29,
        "EBIT": -22,
        "Net Income": -30
    },
    "2020-03-31": {
        "Diluted EPS": -3.03,
        "Total Revenue": 604,
        "Gross Profit": 117,
        "Operating Income": -333,
        "EBIT": -323,
        "Net Income": -331
    },
    "2019-12-31": {
        "Diluted EPS": -1.26,
        "Total Revenue": 639,
        "Gross Profit": 125,
        "Operating Income": -137,
        "EBIT": -126,
        "Net Income": -139
    },
    "2019-09-30": {
        "Diluted EPS": 0.09,
        "Total Revenue": 751,
        "Gross Profit": 150,
        "Operating Income": 14,
        "EBIT": 24,
        "Net Income": 10
    },
    "2019-06-30": {
        "Diluted EPS": 0.12,
        "Total Revenue": 776,
        "Gross Profit": 153,
        "Operating Income": 17,
        "EBIT": 27,
        "Net Income": 14
    },
    "2019-03-31": {
        "Diluted EPS": 0.16,
        "Total Revenue": 785,
        "Gross Profit": 158,
        "Operating Income": 23,
        "EBIT": 33,
        "Net Income": 18
    },
    "2018-12-31": {
        "Diluted EPS": 0.15,
        "Total Revenue": 764,
        "Gross Profit": 157,
        "Operating Income": 22,
        "EBIT": 32,
        "Net Income": 16
    },
    "2018-09-30": {
        "Diluted EPS": 0.18,
        "Total Revenue": 822,
        "Gross Profit": 168,
        "Operating Income": 26,
        "EBIT": 35,
        "Net Income": 20
    },
    "2018-06-30": {
        "Diluted EPS": 0.12,
        "Total Revenue": 777,
        "Gross Profit": 157,
        "Operating Income": 18,
        "EBIT": 29,
        "Net Income": 14
    },
    "2018-03-31": {
        "Diluted EPS": 0.02,
        "Total Revenue": 764,
        "Gross Profit": 148,
        "Operating Income": 7,
        "EBIT": 18,
        "Net Income": 2
    },
    "2017-12-31": {
        "Diluted EPS": -0.03,
        "Total Revenue": 669,
        "Gross Profit": 128,
        "Operating Income": NaN,
        "EBIT": 12,
        "Net Income": -3
    },
    "2017-09-30": {
        "Diluted EPS": -0.08,
        "Total Revenue": 697,
        "Gross Profit": 135,
        "Operating Income": -6,
        "EBIT": 6,
        "Net Income": -9
    },
    "2017-06-30": {
        "Diluted EPS": -0.16,
        "Total Revenue": 651,
        "Gross Profit": 124,
        "Operating Income": -14,
        "EBIT": -1,
        "Net Income": -17
    },
    "2017-03-31": {
        "Diluted EPS": -0.21,
        "Total Revenue": 631,
        "Gross Profit": 114,
        "Operating Income": -21,
        "EBIT": -8,
        "Net Income": -23
    },
    "2016-12-31": {
        "Diluted EPS": -0.66,
        "Total Revenue": 538,
        "Gross Profit": 88,
        "Operating Income": -47,
        "EBIT": -33,
        "Net Income": -71
    },
    "2016-09-30": {
        "Diluted EPS": -0.53,
        "Total Revenue": 520,
        "Gross Profit": 87,
        "Operating Income": -53,
        "EBIT": -39,
        "Net Income": -56
    },
    "2016-06-30": {
        "Diluted EPS": -0.4,
        "Total Revenue": 501,
        "Gross Profit": 83,
        "Operating Income": -57,
        "EBIT": -44,
        "Net Income": -44
    },
    "2016-03-31": {
        "Diluted EPS": -0.59,
        "Total Revenue": 548,
        "Gross Profit": 87,
        "Operating Income": -65,
        "EBIT": -53,
        "Net Income": -63
    },
    "2015-12-31": {
        "Diluted EPS": -2.32,
        "Total Revenue": 644,
        "Gross Profit": 106,
        "Operating Income": -184,
        "EBIT": -34,
        "Net Income": -249
    },
    "2015-09-30": {
        "Diluted EPS": -2.09,
        "Total Revenue": 753,
        "Gross Profit": 117,
        "Operating Income": -291,
        "EBIT": -26,
        "Net Income": -224
    },
    "2015-06-30": {
        "Diluted EPS": -0.18,
        "Total Revenue": 750,
        "Gross Profit": 124,
        "Operating Income": -27,
        "EBIT": -18,
        "Net Income": -19
    },
    "2015-03-31": {
        "Diluted EPS": -0.09,
        "Total Revenue": 863,
        "Gross Profit": 155,
        "Operating Income": -8,
        "EBIT": -1,
        "Net Income": -10
    },
    "2014-12-31": {
        "Diluted EPS": 0.13,
        "Total Revenue": NaN,
        "Gross Profit": 205,
        "Operating Income": 26,
        "EBIT": 33,
        "Net Income": 15
    },
    "2014-09-30": {
        "Diluted EPS": 0.3,
        "Total Revenue": NaN,
        "Gross Profit": 213,
        "Operating Income": 50,
        "EBIT": 54,
        "Net Income": 32
    },
    "2014-06-30": {
        "Diluted EPS": 0.25,
        "Total Revenue": 952,
        "Gross Profit": 193,
        "Operating Income": 43,
        "EBIT": 49,
        "Net Income": 27
    },
    "2014-03-31": {
        "Diluted EPS": 0.38,
        "Total Revenue": NaN,
        "Gross Profit": 208,
        "Operating Income": 62,
        "EBIT": 66,
        "Net Income": 41
    },
    "2013-12-31": {
        "Diluted EPS": 0.32,
        "Total Revenue": NaN,
        "Gross Profit": 197,
        "Operating Income": 50,
        "EBIT": 55,
        "Net Income": 34
    },
    "2013-09-30": {
        "Diluted EPS": 0.36,
        "Total Revenue": NaN,
        "Gross Profit": 206,
        "Operating Income": 63,
        "EBIT": 68,
        "Net Income": 39
    },
    "2013-06-30": {
        "Diluted EPS": 0.31,
        "Total Revenue": NaN,
        "Gross Profit": 196,
        "Operating Income": 53,
        "EBIT": 56,
        "Net Income": 33
    },
    "2013-03-31": {
        "Diluted EPS": 0.0,
        "Total Revenue": NaN,
        "Gross Profit": 198,
        "Operating Income": 58,
        "EBIT": 62,
        "Net Income": 41
    },
    "2012-12-31": {
        "Diluted EPS": 0.0,
        "Total Revenue": NaN,
        "Gross Profit": NaN,
        "Operating Income": NaN,
        "EBIT": NaN,
        "Net Income": NaN
    },
    "2011-12-31": {
        "Diluted EPS": 0.0,
        "Total Revenue": NaN,
        "Gross Profit": NaN,
        "Operating Income": NaN,
        "EBIT": NaN,
        "Net Income": NaN
    },
    "2023-09-30": {
        "Tax Effect Of Unusual Items": NaN,
        "Tax Rate For Calcs": NaN,
        "Normalized EBITDA": NaN,
        "Total Unusual Items": 0.0,
        "Total Unusual Items Excluding Goodwill": 0.0,
        "Net Income From Continuing Operation Net Minority Interest": NaN,
        "Reconciled Depreciation": NaN,
        "Reconciled Cost Of Revenue": NaN,
        "EBITDA": NaN,
        "EBIT": NaN,
        "Normalized Income": NaN,
        "Net Income From Continuing And Discontinued Operation": NaN,
        "Total Expenses": NaN,
        "Total Operating Income As Reported": NaN,
        "Diluted Average Shares": 108000000.0,
        "Basic Average Shares": 107000000.0,
        "Diluted EPS": 0.32,
        "Basic EPS": 0.32,
        "Diluted NI Availto Com Stockholders": NaN,
        "Net Income Common Stockholders": NaN,
        "Otherunder Preferred Stock Dividend": 1000000.0,
        "Net Income": NaN,
        "Minority Interests": NaN,
        "Net Income Including Noncontrolling Interests": NaN,
        "Net Income Continuous Operations": NaN,
        "Tax Provision": NaN,
        "Pretax Income": NaN,
        "Other Income Expense": NaN,
        "Other Non Operating Income Expenses": NaN,
        "Special Income Charges": 0.0,
        "Write Off": 0.0,
        "Operating Income": NaN,
        "Operating Expense": NaN,
        "Selling General And Administration": NaN,
        "Gross Profit": NaN,
        "Cost Of Revenue": NaN,
        "Total Revenue": NaN,
        "Operating Revenue": NaN
    },
    "2023-12-31": {
        "Tax Effect Of Unusual Items": 0.0,
        "Tax Rate For Calcs": 0.21,
        "Normalized EBITDA": 39000000.0,
        "Total Unusual Items": 0.0,
        "Total Unusual Items Excluding Goodwill": 0.0,
        "Net Income From Continuing Operation Net Minority Interest": 147000000.0,
        "Reconciled Depreciation": 7000000.0,
        "Reconciled Cost Of Revenue": 425000000.0,
        "EBITDA": 39000000.0,
        "EBIT": 32000000.0,
        "Normalized Income": 147000000.0,
        "Net Income From Continuing And Discontinued Operation": 147000000.0,
        "Total Expenses": 523000000.0,
        "Total Operating Income As Reported": 32000000.0,
        "Diluted Average Shares": 107000000.0,
        "Basic Average Shares": 106000000.0,
        "Diluted EPS": 1.35,
        "Basic EPS": 1.36,
        "Diluted NI Availto Com Stockholders": 145000000.0,
        "Net Income Common Stockholders": 145000000.0,
        "Otherunder Preferred Stock Dividend": 2000000.0,
        "Net Income": 147000000.0,
        "Minority Interests": 0.0,
        "Net Income Including Noncontrolling Interests": 147000000.0,
        "Net Income Continuous Operations": 147000000.0,
        "Tax Provision": -116000000.0,
        "Pretax Income": 31000000.0,
        "Other Income Expense": -1000000.0,
        "Other Non Operating Income Expenses": -1000000.0,
        "Special Income Charges": 0.0,
        "Write Off": 0.0,
        "Operating Income": 32000000.0,
        "Operating Expense": 98000000.0,
        "Selling General And Administration": 98000000.0,
        "Gross Profit": 130000000.0,
        "Cost Of Revenue": 425000000.0,
        "Total Revenue": 555000000.0,
        "Operating Revenue": 555000000.0
    },
    "2024-03-31": {
        "Tax Effect Of Unusual Items": 0.0,
        "Tax Rate For Calcs": 0.276,
        "Normalized EBITDA": 35000000.0,
        "Total Unusual Items": NaN,
        "Total Unusual Items Excluding Goodwill": NaN,
        "Net Income From Continuing Operation Net Minority Interest": 21000000.0,
        "Reconciled Depreciation": 7000000.0,
        "Reconciled Cost Of Revenue": 434000000.0,
        "EBITDA": 35000000.0,
        "EBIT": 28000000.0,
        "Normalized Income": 21000000.0,
        "Net Income From Continuing And Discontinued Operation": 21000000.0,
        "Total Expenses": 535000000.0,
        "Total Operating Income As Reported": 28000000.0,
        "Diluted Average Shares": 107347721.0,
        "Basic Average Shares": 106445323.0,
        "Diluted EPS": 0.19,
        "Basic EPS": 0.2,
        "Diluted NI Availto Com Stockholders": 21000000.0,
        "Net Income Common Stockholders": 21000000.0,
        "Otherunder Preferred Stock Dividend": 0.0,
        "Net Income": 21000000.0,
        "Minority Interests": 0.0,
        "Net Income Including Noncontrolling Interests": 21000000.0,
        "Net Income Continuous Operations": 21000000.0,
        "Tax Provision": 8000000.0,
        "Pretax Income": 29000000.0,
        "Other Income Expense": 1000000.0,
        "Other Non Operating Income Expenses": 1000000.0,
        "Special Income Charges": NaN,
        "Write Off": NaN,
        "Operating Income": 28000000.0,
        "Operating Expense": 101000000.0,
        "Selling General And Administration": 101000000.0,
        "Gross Profit": 129000000.0,
        "Cost Of Revenue": 434000000.0,
        "Total Revenue": 563000000.0,
        "Operating Revenue": 563000000.0
    },
    "2024-06-30": {
        "Tax Effect Of Unusual Items": 0.0,
        "Tax Rate For Calcs": 0.242,
        "Normalized EBITDA": 42000000.0,
        "Total Unusual Items": NaN,
        "Total Unusual Items Excluding Goodwill": NaN,
        "Net Income From Continuing Operation Net Minority Interest": 24000000.0,
        "Reconciled Depreciation": 9000000.0,
        "Reconciled Cost Of Revenue": 495000000.0,
        "EBITDA": 42000000.0,
        "EBIT": 33000000.0,
        "Normalized Income": 24000000.0,
        "Net Income From Continuing And Discontinued Operation": 24000000.0,
        "Total Expenses": 600000000.0,
        "Total Operating Income As Reported": 33000000.0,
        "Diluted Average Shares": 108000000.0,
        "Basic Average Shares": 107000000.0,
        "Diluted EPS": 0.21,
        "Basic EPS": 0.21,
        "Diluted NI Availto Com Stockholders": 24000000.0,
        "Net Income Common Stockholders": 24000000.0,
        "Otherunder Preferred Stock Dividend": NaN,
        "Net Income": 24000000.0,
        "Minority Interests": -1000000.0,
        "Net Income Including Noncontrolling Interests": 25000000.0,
        "Net Income Continuous Operations": 25000000.0,
        "Tax Provision": 8000000.0,
        "Pretax Income": 33000000.0,
        "Other Income Expense": NaN,
        "Other Non Operating Income Expenses": NaN,
        "Special Income Charges": NaN,
        "Write Off": NaN,
        "Operating Income": 33000000.0,
        "Operating Expense": 105000000.0,
        "Selling General And Administration": 105000000.0,
        "Gross Profit": 138000000.0,
        "Cost Of Revenue": 495000000.0,
        "Total Revenue": 633000000.0,
        "Operating Revenue": 633000000.0
    },
    "2024-09-30": {
        "Tax Effect Of Unusual Items": -1050000.0,
        "Tax Rate For Calcs": 0.21,
        "Normalized EBITDA": 41000000.0,
        "Total Unusual Items": -5000000.0,
        "Total Unusual Items Excluding Goodwill": -5000000.0,
        "Net Income From Continuing Operation Net Minority Interest": 13000000.0,
        "Reconciled Depreciation": 8000000.0,
        "Reconciled Cost Of Revenue": 471000000.0,
        "EBITDA": 36000000.0,
        "EBIT": 28000000.0,
        "Normalized Income": 16950000.0,
        "Net Income From Continuing And Discontinued Operation": 13000000.0,
        "Total Expenses": 578000000.0,
        "Total Operating Income As Reported": 23000000.0,
        "Diluted Average Shares": 107008054.0,
        "Basic Average Shares": 106314446.0,
        "Diluted EPS": 0.12,
        "Basic EPS": 0.12,
        "Diluted NI Availto Com Stockholders": 13000000.0,
        "Net Income Common Stockholders": 13000000.0,
        "Otherunder Preferred Stock Dividend": 0.0,
        "Net Income": 13000000.0,
        "Minority Interests": 0.0,
        "Net Income Including Noncontrolling Interests": 13000000.0,
        "Net Income Continuous Operations": 13000000.0,
        "Tax Provision": 9000000.0,
        "Pretax Income": 22000000.0,
        "Other Income Expense": -6000000.0,
        "Other Non Operating Income Expenses": -1000000.0,
        "Special Income Charges": -5000000.0,
        "Write Off": 5000000.0,
        "Operating Income": 28000000.0,
        "Operating Expense": 107000000.0,
        "Selling General And Administration": 107000000.0,
        "Gross Profit": 135000000.0,
        "Cost Of Revenue": 471000000.0,
        "Total Revenue": 606000000.0,
        "Operating Revenue": 606000000.0
    },
    "2024-12-31": {
        "Tax Effect Of Unusual Items": -233333.333333,
        "Tax Rate For Calcs": 0.233333,
        "Normalized EBITDA": 41000000.0,
        "Total Unusual Items": -1000000.0,
        "Total Unusual Items Excluding Goodwill": -1000000.0,
        "Net Income From Continuing Operation Net Minority Interest": 23000000.0,
        "Reconciled Depreciation": 10000000.0,
        "Reconciled Cost Of Revenue": 438000000.0,
        "EBITDA": 40000000.0,
        "EBIT": 30000000.0,
        "Normalized Income": 23766666.666667,
        "Net Income From Continuing And Discontinued Operation": 23000000.0,
        "Total Expenses": 541000000.0,
        "Total Operating Income As Reported": 29000000.0,
        "Diluted Average Shares": NaN,
        "Basic Average Shares": NaN,
        "Diluted EPS": NaN,
        "Basic EPS": NaN,
        "Diluted NI Availto Com Stockholders": 23000000.0,
        "Net Income Common Stockholders": 23000000.0,
        "Otherunder Preferred Stock Dividend": 0.0,
        "Net Income": 23000000.0,
        "Minority Interests": 0.0,
        "Net Income Including Noncontrolling Interests": 23000000.0,
        "Net Income Continuous Operations": 23000000.0,
        "Tax Provision": 7000000.0,
        "Pretax Income": 30000000.0,
        "Other Income Expense": 0.0,
        "Other Non Operating Income Expenses": NaN,
        "Special Income Charges": -1000000.0,
        "Write Off": 1000000.0,
        "Operating Income": 30000000.0,
        "Operating Expense": 103000000.0,
        "Selling General And Administration": 103000000.0,
        "Gross Profit": 133000000.0,
        "Cost Of Revenue": 438000000.0,
        "Total Revenue": 571000000.0,
        "Operating Revenue": 571000000.0
    }
}