{
    "2023-09-30": {
        "Tax Effect Of Unusual Items": NaN,
        "Tax Rate For Calcs": NaN,
        "Normalized EBITDA": NaN,
        "Total Unusual Items": NaN,
        "Total Unusual Items Excluding Goodwill": NaN,
        "Net Income From Continuing Operation Net Minority Interest": NaN,
        "Reconciled Depreciation": NaN,
        "EBITDA": NaN,
        "EBIT": NaN,
        "Net Interest Income": NaN,
        "Interest Income": NaN,
        "Normalized Income": NaN,
        "Net Income From Continuing And Discontinued Operation": NaN,
        "Total Expenses": NaN,
        "Total Operating Income As Reported": NaN,
        "Diluted Average Shares": 3906886.0,
        "Basic Average Shares": 3906886.0,
        "Diluted EPS": -3.78,
        "Basic EPS": -3.78,
        "Diluted NI Availto Com Stockholders": NaN,
        "Net Income Common Stockholders": NaN,
        "Net Income": NaN,
        "Net Income Including Noncontrolling Interests": NaN,
        "Net Income Continuous Operations": NaN,
        "Pretax Income": NaN,
        "Other Income Expense": NaN,
        "Other Non Operating Income Expenses": NaN,
        "Gain On Sale Of Security": NaN,
        "Net Non Operating Interest Income Expense": NaN,
        "Interest Income Non Operating": NaN,
        "Operating Income": NaN,
        "Operating Expense": NaN,
        "Research And Development": NaN,
        "Selling General And Administration": NaN,
        "General And Administrative Expense": NaN,
        "Other Gand A": NaN,
        "Total Revenue": NaN,
        "Operating Revenue": NaN
    },
    "2022-12-31": {
        "Tax Effect Of Unusual Items": 0.0,
        "Tax Rate For Calcs": 0.0,
        "Normalized EBITDA": -10624000.0,
        "Total Unusual Items": -20000.0,
        "Total Unusual Items Excluding Goodwill": -20000.0,
        "Net Income From Continuing Operation Net Minority Interest": -10116000.0,
        "Reconciled Depreciation": 49000.0,
        "EBITDA": -10644000.0,
        "EBIT": -10693000.0,
        "Net Interest Income": 640000.0,
        "Interest Income": 640000.0,
        "Normalized Income": -10096000.0,
        "Net Income From Continuing And Discontinued Operation": -10116000.0,
        "Total Expenses": 11868000.0,
        "Total Operating Income As Reported": -10693000.0,
        "Diluted Average Shares": NaN,
        "Basic Average Shares": NaN,
        "Diluted EPS": NaN,
        "Basic EPS": NaN,
        "Diluted NI Availto Com Stockholders": -10116000.0,
        "Net Income Common Stockholders": -10116000.0,
        "Net Income": -10116000.0,
        "Net Income Including Noncontrolling Interests": -10116000.0,
        "Net Income Continuous Operations": -10116000.0,
        "Pretax Income": -10116000.0,
        "Other Income Expense": -63000.0,
        "Other Non Operating Income Expenses": -43000.0,
        "Gain On Sale Of Security": -20000.0,
        "Net Non Operating Interest Income Expense": 640000.0,
        "Interest Income Non Operating": 640000.0,
        "Operating Income": -10693000.0,
        "Operating Expense": 11868000.0,
        "Research And Development": 9831000.0,
        "Selling General And Administration": 2037000.0,
        "General And Administrative Expense": 2037000.0,
        "Other Gand A": 2037000.0,
        "Total Revenue": 1175000.0,
        "Operating Revenue": 1175000.0
    },
    "2022-09-30": {
        "Tax Effect Of Unusual Items": NaN,
        "Tax Rate For Calcs": NaN,
        "Normalized EBITDA": NaN,
        "Total Unusual Items": NaN,
        "Total Unusual Items Excluding Goodwill": NaN,
        "Net Income From Continuing Operation Net Minority Interest": NaN,
        "Reconciled Depreciation": NaN,
        "EBITDA": NaN,
        "EBIT": NaN,
        "Net Interest Income": NaN,
        "Interest Income": NaN,
        "Normalized Income": NaN,
        "Net Income From Continuing And Discontinued Operation": NaN,
        "Total Expenses": NaN,
        "Total Operating Income As Reported": NaN,
        "Diluted Average Shares": 14817700.0,
        "Basic Average Shares": 14817700.0,
        "Diluted EPS": -0.525318,
        "Basic EPS": -0.525318,
        "Diluted NI Availto Com Stockholders": NaN,
        "Net Income Common Stockholders": NaN,
        "Net Income": NaN,
        "Net Income Including Noncontrolling Interests": NaN,
        "Net Income Continuous Operations": NaN,
        "Pretax Income": NaN,
        "Other Income Expense": NaN,
        "Other Non Operating Income Expenses": NaN,
        "Gain On Sale Of Security": NaN,
        "Net Non Operating Interest Income Expense": NaN,
        "Interest Income Non Operating": NaN,
        "Operating Income": NaN,
        "Operating Expense": NaN,
        "Research And Development": NaN,
        "Selling General And Administration": NaN,
        "General And Administrative Expense": NaN,
        "Other Gand A": NaN,
        "Total Revenue": NaN,
        "Operating Revenue": NaN
    },
    "2023-12-31": {
        "Tax Effect Of Unusual Items": 0.0,
        "Tax Rate For Calcs": 0.0,
        "Normalized EBITDA": -12821000.0,
        "Total Unusual Items": -32000.0,
        "Total Unusual Items Excluding Goodwill": -32000.0,
        "Net Income From Continuing Operation Net Minority Interest": -10563000.0,
        "Reconciled Depreciation": 103000.0,
        "EBITDA": -12853000.0,
        "EBIT": -12956000.0,
        "Net Interest Income": 2444000.0,
        "Interest Income": 2444000.0,
        "Normalized Income": -10531000.0,
        "Net Income From Continuing And Discontinued Operation": -10563000.0,
        "Total Expenses": 13413000.0,
        "Total Operating Income As Reported": -12956000.0,
        "Diluted Average Shares": NaN,
        "Basic Average Shares": NaN,
        "Diluted EPS": NaN,
        "Basic EPS": NaN,
        "Diluted NI Availto Com Stockholders": -10563000.0,
        "Net Income Common Stockholders": -10563000.0,
        "Net Income": -10563000.0,
        "Net Income Including Noncontrolling Interests": -10563000.0,
        "Net Income Continuous Operations": -10563000.0,
        "Pretax Income": -10563000.0,
        "Other Income Expense": -51000.0,
        "Other Non Operating Income Expenses": -19000.0,
        "Gain On Sale Of Security": -32000.0,
        "Net Non Operating Interest Income Expense": 2444000.0,
        "Interest Income Non Operating": 2444000.0,
        "Operating Income": -12956000.0,
        "Operating Expense": 13413000.0,
        "Research And Development": 8781000.0,
        "Selling General And Administration": 4632000.0,
        "General And Administrative Expense": 4632000.0,
        "Other Gand A": 4632000.0,
        "Total Revenue": 457000.0,
        "Operating Revenue": 457000.0
    },
    "2024-03-31": {
        "Tax Effect Of Unusual Items": 0.0,
        "Tax Rate For Calcs": 0.0,
        "Normalized EBITDA": -17725000.0,
        "Total Unusual Items": -12000.0,
        "Total Unusual Items Excluding Goodwill": -12000.0,
        "Net Income From Continuing Operation Net Minority Interest": -13748000.0,
        "Reconciled Depreciation": 107000.0,
        "EBITDA": -17737000.0,
        "EBIT": -17844000.0,
        "Net Interest Income": 4222000.0,
        "Interest Income": 4222000.0,
        "Normalized Income": -13736000.0,
        "Net Income From Continuing And Discontinued Operation": -13748000.0,
        "Total Expenses": 18718000.0,
        "Total Operating Income As Reported": -17844000.0,
        "Diluted Average Shares": 25665475.0,
        "Basic Average Shares": 25665475.0,
        "Diluted EPS": -0.54,
        "Basic EPS": -0.54,
        "Diluted NI Availto Com Stockholders": -13748000.0,
        "Net Income Common Stockholders": -13748000.0,
        "Net Income": -13748000.0,
        "Net Income Including Noncontrolling Interests": -13748000.0,
        "Net Income Continuous Operations": -13748000.0,
        "Pretax Income": -13748000.0,
        "Other Income Expense": -126000.0,
        "Other Non Operating Income Expenses": -114000.0,
        "Gain On Sale Of Security": -12000.0,
        "Net Non Operating Interest Income Expense": 4222000.0,
        "Interest Income Non Operating": 4222000.0,
        "Operating Income": -17844000.0,
        "Operating Expense": 18718000.0,
        "Research And Development": 13078000.0,
        "Selling General And Administration": 5640000.0,
        "General And Administrative Expense": 5640000.0,
        "Other Gand A": 5640000.0,
        "Total Revenue": 874000.0,
        "Operating Revenue": 874000.0
    },
    "2023-03-31": {
        "Tax Effect Of Unusual Items": NaN,
        "Tax Rate For Calcs": NaN,
        "Normalized EBITDA": NaN,
        "Total Unusual Items": NaN,
        "Total Unusual Items Excluding Goodwill": NaN,
        "Net Income From Continuing Operation Net Minority Interest": NaN,
        "Reconciled Depreciation": NaN,
        "EBITDA": NaN,
        "EBIT": NaN,
        "Net Interest Income": NaN,
        "Interest Income": NaN,
        "Normalized Income": NaN,
        "Net Income From Continuing And Discontinued Operation": NaN,
        "Total Expenses": NaN,
        "Total Operating Income As Reported": NaN,
        "Diluted Average Shares": 14817700.0,
        "Basic Average Shares": 14817700.0,
        "Diluted EPS": -0.478414,
        "Basic EPS": -0.478414,
        "Diluted NI Availto Com Stockholders": NaN,
        "Net Income Common Stockholders": NaN,
        "Net Income": NaN,
        "Net Income Including Noncontrolling Interests": NaN,
        "Net Income Continuous Operations": NaN,
        "Pretax Income": NaN,
        "Other Income Expense": NaN,
        "Other Non Operating Income Expenses": NaN,
        "Gain On Sale Of Security": NaN,
        "Net Non Operating Interest Income Expense": NaN,
        "Interest Income Non Operating": NaN,
        "Operating Income": NaN,
        "Operating Expense": NaN,
        "Research And Development": NaN,
        "Selling General And Administration": NaN,
        "General And Administrative Expense": NaN,
        "Other Gand A": NaN,
        "Total Revenue": NaN,
        "Operating Revenue": NaN
    },
    "2024-06-30": {
        "Tax Effect Of Unusual Items": 0.0,
        "Tax Rate For Calcs": 0.0,
        "Normalized EBITDA": -22062000.0,
        "Total Unusual Items": -31000.0,
        "Total Unusual Items Excluding Goodwill": -31000.0,
        "Net Income From Continuing Operation Net Minority Interest": -17607000.0,
        "Reconciled Depreciation": 111000.0,
        "EBITDA": -22093000.0,
        "EBIT": -22204000.0,
        "Net Interest Income": 4708000.0,
        "Interest Income": 4708000.0,
        "Normalized Income": -17576000.0,
        "Net Income From Continuing And Discontinued Operation": -17607000.0,
        "Total Expenses": 24067000.0,
        "Total Operating Income As Reported": -22204000.0,
        "Diluted Average Shares": 34227038.0,
        "Basic Average Shares": 34227038.0,
        "Diluted EPS": -0.51,
        "Basic EPS": -0.51,
        "Diluted NI Availto Com Stockholders": -17607000.0,
        "Net Income Common Stockholders": -17607000.0,
        "Net Income": -17607000.0,
        "Net Income Including Noncontrolling Interests": -17607000.0,
        "Net Income Continuous Operations": -17607000.0,
        "Pretax Income": -17607000.0,
        "Other Income Expense": -111000.0,
        "Other Non Operating Income Expenses": -80000.0,
        "Gain On Sale Of Security": -31000.0,
        "Net Non Operating Interest Income Expense": 4708000.0,
        "Interest Income Non Operating": 4708000.0,
        "Operating Income": -22204000.0,
        "Operating Expense": 24067000.0,
        "Research And Development": 18070000.0,
        "Selling General And Administration": 5997000.0,
        "General And Administrative Expense": 5997000.0,
        "Other Gand A": 5997000.0,
        "Total Revenue": 1863000.0,
        "Operating Revenue": 1863000.0
    },
    "2023-06-30": {
        "Tax Effect Of Unusual Items": NaN,
        "Tax Rate For Calcs": NaN,
        "Normalized EBITDA": NaN,
        "Total Unusual Items": NaN,
        "Total Unusual Items Excluding Goodwill": NaN,
        "Net Income From Continuing Operation Net Minority Interest": NaN,
        "Reconciled Depreciation": NaN,
        "EBITDA": NaN,
        "EBIT": NaN,
        "Net Interest Income": NaN,
        "Interest Income": NaN,
        "Normalized Income": NaN,
        "Net Income From Continuing And Discontinued Operation": NaN,
        "Total Expenses": NaN,
        "Total Operating Income As Reported": NaN,
        "Diluted Average Shares": 14817700.0,
        "Basic Average Shares": 14817700.0,
        "Diluted EPS": -0.751804,
        "Basic EPS": -0.751804,
        "Diluted NI Availto Com Stockholders": NaN,
        "Net Income Common Stockholders": NaN,
        "Net Income": NaN,
        "Net Income Including Noncontrolling Interests": NaN,
        "Net Income Continuous Operations": NaN,
        "Pretax Income": NaN,
        "Other Income Expense": NaN,
        "Other Non Operating Income Expenses": NaN,
        "Gain On Sale Of Security": NaN,
        "Net Non Operating Interest Income Expense": NaN,
        "Interest Income Non Operating": NaN,
        "Operating Income": NaN,
        "Operating Expense": NaN,
        "Research And Development": NaN,
        "Selling General And Administration": NaN,
        "General And Administrative Expense": NaN,
        "Other Gand A": NaN,
        "Total Revenue": NaN,
        "Operating Revenue": NaN
    },
    "2024-09-30": {
        "Tax Effect Of Unusual Items": 0.0,
        "Tax Rate For Calcs": 0.0,
        "Normalized EBITDA": -30043000.0,
        "Total Unusual Items": 259000.0,
        "Total Unusual Items Excluding Goodwill": 259000.0,
        "Net Income From Continuing Operation Net Minority Interest": -25174000.0,
        "Reconciled Depreciation": 116000.0,
        "EBITDA": -29784000.0,
        "EBIT": -29900000.0,
        "Net Interest Income": 4445000.0,
        "Interest Income": 4445000.0,
        "Normalized Income": -25433000.0,
        "Net Income From Continuing And Discontinued Operation": -25174000.0,
        "Total Expenses": 32072000.0,
        "Total Operating Income As Reported": -29900000.0,
        "Diluted Average Shares": 34236728.0,
        "Basic Average Shares": 34236728.0,
        "Diluted EPS": -0.74,
        "Basic EPS": -0.74,
        "Diluted NI Availto Com Stockholders": -25174000.0,
        "Net Income Common Stockholders": -25174000.0,
        "Net Income": -25174000.0,
        "Net Income Including Noncontrolling Interests": -25174000.0,
        "Net Income Continuous Operations": -25174000.0,
        "Pretax Income": -25174000.0,
        "Other Income Expense": 281000.0,
        "Other Non Operating Income Expenses": 22000.0,
        "Gain On Sale Of Security": 259000.0,
        "Net Non Operating Interest Income Expense": 4445000.0,
        "Interest Income Non Operating": 4445000.0,
        "Operating Income": -29900000.0,
        "Operating Expense": 32072000.0,
        "Research And Development": 25544000.0,
        "Selling General And Administration": 6528000.0,
        "General And Administrative Expense": 6528000.0,
        "Other Gand A": 6528000.0,
        "Total Revenue": 2172000.0,
        "Operating Revenue": 2172000.0
    },
    "2024-12-31": {
        "Tax Effect Of Unusual Items": 0.0,
        "Tax Rate For Calcs": 0.0,
        "Normalized EBITDA": -31706000.0,
        "Total Unusual Items": -132000.0,
        "Total Unusual Items Excluding Goodwill": -132000.0,
        "Net Income From Continuing Operation Net Minority Interest": -28440000.0,
        "Reconciled Depreciation": 78000.0,
        "EBITDA": -31838000.0,
        "EBIT": -31916000.0,
        "Net Interest Income": 3990000.0,
        "Interest Income": 3990000.0,
        "Normalized Income": -28308000.0,
        "Net Income From Continuing And Discontinued Operation": -28440000.0,
        "Total Expenses": 33242000.0,
        "Total Operating Income As Reported": -31916000.0,
        "Diluted Average Shares": NaN,
        "Basic Average Shares": NaN,
        "Diluted EPS": NaN,
        "Basic EPS": NaN,
        "Diluted NI Availto Com Stockholders": -28440000.0,
        "Net Income Common Stockholders": -28440000.0,
        "Net Income": -28440000.0,
        "Net Income Including Noncontrolling Interests": -28440000.0,
        "Net Income Continuous Operations": -28440000.0,
        "Pretax Income": -28440000.0,
        "Other Income Expense": -514000.0,
        "Other Non Operating Income Expenses": -382000.0,
        "Gain On Sale Of Security": -132000.0,
        "Net Non Operating Interest Income Expense": 3990000.0,
        "Interest Income Non Operating": 3990000.0,
        "Operating Income": -31916000.0,
        "Operating Expense": 33242000.0,
        "Research And Development": 26413000.0,
        "Selling General And Administration": 6829000.0,
        "General And Administrative Expense": 6829000.0,
        "Other Gand A": 6829000.0,
        "Total Revenue": 1326000.0,
        "Operating Revenue": 1326000.0
    }
}