{
    "2023-03-31": {
        "Tax Effect Of Unusual Items": NaN,
        "Tax Rate For Calcs": NaN,
        "Normalized EBITDA": NaN,
        "Total Unusual Items": NaN,
        "Total Unusual Items Excluding Goodwill": NaN,
        "Net Income From Continuing Operation Net Minority Interest": NaN,
        "Reconciled Depreciation": NaN,
        "Reconciled Cost Of Revenue": NaN,
        "EBITDA": NaN,
        "EBIT": NaN,
        "Net Interest Income": NaN,
        "Interest Expense": NaN,
        "Interest Income": NaN,
        "Normalized Income": NaN,
        "Net Income From Continuing And Discontinued Operation": NaN,
        "Total Expenses": NaN,
        "Total Operating Income As Reported": NaN,
        "Diluted Average Shares": NaN,
        "Basic Average Shares": NaN,
        "Diluted EPS": NaN,
        "Basic EPS": NaN,
        "Diluted NI Availto Com Stockholders": NaN,
        "Net Income Common Stockholders": NaN,
        "Net Income": NaN,
        "Net Income Including Noncontrolling Interests": NaN,
        "Net Income Continuous Operations": NaN,
        "Tax Provision": NaN,
        "Pretax Income": NaN,
        "Other Income Expense": -20869000.0,
        "Other Non Operating Income Expenses": 7394000.0,
        "Special Income Charges": NaN,
        "Restructuring And Mergern Acquisition": NaN,
        "Net Non Operating Interest Income Expense": NaN,
        "Interest Expense Non Operating": NaN,
        "Interest Income Non Operating": NaN,
        "Operating Income": NaN,
        "Operating Expense": NaN,
        "Research And Development": NaN,
        "Selling General And Administration": NaN,
        "Selling And Marketing Expense": NaN,
        "General And Administrative Expense": NaN,
        "Other Gand A": NaN,
        "Salaries And Wages": 17612000.0,
        "Gross Profit": NaN,
        "Cost Of Revenue": NaN,
        "Total Revenue": NaN,
        "Operating Revenue": NaN
    },
    "2022-12-31": {
        "Tax Effect Of Unusual Items": NaN,
        "Tax Rate For Calcs": NaN,
        "Normalized EBITDA": NaN,
        "Total Unusual Items": NaN,
        "Total Unusual Items Excluding Goodwill": NaN,
        "Net Income From Continuing Operation Net Minority Interest": NaN,
        "Reconciled Depreciation": NaN,
        "Reconciled Cost Of Revenue": NaN,
        "EBITDA": NaN,
        "EBIT": NaN,
        "Net Interest Income": NaN,
        "Interest Expense": NaN,
        "Interest Income": NaN,
        "Normalized Income": NaN,
        "Net Income From Continuing And Discontinued Operation": NaN,
        "Total Expenses": NaN,
        "Total Operating Income As Reported": NaN,
        "Diluted Average Shares": NaN,
        "Basic Average Shares": NaN,
        "Diluted EPS": NaN,
        "Basic EPS": NaN,
        "Diluted NI Availto Com Stockholders": NaN,
        "Net Income Common Stockholders": NaN,
        "Net Income": NaN,
        "Net Income Including Noncontrolling Interests": NaN,
        "Net Income Continuous Operations": NaN,
        "Tax Provision": NaN,
        "Pretax Income": NaN,
        "Other Income Expense": 4409000.0,
        "Other Non Operating Income Expenses": 4409000.0,
        "Special Income Charges": NaN,
        "Other Special Charges": 0.0,
        "Restructuring And Mergern Acquisition": NaN,
        "Net Non Operating Interest Income Expense": NaN,
        "Interest Expense Non Operating": NaN,
        "Interest Income Non Operating": NaN,
        "Operating Income": NaN,
        "Operating Expense": NaN,
        "Research And Development": NaN,
        "Selling General And Administration": NaN,
        "Selling And Marketing Expense": NaN,
        "General And Administrative Expense": NaN,
        "Other Gand A": NaN,
        "Salaries And Wages": NaN,
        "Gross Profit": NaN,
        "Cost Of Revenue": NaN,
        "Total Revenue": NaN,
        "Operating Revenue": NaN
    },
    "2022-09-30": {
        "Tax Effect Of Unusual Items": NaN,
        "Tax Rate For Calcs": NaN,
        "Normalized EBITDA": NaN,
        "Total Unusual Items": NaN,
        "Total Unusual Items Excluding Goodwill": NaN,
        "Net Income From Continuing Operation Net Minority Interest": NaN,
        "Reconciled Depreciation": NaN,
        "Reconciled Cost Of Revenue": NaN,
        "EBITDA": NaN,
        "EBIT": NaN,
        "Net Interest Income": NaN,
        "Interest Expense": NaN,
        "Interest Income": NaN,
        "Normalized Income": NaN,
        "Net Income From Continuing And Discontinued Operation": NaN,
        "Total Expenses": NaN,
        "Total Operating Income As Reported": NaN,
        "Diluted Average Shares": NaN,
        "Basic Average Shares": NaN,
        "Diluted EPS": NaN,
        "Basic EPS": NaN,
        "Diluted NI Availto Com Stockholders": NaN,
        "Net Income Common Stockholders": NaN,
        "Net Income": NaN,
        "Net Income Including Noncontrolling Interests": NaN,
        "Net Income Continuous Operations": NaN,
        "Tax Provision": NaN,
        "Pretax Income": NaN,
        "Other Income Expense": NaN,
        "Other Non Operating Income Expenses": 3274000.0,
        "Special Income Charges": NaN,
        "Other Special Charges": NaN,
        "Restructuring And Mergern Acquisition": NaN,
        "Net Non Operating Interest Income Expense": NaN,
        "Interest Expense Non Operating": NaN,
        "Interest Income Non Operating": NaN,
        "Operating Income": NaN,
        "Operating Expense": NaN,
        "Research And Development": NaN,
        "Selling General And Administration": NaN,
        "Selling And Marketing Expense": NaN,
        "General And Administrative Expense": NaN,
        "Other Gand A": NaN,
        "Salaries And Wages": NaN,
        "Gross Profit": NaN,
        "Cost Of Revenue": NaN,
        "Total Revenue": NaN,
        "Operating Revenue": NaN
    },
    "2022-06-30": {
        "Tax Effect Of Unusual Items": 0.0,
        "Tax Rate For Calcs": 0.159,
        "Normalized EBITDA": 19076000.0,
        "Total Unusual Items": 0.0,
        "Total Unusual Items Excluding Goodwill": 0.0,
        "Net Income From Continuing Operation Net Minority Interest": -6191000.0,
        "Reconciled Depreciation": 24341000.0,
        "Reconciled Cost Of Revenue": 47246000.0,
        "EBITDA": 19076000.0,
        "EBIT": -5265000.0,
        "Net Interest Income": -2095000.0,
        "Interest Expense": 2095000.0,
        "Interest Income": NaN,
        "Normalized Income": -6191000.0,
        "Net Income From Continuing And Discontinued Operation": -6191000.0,
        "Total Expenses": 141259000.0,
        "Total Operating Income As Reported": -7377000.0,
        "Diluted Average Shares": 102502000.0,
        "Basic Average Shares": 102502000.0,
        "Diluted EPS": -0.07,
        "Basic EPS": -0.07,
        "Diluted NI Availto Com Stockholders": -6191000.0,
        "Net Income Common Stockholders": -6191000.0,
        "Net Income": -6191000.0,
        "Net Income Including Noncontrolling Interests": -6191000.0,
        "Net Income Continuous Operations": -6191000.0,
        "Tax Provision": -1169000.0,
        "Pretax Income": -7360000.0,
        "Other Income Expense": 2112000.0,
        "Other Non Operating Income Expenses": 2112000.0,
        "Special Income Charges": 0.0,
        "Other Special Charges": NaN,
        "Restructuring And Mergern Acquisition": NaN,
        "Net Non Operating Interest Income Expense": -2095000.0,
        "Interest Expense Non Operating": 2095000.0,
        "Interest Income Non Operating": NaN,
        "Operating Income": -7377000.0,
        "Operating Expense": 94013000.0,
        "Research And Development": 36956000.0,
        "Selling General And Administration": 57057000.0,
        "Selling And Marketing Expense": 18219000.0,
        "General And Administrative Expense": 38838000.0,
        "Other Gand A": 38838000.0,
        "Gross Profit": 86636000.0,
        "Cost Of Revenue": 47246000.0,
        "Total Revenue": 133882000.0,
        "Operating Revenue": 133882000.0
    },
    "2022-03-31": {
        "Diluted EPS": -0.17,
        "Total Revenue": 127,
        "Gross Profit": 80,
        "Operating Income": -14,
        "EBIT": 10,
        "Net Income": -19
    },
    "2021-12-31": {
        "Diluted EPS": -0.1,
        "Total Revenue": 120,
        "Gross Profit": 75,
        "Operating Income": -10,
        "EBIT": 13,
        "Net Income": -12
    },
    "2021-09-30": {
        "Diluted EPS": -0.02,
        "Total Revenue": 111,
        "Gross Profit": 68,
        "Operating Income": -2,
        "EBIT": 21,
        "Net Income": -2
    },
    "2021-06-30": {
        "Diluted EPS": -0.02,
        "Total Revenue": 104,
        "Gross Profit": 61,
        "Operating Income": -3,
        "EBIT": 19,
        "Net Income": -2
    },
    "2021-03-31": {
        "Diluted EPS": -0.07,
        "Total Revenue": 94,
        "Gross Profit": 54,
        "Operating Income": 3,
        "EBIT": 24,
        "Net Income": -3
    },
    "2020-12-31": {
        "Diluted EPS": 0.0,
        "Total Revenue": NaN,
        "Gross Profit": NaN,
        "Operating Income": NaN,
        "EBIT": NaN,
        "Net Income": NaN
    },
    "2020-09-30": {
        "Diluted EPS": -0.24,
        "Total Revenue": 81,
        "Gross Profit": 44,
        "Operating Income": -7,
        "EBIT": 13,
        "Net Income": -10
    },
    "2020-06-30": {
        "Diluted EPS": -0.06,
        "Total Revenue": 77,
        "Gross Profit": 42,
        "Operating Income": 2,
        "EBIT": 2,
        "Net Income": -3
    },
    "2019-12-31": {
        "Diluted EPS": 0.0,
        "Total Revenue": NaN,
        "Gross Profit": NaN,
        "Operating Income": NaN,
        "EBIT": NaN,
        "Net Income": NaN
    },
    "2018-12-31": {
        "Diluted EPS": 0.0,
        "Total Revenue": NaN,
        "Gross Profit": NaN,
        "Operating Income": NaN,
        "EBIT": NaN,
        "Net Income": NaN
    },
    "2023-06-30": {
        "Tax Effect Of Unusual Items": NaN,
        "Tax Rate For Calcs": NaN,
        "Normalized EBITDA": NaN,
        "Total Unusual Items": NaN,
        "Total Unusual Items Excluding Goodwill": NaN,
        "Net Income From Continuing Operation Net Minority Interest": NaN,
        "Reconciled Depreciation": NaN,
        "Reconciled Cost Of Revenue": NaN,
        "EBITDA": NaN,
        "EBIT": NaN,
        "Net Interest Income": NaN,
        "Interest Expense": NaN,
        "Interest Income": NaN,
        "Normalized Income": NaN,
        "Net Income From Continuing And Discontinued Operation": NaN,
        "Total Expenses": NaN,
        "Total Operating Income As Reported": NaN,
        "Diluted Average Shares": NaN,
        "Basic Average Shares": NaN,
        "Diluted EPS": NaN,
        "Basic EPS": NaN,
        "Diluted NI Availto Com Stockholders": NaN,
        "Net Income Common Stockholders": NaN,
        "Net Income": NaN,
        "Net Income Including Noncontrolling Interests": NaN,
        "Net Income Continuous Operations": NaN,
        "Tax Provision": NaN,
        "Pretax Income": NaN,
        "Other Income Expense": -434000.0,
        "Special Income Charges": NaN,
        "Restructuring And Mergern Acquisition": NaN,
        "Net Non Operating Interest Income Expense": NaN,
        "Interest Expense Non Operating": NaN,
        "Interest Income Non Operating": NaN,
        "Operating Income": NaN,
        "Operating Expense": NaN,
        "Research And Development": NaN,
        "Selling General And Administration": NaN,
        "Selling And Marketing Expense": NaN,
        "General And Administrative Expense": NaN,
        "Other Gand A": NaN,
        "Gross Profit": NaN,
        "Cost Of Revenue": NaN,
        "Total Revenue": NaN,
        "Operating Revenue": NaN
    },
    "2023-09-30": {
        "Tax Effect Of Unusual Items": NaN,
        "Tax Rate For Calcs": NaN,
        "Normalized EBITDA": NaN,
        "Total Unusual Items": NaN,
        "Total Unusual Items Excluding Goodwill": NaN,
        "Net Income From Continuing Operation Net Minority Interest": NaN,
        "Reconciled Depreciation": NaN,
        "Reconciled Cost Of Revenue": NaN,
        "EBITDA": NaN,
        "EBIT": NaN,
        "Net Interest Income": NaN,
        "Interest Expense": NaN,
        "Interest Income": NaN,
        "Normalized Income": NaN,
        "Net Income From Continuing And Discontinued Operation": NaN,
        "Total Expenses": NaN,
        "Total Operating Income As Reported": NaN,
        "Diluted Average Shares": NaN,
        "Basic Average Shares": NaN,
        "Diluted EPS": NaN,
        "Basic EPS": NaN,
        "Diluted NI Availto Com Stockholders": NaN,
        "Net Income Common Stockholders": NaN,
        "Net Income": NaN,
        "Net Income Including Noncontrolling Interests": NaN,
        "Net Income Continuous Operations": NaN,
        "Tax Provision": NaN,
        "Pretax Income": NaN,
        "Other Income Expense": 441000.0,
        "Special Income Charges": NaN,
        "Restructuring And Mergern Acquisition": NaN,
        "Net Non Operating Interest Income Expense": NaN,
        "Interest Expense Non Operating": NaN,
        "Interest Income Non Operating": NaN,
        "Operating Income": NaN,
        "Operating Expense": NaN,
        "Research And Development": NaN,
        "Selling General And Administration": NaN,
        "Selling And Marketing Expense": NaN,
        "General And Administrative Expense": NaN,
        "Other Gand A": NaN,
        "Gross Profit": NaN,
        "Cost Of Revenue": NaN,
        "Total Revenue": NaN,
        "Operating Revenue": NaN
    },
    "2023-12-31": {
        "Tax Effect Of Unusual Items": NaN,
        "Tax Rate For Calcs": NaN,
        "Normalized EBITDA": NaN,
        "Total Unusual Items": NaN,
        "Total Unusual Items Excluding Goodwill": NaN,
        "Net Income From Continuing Operation Net Minority Interest": NaN,
        "Reconciled Depreciation": NaN,
        "Reconciled Cost Of Revenue": NaN,
        "EBITDA": NaN,
        "EBIT": NaN,
        "Net Interest Income": NaN,
        "Interest Expense": NaN,
        "Interest Income": NaN,
        "Normalized Income": NaN,
        "Net Income From Continuing And Discontinued Operation": NaN,
        "Total Expenses": NaN,
        "Total Operating Income As Reported": NaN,
        "Diluted Average Shares": NaN,
        "Basic Average Shares": NaN,
        "Diluted EPS": NaN,
        "Basic EPS": NaN,
        "Diluted NI Availto Com Stockholders": NaN,
        "Net Income Common Stockholders": NaN,
        "Net Income": NaN,
        "Net Income Including Noncontrolling Interests": NaN,
        "Net Income Continuous Operations": NaN,
        "Tax Provision": NaN,
        "Pretax Income": NaN,
        "Other Income Expense": -25000.0,
        "Special Income Charges": NaN,
        "Other Special Charges": NaN,
        "Restructuring And Mergern Acquisition": 25000.0,
        "Net Non Operating Interest Income Expense": NaN,
        "Interest Expense Non Operating": NaN,
        "Interest Income Non Operating": NaN,
        "Operating Income": NaN,
        "Operating Expense": NaN,
        "Research And Development": NaN,
        "Selling General And Administration": NaN,
        "Selling And Marketing Expense": NaN,
        "General And Administrative Expense": NaN,
        "Other Gand A": NaN,
        "Gross Profit": NaN,
        "Cost Of Revenue": NaN,
        "Total Revenue": NaN,
        "Operating Revenue": NaN
    },
    "2024-03-31": {
        "Tax Effect Of Unusual Items": NaN,
        "Tax Rate For Calcs": NaN,
        "Normalized EBITDA": NaN,
        "Total Unusual Items": NaN,
        "Total Unusual Items Excluding Goodwill": NaN,
        "Net Income From Continuing Operation Net Minority Interest": NaN,
        "Reconciled Depreciation": NaN,
        "Reconciled Cost Of Revenue": NaN,
        "EBITDA": NaN,
        "EBIT": NaN,
        "Net Interest Income": NaN,
        "Interest Expense": NaN,
        "Interest Income": NaN,
        "Normalized Income": NaN,
        "Net Income From Continuing And Discontinued Operation": NaN,
        "Total Expenses": NaN,
        "Total Operating Income As Reported": NaN,
        "Diluted Average Shares": NaN,
        "Basic Average Shares": NaN,
        "Diluted EPS": NaN,
        "Basic EPS": NaN,
        "Diluted NI Availto Com Stockholders": NaN,
        "Net Income Common Stockholders": NaN,
        "Net Income": NaN,
        "Net Income Including Noncontrolling Interests": NaN,
        "Net Income Continuous Operations": NaN,
        "Tax Provision": NaN,
        "Pretax Income": NaN,
        "Other Income Expense": NaN,
        "Special Income Charges": NaN,
        "Other Special Charges": NaN,
        "Restructuring And Mergern Acquisition": 0.0,
        "Net Non Operating Interest Income Expense": NaN,
        "Interest Expense Non Operating": NaN,
        "Interest Income Non Operating": NaN,
        "Operating Income": NaN,
        "Operating Expense": NaN,
        "Research And Development": NaN,
        "Selling General And Administration": NaN,
        "Selling And Marketing Expense": NaN,
        "General And Administrative Expense": NaN,
        "Other Gand A": NaN,
        "Gross Profit": NaN,
        "Cost Of Revenue": NaN,
        "Total Revenue": NaN,
        "Operating Revenue": NaN
    },
    "2024-06-30": {
        "Tax Effect Of Unusual Items": NaN,
        "Tax Rate For Calcs": NaN,
        "Normalized EBITDA": NaN,
        "Total Unusual Items": 0.0,
        "Total Unusual Items Excluding Goodwill": 0.0,
        "Net Income From Continuing Operation Net Minority Interest": NaN,
        "Reconciled Depreciation": NaN,
        "Reconciled Cost Of Revenue": NaN,
        "EBITDA": NaN,
        "EBIT": NaN,
        "Net Interest Income": NaN,
        "Interest Expense": NaN,
        "Interest Income": NaN,
        "Normalized Income": NaN,
        "Net Income From Continuing And Discontinued Operation": NaN,
        "Total Expenses": NaN,
        "Total Operating Income As Reported": NaN,
        "Diluted Average Shares": NaN,
        "Basic Average Shares": NaN,
        "Diluted EPS": NaN,
        "Basic EPS": NaN,
        "Diluted NI Availto Com Stockholders": NaN,
        "Net Income Common Stockholders": NaN,
        "Net Income": NaN,
        "Net Income Including Noncontrolling Interests": NaN,
        "Net Income Continuous Operations": NaN,
        "Tax Provision": NaN,
        "Pretax Income": NaN,
        "Other Income Expense": NaN,
        "Special Income Charges": 0.0,
        "Other Special Charges": NaN,
        "Restructuring And Mergern Acquisition": 0.0,
        "Net Non Operating Interest Income Expense": NaN,
        "Interest Expense Non Operating": NaN,
        "Interest Income Non Operating": NaN,
        "Operating Income": NaN,
        "Operating Expense": NaN,
        "Research And Development": NaN,
        "Selling General And Administration": NaN,
        "Selling And Marketing Expense": NaN,
        "General And Administrative Expense": NaN,
        "Other Gand A": NaN,
        "Gross Profit": NaN,
        "Cost Of Revenue": NaN,
        "Total Revenue": NaN,
        "Operating Revenue": NaN
    },
    "2024-09-30": {
        "Tax Effect Of Unusual Items": 0.0,
        "Tax Rate For Calcs": 0.21,
        "Normalized EBITDA": 67712000.0,
        "Total Unusual Items": 0.0,
        "Total Unusual Items Excluding Goodwill": 0.0,
        "Net Income From Continuing Operation Net Minority Interest": 32949000.0,
        "Reconciled Depreciation": 35809000.0,
        "Reconciled Cost Of Revenue": 81920000.0,
        "EBITDA": 67712000.0,
        "EBIT": 31903000.0,
        "Net Interest Income": 5035000.0,
        "Interest Expense": 2262000.0,
        "Interest Income": 7297000.0,
        "Normalized Income": 32949000.0,
        "Net Income From Continuing And Discontinued Operation": 32949000.0,
        "Total Expenses": 173878000.0,
        "Total Operating Income As Reported": 24606000.0,
        "Diluted Average Shares": 102591000.0,
        "Basic Average Shares": 92145000.0,
        "Diluted EPS": 0.33,
        "Basic EPS": 0.36,
        "Diluted NI Availto Com Stockholders": 32949000.0,
        "Net Income Common Stockholders": 32949000.0,
        "Net Income": 32949000.0,
        "Net Income Including Noncontrolling Interests": 32949000.0,
        "Net Income Continuous Operations": 32949000.0,
        "Tax Provision": -3308000.0,
        "Pretax Income": 29641000.0,
        "Other Income Expense": NaN,
        "Special Income Charges": 0.0,
        "Other Special Charges": NaN,
        "Restructuring And Mergern Acquisition": 0.0,
        "Net Non Operating Interest Income Expense": 5035000.0,
        "Interest Expense Non Operating": 2262000.0,
        "Interest Income Non Operating": 7297000.0,
        "Operating Income": 24606000.0,
        "Operating Expense": 91958000.0,
        "Research And Development": 36278000.0,
        "Selling General And Administration": 55680000.0,
        "Selling And Marketing Expense": 15258000.0,
        "General And Administrative Expense": 40422000.0,
        "Other Gand A": 40422000.0,
        "Gross Profit": 116564000.0,
        "Cost Of Revenue": 81920000.0,
        "Total Revenue": 198484000.0,
        "Operating Revenue": 198484000.0
    },
    "2024-12-31": {
        "Tax Effect Of Unusual Items": 0.0,
        "Tax Rate For Calcs": 0.370008,
        "Normalized EBITDA": 60447000.0,
        "Total Unusual Items": 0.0,
        "Total Unusual Items Excluding Goodwill": 0.0,
        "Net Income From Continuing Operation Net Minority Interest": 18266000.0,
        "Reconciled Depreciation": 29227000.0,
        "Reconciled Cost Of Revenue": 87846000.0,
        "EBITDA": 60447000.0,
        "EBIT": 31220000.0,
        "Net Interest Income": -3541000.0,
        "Interest Expense": 2226000.0,
        "Interest Income": -1315000.0,
        "Normalized Income": 18266000.0,
        "Net Income From Continuing And Discontinued Operation": 18266000.0,
        "Total Expenses": 172390000.0,
        "Total Operating Income As Reported": 32535000.0,
        "Diluted Average Shares": 94404000.0,
        "Basic Average Shares": 92250000.0,
        "Diluted EPS": 0.19,
        "Basic EPS": 0.2,
        "Diluted NI Availto Com Stockholders": 18266000.0,
        "Net Income Common Stockholders": 18266000.0,
        "Net Income": 18266000.0,
        "Net Income Including Noncontrolling Interests": 18266000.0,
        "Net Income Continuous Operations": 18266000.0,
        "Tax Provision": 10728000.0,
        "Pretax Income": 28994000.0,
        "Other Income Expense": NaN,
        "Special Income Charges": 0.0,
        "Other Special Charges": NaN,
        "Restructuring And Mergern Acquisition": 0.0,
        "Net Non Operating Interest Income Expense": -3541000.0,
        "Interest Expense Non Operating": 2226000.0,
        "Interest Income Non Operating": -1315000.0,
        "Operating Income": 32535000.0,
        "Operating Expense": 84544000.0,
        "Research And Development": 37111000.0,
        "Selling General And Administration": 47433000.0,
        "Selling And Marketing Expense": 13600000.0,
        "General And Administrative Expense": 33833000.0,
        "Other Gand A": 33833000.0,
        "Gross Profit": 117079000.0,
        "Cost Of Revenue": 87846000.0,
        "Total Revenue": 204925000.0,
        "Operating Revenue": 204925000.0
    },
    "2025-03-31": {
        "Tax Effect Of Unusual Items": 0.0,
        "Tax Rate For Calcs": 0.077,
        "Normalized EBITDA": 72798000.0,
        "Total Unusual Items": NaN,
        "Total Unusual Items Excluding Goodwill": NaN,
        "Net Income From Continuing Operation Net Minority Interest": 38204000.0,
        "Reconciled Depreciation": 29210000.0,
        "Reconciled Cost Of Revenue": 81259000.0,
        "EBITDA": 72798000.0,
        "EBIT": 43588000.0,
        "Net Interest Income": 3738000.0,
        "Interest Expense": 2208000.0,
        "Interest Income": 5946000.0,
        "Normalized Income": 38204000.0,
        "Net Income From Continuing And Discontinued Operation": 38204000.0,
        "Total Expenses": 173061000.0,
        "Total Operating Income As Reported": 37642000.0,
        "Diluted Average Shares": 102322000.0,
        "Basic Average Shares": 91988000.0,
        "Diluted EPS": 0.39,
        "Basic EPS": 0.42,
        "Diluted NI Availto Com Stockholders": 38204000.0,
        "Net Income Common Stockholders": 38204000.0,
        "Net Income": 38204000.0,
        "Net Income Including Noncontrolling Interests": 38204000.0,
        "Net Income Continuous Operations": 38204000.0,
        "Tax Provision": 3176000.0,
        "Pretax Income": 41380000.0,
        "Other Income Expense": NaN,
        "Special Income Charges": NaN,
        "Other Special Charges": NaN,
        "Restructuring And Mergern Acquisition": NaN,
        "Net Non Operating Interest Income Expense": 3738000.0,
        "Interest Expense Non Operating": 2208000.0,
        "Interest Income Non Operating": 5946000.0,
        "Operating Income": 37642000.0,
        "Operating Expense": 91802000.0,
        "Research And Development": 39594000.0,
        "Selling General And Administration": 52208000.0,
        "Selling And Marketing Expense": 19401000.0,
        "General And Administrative Expense": 32807000.0,
        "Other Gand A": 32807000.0,
        "Gross Profit": 129444000.0,
        "Cost Of Revenue": 81259000.0,
        "Total Revenue": 210703000.0,
        "Operating Revenue": 210703000.0
    },
    "2025-06-30": {
        "Tax Effect Of Unusual Items": -34432.0,
        "Tax Rate For Calcs": 0.128,
        "Normalized EBITDA": 77721000.0,
        "Total Unusual Items": -269000.0,
        "Total Unusual Items Excluding Goodwill": -269000.0,
        "Net Income From Continuing Operation Net Minority Interest": 37027000.0,
        "Reconciled Depreciation": 32765000.0,
        "Reconciled Cost Of Revenue": 87755000.0,
        "EBITDA": 77452000.0,
        "EBIT": 44687000.0,
        "Net Interest Income": 7098000.0,
        "Interest Expense": 2239000.0,
        "Interest Income": 9337000.0,
        "Normalized Income": 37261568.0,
        "Net Income From Continuing And Discontinued Operation": 37027000.0,
        "Total Expenses": 183081000.0,
        "Total Operating Income As Reported": 35619000.0,
        "Diluted Average Shares": 100617000.0,
        "Basic Average Shares": 91097000.0,
        "Diluted EPS": 0.39,
        "Basic EPS": 0.41,
        "Diluted NI Availto Com Stockholders": 37027000.0,
        "Net Income Common Stockholders": 37027000.0,
        "Net Income": 37027000.0,
        "Net Income Including Noncontrolling Interests": 37027000.0,
        "Net Income Continuous Operations": 37027000.0,
        "Tax Provision": 5421000.0,
        "Pretax Income": 42448000.0,
        "Other Income Expense": -269000.0,
        "Special Income Charges": -269000.0,
        "Other Special Charges": 269000.0,
        "Restructuring And Mergern Acquisition": NaN,
        "Net Non Operating Interest Income Expense": 7098000.0,
        "Interest Expense Non Operating": 2239000.0,
        "Interest Income Non Operating": 9337000.0,
        "Operating Income": 35619000.0,
        "Operating Expense": 95326000.0,
        "Research And Development": 39644000.0,
        "Selling General And Administration": 55682000.0,
        "Selling And Marketing Expense": 19288000.0,
        "General And Administrative Expense": 36394000.0,
        "Other Gand A": 36394000.0,
        "Gross Profit": 130945000.0,
        "Cost Of Revenue": 87755000.0,
        "Total Revenue": 218700000.0,
        "Operating Revenue": 218700000.0
    },
    "2025-09-30": {
        "Tax Effect Of Unusual Items": 10158330.0,
        "Tax Rate For Calcs": 0.21,
        "Normalized EBITDA": 82043000.0,
        "Total Unusual Items": 48373000.0,
        "Total Unusual Items Excluding Goodwill": 48373000.0,
        "Net Income From Continuing Operation Net Minority Interest": 158371000.0,
        "Reconciled Depreciation": 35060000.0,
        "Reconciled Cost Of Revenue": 92701000.0,
        "EBITDA": 130416000.0,
        "EBIT": 95356000.0,
        "Net Interest Income": -2991000.0,
        "Interest Expense": 5042000.0,
        "Interest Income": 2051000.0,
        "Normalized Income": 120156330.0,
        "Net Income From Continuing And Discontinued Operation": 158371000.0,
        "Total Expenses": 184702000.0,
        "Total Operating Income As Reported": 44932000.0,
        "Diluted Average Shares": 105520000.0,
        "Basic Average Shares": 91191000.0,
        "Diluted EPS": 1.51,
        "Basic EPS": 1.74,
        "Diluted NI Availto Com Stockholders": 158371000.0,
        "Net Income Common Stockholders": 158371000.0,
        "Net Income": 158371000.0,
        "Net Income Including Noncontrolling Interests": 158371000.0,
        "Net Income Continuous Operations": 158371000.0,
        "Tax Provision": -68057000.0,
        "Pretax Income": 90314000.0,
        "Other Income Expense": 48373000.0,
        "Special Income Charges": 48373000.0,
        "Other Special Charges": -48373000.0,
        "Restructuring And Mergern Acquisition": NaN,
        "Net Non Operating Interest Income Expense": -2991000.0,
        "Interest Expense Non Operating": 5042000.0,
        "Interest Income Non Operating": 2051000.0,
        "Operating Income": 44932000.0,
        "Operating Expense": 92001000.0,
        "Research And Development": 38119000.0,
        "Selling General And Administration": 53882000.0,
        "Selling And Marketing Expense": 21228000.0,
        "General And Administrative Expense": 32654000.0,
        "Other Gand A": 32654000.0,
        "Gross Profit": 136933000.0,
        "Cost Of Revenue": 92701000.0,
        "Total Revenue": 229634000.0,
        "Operating Revenue": 229634000.0
    }
}