{
    "2023-04-30": {
        "Tax Effect Of Unusual Items": NaN,
        "Tax Rate For Calcs": NaN,
        "Normalized EBITDA": NaN,
        "Total Unusual Items": NaN,
        "Total Unusual Items Excluding Goodwill": NaN,
        "Net Income From Continuing Operation Net Minority Interest": NaN,
        "Reconciled Depreciation": NaN,
        "Reconciled Cost Of Revenue": NaN,
        "EBITDA": NaN,
        "EBIT": NaN,
        "Net Interest Income": NaN,
        "Interest Expense": NaN,
        "Interest Income": NaN,
        "Normalized Income": NaN,
        "Net Income From Continuing And Discontinued Operation": NaN,
        "Total Expenses": NaN,
        "Total Operating Income As Reported": NaN,
        "Diluted Average Shares": NaN,
        "Basic Average Shares": NaN,
        "Diluted EPS": NaN,
        "Basic EPS": NaN,
        "Diluted NI Availto Com Stockholders": NaN,
        "Average Dilution Earnings": 357000.0,
        "Net Income Common Stockholders": NaN,
        "Otherunder Preferred Stock Dividend": -357000.0,
        "Net Income": NaN,
        "Net Income Including Noncontrolling Interests": NaN,
        "Net Income Continuous Operations": NaN,
        "Tax Provision": NaN,
        "Pretax Income": NaN,
        "Other Income Expense": NaN,
        "Special Income Charges": NaN,
        "Restructuring And Mergern Acquisition": NaN,
        "Net Non Operating Interest Income Expense": NaN,
        "Interest Expense Non Operating": NaN,
        "Interest Income Non Operating": NaN,
        "Operating Income": NaN,
        "Operating Expense": NaN,
        "Research And Development": NaN,
        "Selling General And Administration": NaN,
        "Selling And Marketing Expense": NaN,
        "General And Administrative Expense": NaN,
        "Other Gand A": NaN,
        "Salaries And Wages": 85668000.0,
        "Gross Profit": NaN,
        "Cost Of Revenue": NaN,
        "Total Revenue": NaN,
        "Operating Revenue": NaN
    },
    "2023-01-31": {
        "Tax Effect Of Unusual Items": NaN,
        "Tax Rate For Calcs": NaN,
        "Normalized EBITDA": NaN,
        "Total Unusual Items": NaN,
        "Total Unusual Items Excluding Goodwill": NaN,
        "Net Income From Continuing Operation Net Minority Interest": NaN,
        "Reconciled Depreciation": NaN,
        "Reconciled Cost Of Revenue": NaN,
        "EBITDA": NaN,
        "EBIT": NaN,
        "Net Interest Income": NaN,
        "Interest Expense": NaN,
        "Interest Income": NaN,
        "Normalized Income": NaN,
        "Net Income From Continuing And Discontinued Operation": NaN,
        "Total Expenses": NaN,
        "Total Operating Income As Reported": NaN,
        "Diluted Average Shares": 206260000.0,
        "Basic Average Shares": 201894000.0,
        "Diluted EPS": 0.02,
        "Basic EPS": 0.02,
        "Diluted NI Availto Com Stockholders": NaN,
        "Average Dilution Earnings": NaN,
        "Net Income Common Stockholders": NaN,
        "Otherunder Preferred Stock Dividend": NaN,
        "Net Income": NaN,
        "Net Income Including Noncontrolling Interests": NaN,
        "Net Income Continuous Operations": NaN,
        "Tax Provision": NaN,
        "Pretax Income": NaN,
        "Other Income Expense": NaN,
        "Special Income Charges": NaN,
        "Restructuring And Mergern Acquisition": NaN,
        "Net Non Operating Interest Income Expense": NaN,
        "Interest Expense Non Operating": NaN,
        "Interest Income Non Operating": NaN,
        "Operating Income": NaN,
        "Operating Expense": NaN,
        "Research And Development": NaN,
        "Selling General And Administration": NaN,
        "Selling And Marketing Expense": NaN,
        "General And Administrative Expense": NaN,
        "Other Gand A": NaN,
        "Salaries And Wages": NaN,
        "Gross Profit": NaN,
        "Cost Of Revenue": NaN,
        "Total Revenue": NaN,
        "Operating Revenue": NaN
    },
    "2022-10-31": {
        "Tax Effect Of Unusual Items": NaN,
        "Tax Rate For Calcs": NaN,
        "Normalized EBITDA": NaN,
        "Total Unusual Items": NaN,
        "Total Unusual Items Excluding Goodwill": NaN,
        "Net Income From Continuing Operation Net Minority Interest": NaN,
        "Reconciled Depreciation": NaN,
        "Reconciled Cost Of Revenue": NaN,
        "EBITDA": NaN,
        "EBIT": NaN,
        "Net Interest Income": NaN,
        "Interest Expense": NaN,
        "Interest Income": 820000.0,
        "Normalized Income": NaN,
        "Net Income From Continuing And Discontinued Operation": NaN,
        "Total Expenses": NaN,
        "Total Operating Income As Reported": NaN,
        "Diluted Average Shares": 201393000.0,
        "Basic Average Shares": 201393000.0,
        "Diluted EPS": -0.15,
        "Basic EPS": -0.15,
        "Diluted NI Availto Com Stockholders": NaN,
        "Net Income Common Stockholders": NaN,
        "Otherunder Preferred Stock Dividend": NaN,
        "Net Income": NaN,
        "Net Income Including Noncontrolling Interests": NaN,
        "Net Income Continuous Operations": NaN,
        "Tax Provision": NaN,
        "Pretax Income": NaN,
        "Other Income Expense": NaN,
        "Special Income Charges": NaN,
        "Restructuring And Mergern Acquisition": NaN,
        "Net Non Operating Interest Income Expense": NaN,
        "Interest Expense Non Operating": NaN,
        "Interest Income Non Operating": 820000.0,
        "Operating Income": NaN,
        "Operating Expense": NaN,
        "Research And Development": NaN,
        "Selling General And Administration": NaN,
        "Selling And Marketing Expense": NaN,
        "General And Administrative Expense": NaN,
        "Other Gand A": NaN,
        "Salaries And Wages": NaN,
        "Gross Profit": NaN,
        "Cost Of Revenue": NaN,
        "Total Revenue": NaN,
        "Operating Revenue": NaN
    },
    "2022-07-31": {
        "Tax Effect Of Unusual Items": 0.0,
        "Tax Rate For Calcs": 0.4,
        "Normalized EBITDA": -18944000.0,
        "Total Unusual Items": NaN,
        "Total Unusual Items Excluding Goodwill": NaN,
        "Net Income From Continuing Operation Net Minority Interest": -45078000.0,
        "Reconciled Depreciation": 21143000.0,
        "Reconciled Cost Of Revenue": 136704000.0,
        "EBITDA": -18944000.0,
        "EBIT": -40087000.0,
        "Net Interest Income": -629000.0,
        "Interest Expense": 1632000.0,
        "Interest Income": 1003000.0,
        "Normalized Income": -45078000.0,
        "Net Income From Continuing And Discontinued Operation": -45078000.0,
        "Total Expenses": 663274000.0,
        "Total Operating Income As Reported": -41090000.0,
        "Diluted Average Shares": 200618000.0,
        "Basic Average Shares": 200618000.0,
        "Diluted EPS": -0.22,
        "Basic EPS": -0.22,
        "Diluted NI Availto Com Stockholders": -45078000.0,
        "Net Income Common Stockholders": -45078000.0,
        "Otherunder Preferred Stock Dividend": NaN,
        "Net Income": -45078000.0,
        "Net Income Including Noncontrolling Interests": -45078000.0,
        "Net Income Continuous Operations": -45078000.0,
        "Tax Provision": 3359000.0,
        "Pretax Income": -41719000.0,
        "Other Income Expense": NaN,
        "Special Income Charges": NaN,
        "Restructuring And Mergern Acquisition": NaN,
        "Net Non Operating Interest Income Expense": -629000.0,
        "Interest Expense Non Operating": 1632000.0,
        "Interest Income Non Operating": 1003000.0,
        "Operating Income": -41090000.0,
        "Operating Expense": 526570000.0,
        "Research And Development": 126532000.0,
        "Selling General And Administration": 400038000.0,
        "Selling And Marketing Expense": 323582000.0,
        "General And Administrative Expense": 76456000.0,
        "Other Gand A": 76456000.0,
        "Salaries And Wages": NaN,
        "Gross Profit": 485480000.0,
        "Cost Of Revenue": 136704000.0,
        "Total Revenue": 622184000.0,
        "Operating Revenue": 622184000.0
    },
    "2022-04-30": {
        "Diluted EPS": -0.14,
        "Total Revenue": 589,
        "Gross Profit": 456,
        "Operating Income": -19,
        "EBIT": 47,
        "Net Income": -27
    },
    "2022-01-31": {
        "Diluted EPS": -0.16,
        "Total Revenue": 581,
        "Gross Profit": 449,
        "Operating Income": -25,
        "EBIT": 41,
        "Net Income": -30
    },
    "2021-10-31": {
        "Diluted EPS": -0.03,
        "Total Revenue": 545,
        "Gross Profit": 429,
        "Operating Income": -3,
        "EBIT": 55,
        "Net Income": -6
    },
    "2021-07-31": {
        "Diluted EPS": -0.13,
        "Total Revenue": 512,
        "Gross Profit": 398,
        "Operating Income": -23,
        "EBIT": 32,
        "Net Income": -26
    },
    "2021-04-30": {
        "Diluted EPS": -0.04,
        "Total Revenue": 469,
        "Gross Profit": 364,
        "Operating Income": -11,
        "EBIT": 42,
        "Net Income": -8
    },
    "2021-01-31": {
        "Diluted EPS": -0.39,
        "Total Revenue": 431,
        "Gross Profit": 329,
        "Operating Income": -25,
        "EBIT": 31,
        "Net Income": -72
    },
    "2020-10-31": {
        "Diluted EPS": -0.31,
        "Total Revenue": 383,
        "Gross Profit": 285,
        "Operating Income": -48,
        "EBIT": 4,
        "Net Income": -58
    },
    "2020-07-31": {
        "Diluted EPS": -0.35,
        "Total Revenue": 342,
        "Gross Profit": 252,
        "Operating Income": -59,
        "EBIT": -10,
        "Net Income": -65
    },
    "2020-04-30": {
        "Diluted EPS": -0.26,
        "Total Revenue": 297,
        "Gross Profit": 223,
        "Operating Income": -42,
        "EBIT": 0,
        "Net Income": -48
    },
    "2020-01-31": {
        "Diluted EPS": -0.26,
        "Total Revenue": 275,
        "Gross Profit": 207,
        "Operating Income": -42,
        "EBIT": -2,
        "Net Income": -47
    },
    "2019-10-31": {
        "Diluted EPS": -0.26,
        "Total Revenue": 250,
        "Gross Profit": 188,
        "Operating Income": -44,
        "EBIT": -6,
        "Net Income": -47
    },
    "2019-07-31": {
        "Diluted EPS": -0.39,
        "Total Revenue": 236,
        "Gross Profit": 174,
        "Operating Income": -65,
        "EBIT": -29,
        "Net Income": -69
    },
    "2019-04-30": {
        "Diluted EPS": -0.27,
        "Total Revenue": 214,
        "Gross Profit": 162,
        "Operating Income": -42,
        "EBIT": -10,
        "Net Income": -46
    },
    "2019-01-31": {
        "Diluted EPS": 4.83,
        "Total Revenue": 200,
        "Gross Profit": 147,
        "Operating Income": -63,
        "EBIT": -32,
        "Net Income": -66
    },
    "2018-10-31": {
        "Diluted EPS": -0.31,
        "Total Revenue": 178,
        "Gross Profit": 133,
        "Operating Income": -58,
        "EBIT": -34,
        "Net Income": -53
    },
    "2018-07-31": {
        "Diluted EPS": -0.22,
        "Total Revenue": 167,
        "Gross Profit": 131,
        "Operating Income": -38,
        "EBIT": -21,
        "Net Income": -37
    },
    "2018-04-30": {
        "Diluted EPS": -7.46,
        "Total Revenue": 156,
        "Gross Profit": 98,
        "Operating Income": -268,
        "EBIT": -250,
        "Net Income": -271
    },
    "2018-01-31": {
        "Diluted EPS": -0.16,
        "Total Revenue": 149,
        "Gross Profit": 117,
        "Operating Income": -6,
        "EBIT": 10,
        "Net Income": -6
    },
    "2017-10-31": {
        "Diluted EPS": -0.45,
        "Total Revenue": 131,
        "Gross Profit": 99,
        "Operating Income": -12,
        "EBIT": 4,
        "Net Income": -15
    },
    "2017-07-31": {
        "Diluted EPS": -0.39,
        "Total Revenue": 126,
        "Gross Profit": 97,
        "Operating Income": -14,
        "EBIT": 1,
        "Net Income": -12
    },
    "2017-04-30": {
        "Diluted EPS": -0.66,
        "Total Revenue": 113,
        "Gross Profit": 86,
        "Operating Income": -19,
        "EBIT": -5,
        "Net Income": -20
    },
    "2017-01-31": {
        "Diluted EPS": 0.0,
        "Total Revenue": NaN,
        "Gross Profit": NaN,
        "Operating Income": NaN,
        "EBIT": NaN,
        "Net Income": NaN
    },
    "2023-07-31": {
        "Tax Effect Of Unusual Items": NaN,
        "Tax Rate For Calcs": NaN,
        "Normalized EBITDA": NaN,
        "Total Unusual Items": NaN,
        "Total Unusual Items Excluding Goodwill": NaN,
        "Net Income From Continuing Operation Net Minority Interest": NaN,
        "Reconciled Depreciation": NaN,
        "Reconciled Cost Of Revenue": NaN,
        "EBITDA": NaN,
        "EBIT": NaN,
        "Net Interest Income": NaN,
        "Interest Expense": NaN,
        "Interest Income": NaN,
        "Normalized Income": NaN,
        "Net Income From Continuing And Discontinued Operation": NaN,
        "Total Expenses": NaN,
        "Total Operating Income As Reported": NaN,
        "Diluted Average Shares": NaN,
        "Basic Average Shares": NaN,
        "Diluted EPS": NaN,
        "Basic EPS": NaN,
        "Diluted NI Availto Com Stockholders": NaN,
        "Average Dilution Earnings": NaN,
        "Net Income Common Stockholders": NaN,
        "Otherunder Preferred Stock Dividend": -46000.0,
        "Net Income": NaN,
        "Net Income Including Noncontrolling Interests": NaN,
        "Net Income Continuous Operations": NaN,
        "Tax Provision": NaN,
        "Pretax Income": NaN,
        "Other Income Expense": NaN,
        "Special Income Charges": NaN,
        "Restructuring And Mergern Acquisition": NaN,
        "Net Non Operating Interest Income Expense": NaN,
        "Interest Expense Non Operating": NaN,
        "Interest Income Non Operating": NaN,
        "Operating Income": NaN,
        "Operating Expense": NaN,
        "Research And Development": NaN,
        "Selling General And Administration": NaN,
        "Selling And Marketing Expense": NaN,
        "General And Administrative Expense": NaN,
        "Other Gand A": NaN,
        "Salaries And Wages": 86155000.0,
        "Gross Profit": NaN,
        "Cost Of Revenue": NaN,
        "Total Revenue": NaN,
        "Operating Revenue": NaN
    },
    "2023-10-31": {
        "Tax Effect Of Unusual Items": NaN,
        "Tax Rate For Calcs": NaN,
        "Normalized EBITDA": NaN,
        "Total Unusual Items": NaN,
        "Total Unusual Items Excluding Goodwill": NaN,
        "Net Income From Continuing Operation Net Minority Interest": NaN,
        "Reconciled Depreciation": NaN,
        "Reconciled Cost Of Revenue": NaN,
        "EBITDA": NaN,
        "EBIT": NaN,
        "Net Interest Income": NaN,
        "Interest Expense": NaN,
        "Interest Income": NaN,
        "Normalized Income": NaN,
        "Net Income From Continuing And Discontinued Operation": NaN,
        "Total Expenses": NaN,
        "Total Operating Income As Reported": NaN,
        "Diluted Average Shares": NaN,
        "Basic Average Shares": NaN,
        "Diluted EPS": NaN,
        "Basic EPS": NaN,
        "Diluted NI Availto Com Stockholders": NaN,
        "Average Dilution Earnings": 22000.0,
        "Net Income Common Stockholders": NaN,
        "Otherunder Preferred Stock Dividend": NaN,
        "Net Income": NaN,
        "Net Income Including Noncontrolling Interests": NaN,
        "Net Income Continuous Operations": NaN,
        "Tax Provision": NaN,
        "Pretax Income": NaN,
        "Other Income Expense": -710000.0,
        "Special Income Charges": NaN,
        "Restructuring And Mergern Acquisition": NaN,
        "Net Non Operating Interest Income Expense": NaN,
        "Interest Expense Non Operating": NaN,
        "Interest Income Non Operating": NaN,
        "Operating Income": NaN,
        "Operating Expense": NaN,
        "Research And Development": NaN,
        "Selling General And Administration": NaN,
        "Selling And Marketing Expense": NaN,
        "General And Administrative Expense": NaN,
        "Other Gand A": NaN,
        "Gross Profit": NaN,
        "Cost Of Revenue": NaN,
        "Total Revenue": NaN,
        "Operating Revenue": NaN
    },
    "2024-01-31": {
        "Tax Effect Of Unusual Items": NaN,
        "Tax Rate For Calcs": NaN,
        "Normalized EBITDA": NaN,
        "Total Unusual Items": NaN,
        "Total Unusual Items Excluding Goodwill": NaN,
        "Net Income From Continuing Operation Net Minority Interest": NaN,
        "Reconciled Depreciation": NaN,
        "Reconciled Cost Of Revenue": NaN,
        "EBITDA": NaN,
        "EBIT": NaN,
        "Net Interest Income": NaN,
        "Interest Expense": NaN,
        "Interest Income": NaN,
        "Normalized Income": NaN,
        "Net Income From Continuing And Discontinued Operation": NaN,
        "Total Expenses": NaN,
        "Total Operating Income As Reported": NaN,
        "Diluted Average Shares": NaN,
        "Basic Average Shares": NaN,
        "Diluted EPS": NaN,
        "Basic EPS": NaN,
        "Diluted NI Availto Com Stockholders": NaN,
        "Average Dilution Earnings": NaN,
        "Net Income Common Stockholders": NaN,
        "Otherunder Preferred Stock Dividend": NaN,
        "Net Income": NaN,
        "Net Income Including Noncontrolling Interests": NaN,
        "Net Income Continuous Operations": NaN,
        "Tax Provision": NaN,
        "Pretax Income": NaN,
        "Other Income Expense": -88000.0,
        "Special Income Charges": NaN,
        "Restructuring And Mergern Acquisition": NaN,
        "Net Non Operating Interest Income Expense": NaN,
        "Interest Expense Non Operating": NaN,
        "Interest Income Non Operating": NaN,
        "Operating Income": NaN,
        "Operating Expense": NaN,
        "Research And Development": NaN,
        "Selling General And Administration": NaN,
        "Selling And Marketing Expense": NaN,
        "General And Administrative Expense": NaN,
        "Other Gand A": NaN,
        "Gross Profit": NaN,
        "Cost Of Revenue": NaN,
        "Total Revenue": NaN,
        "Operating Revenue": NaN
    },
    "2024-04-30": {
        "Tax Effect Of Unusual Items": NaN,
        "Tax Rate For Calcs": NaN,
        "Normalized EBITDA": NaN,
        "Total Unusual Items": NaN,
        "Total Unusual Items Excluding Goodwill": NaN,
        "Net Income From Continuing Operation Net Minority Interest": NaN,
        "Reconciled Depreciation": NaN,
        "Reconciled Cost Of Revenue": NaN,
        "EBITDA": NaN,
        "EBIT": NaN,
        "Net Interest Income": NaN,
        "Interest Expense": NaN,
        "Interest Income": NaN,
        "Normalized Income": NaN,
        "Net Income From Continuing And Discontinued Operation": NaN,
        "Total Expenses": NaN,
        "Total Operating Income As Reported": NaN,
        "Diluted Average Shares": 209896000.0,
        "Basic Average Shares": 205870000.0,
        "Diluted EPS": 0.16,
        "Basic EPS": 0.16,
        "Diluted NI Availto Com Stockholders": NaN,
        "Average Dilution Earnings": 0.0,
        "Net Income Common Stockholders": NaN,
        "Otherunder Preferred Stock Dividend": NaN,
        "Net Income": NaN,
        "Net Income Including Noncontrolling Interests": NaN,
        "Net Income Continuous Operations": NaN,
        "Tax Provision": NaN,
        "Pretax Income": NaN,
        "Other Income Expense": -29124000.0,
        "Special Income Charges": NaN,
        "Restructuring And Mergern Acquisition": NaN,
        "Net Non Operating Interest Income Expense": NaN,
        "Interest Expense Non Operating": NaN,
        "Interest Income Non Operating": NaN,
        "Operating Income": NaN,
        "Operating Expense": NaN,
        "Research And Development": NaN,
        "Selling General And Administration": NaN,
        "Selling And Marketing Expense": NaN,
        "General And Administrative Expense": NaN,
        "Other Gand A": NaN,
        "Gross Profit": NaN,
        "Cost Of Revenue": NaN,
        "Total Revenue": NaN,
        "Operating Revenue": NaN
    },
    "2024-07-31": {
        "Tax Effect Of Unusual Items": -125370.0,
        "Tax Rate For Calcs": 0.21,
        "Normalized EBITDA": 100050000.0,
        "Total Unusual Items": -597000.0,
        "Total Unusual Items Excluding Goodwill": -597000.0,
        "Net Income From Continuing Operation Net Minority Interest": 888211000.0,
        "Reconciled Depreciation": 27022000.0,
        "Reconciled Cost Of Revenue": 155465000.0,
        "EBITDA": 99453000.0,
        "EBIT": 72431000.0,
        "Net Interest Income": 14086000.0,
        "Interest Expense": 544000.0,
        "Interest Income": 14630000.0,
        "Normalized Income": 888682630.0,
        "Net Income From Continuing And Discontinued Operation": 888211000.0,
        "Total Expenses": 677629000.0,
        "Total Operating Income As Reported": 57801000.0,
        "Diluted Average Shares": 208274000.0,
        "Basic Average Shares": 204604000.0,
        "Diluted EPS": 4.26,
        "Basic EPS": 4.34,
        "Diluted NI Availto Com Stockholders": 888211000.0,
        "Average Dilution Earnings": NaN,
        "Net Income Common Stockholders": 888211000.0,
        "Otherunder Preferred Stock Dividend": 0.0,
        "Net Income": 888211000.0,
        "Net Income Including Noncontrolling Interests": 888211000.0,
        "Net Income Continuous Operations": 888211000.0,
        "Tax Provision": -816324000.0,
        "Pretax Income": 71887000.0,
        "Other Income Expense": -597000.0,
        "Special Income Charges": -597000.0,
        "Restructuring And Mergern Acquisition": 597000.0,
        "Net Non Operating Interest Income Expense": 14086000.0,
        "Interest Expense Non Operating": 544000.0,
        "Interest Income Non Operating": 14630000.0,
        "Operating Income": 58398000.0,
        "Operating Expense": 522164000.0,
        "Research And Development": 147571000.0,
        "Selling General And Administration": 374593000.0,
        "Selling And Marketing Expense": 287464000.0,
        "General And Administrative Expense": 87129000.0,
        "Other Gand A": 87129000.0,
        "Gross Profit": 580562000.0,
        "Cost Of Revenue": 155465000.0,
        "Total Revenue": 736027000.0,
        "Operating Revenue": 736027000.0
    },
    "2024-10-31": {
        "Tax Effect Of Unusual Items": 0.0,
        "Tax Rate For Calcs": 0.127854,
        "Normalized EBITDA": 99605000.0,
        "Total Unusual Items": 0.0,
        "Total Unusual Items Excluding Goodwill": 0.0,
        "Net Income From Continuing Operation Net Minority Interest": 62423000.0,
        "Reconciled Depreciation": 27569000.0,
        "Reconciled Cost Of Revenue": 156537000.0,
        "EBITDA": 99605000.0,
        "EBIT": 72036000.0,
        "Net Interest Income": 12544000.0,
        "Interest Expense": 462000.0,
        "Interest Income": 13006000.0,
        "Normalized Income": 62423000.0,
        "Net Income From Continuing And Discontinued Operation": 62423000.0,
        "Total Expenses": 695790000.0,
        "Total Operating Income As Reported": 59030000.0,
        "Diluted Average Shares": 208706000.0,
        "Basic Average Shares": 203567000.0,
        "Diluted EPS": 0.3,
        "Basic EPS": 0.31,
        "Diluted NI Availto Com Stockholders": 62423000.0,
        "Average Dilution Earnings": 0.0,
        "Net Income Common Stockholders": 62423000.0,
        "Otherunder Preferred Stock Dividend": NaN,
        "Net Income": 62423000.0,
        "Net Income Including Noncontrolling Interests": 62423000.0,
        "Net Income Continuous Operations": 62423000.0,
        "Tax Provision": 9151000.0,
        "Pretax Income": 71574000.0,
        "Other Income Expense": NaN,
        "Special Income Charges": 0.0,
        "Restructuring And Mergern Acquisition": 0.0,
        "Net Non Operating Interest Income Expense": 12544000.0,
        "Interest Expense Non Operating": 462000.0,
        "Interest Income Non Operating": 13006000.0,
        "Operating Income": 59030000.0,
        "Operating Expense": 539253000.0,
        "Research And Development": 151101000.0,
        "Selling General And Administration": 388152000.0,
        "Selling And Marketing Expense": 290597000.0,
        "General And Administrative Expense": 97555000.0,
        "Other Gand A": 97555000.0,
        "Gross Profit": 598283000.0,
        "Cost Of Revenue": 156537000.0,
        "Total Revenue": 754820000.0,
        "Operating Revenue": 754820000.0
    },
    "2025-01-31": {
        "Tax Effect Of Unusual Items": 0.0,
        "Tax Rate For Calcs": 0.21,
        "Normalized EBITDA": 96994000.0,
        "Total Unusual Items": 0.0,
        "Total Unusual Items Excluding Goodwill": 0.0,
        "Net Income From Continuing Operation Net Minority Interest": 83491000.0,
        "Reconciled Depreciation": 28707000.0,
        "Reconciled Cost Of Revenue": 160211000.0,
        "EBITDA": 96994000.0,
        "EBIT": 68287000.0,
        "Net Interest Income": 7418000.0,
        "Interest Expense": 400000.0,
        "Interest Income": 7818000.0,
        "Normalized Income": 83491000.0,
        "Net Income From Continuing And Discontinued Operation": 83491000.0,
        "Total Expenses": 715783000.0,
        "Total Operating Income As Reported": 60469000.0,
        "Diluted Average Shares": NaN,
        "Basic Average Shares": NaN,
        "Diluted EPS": NaN,
        "Basic EPS": NaN,
        "Diluted NI Availto Com Stockholders": 83491000.0,
        "Average Dilution Earnings": 0.0,
        "Net Income Common Stockholders": 83491000.0,
        "Otherunder Preferred Stock Dividend": NaN,
        "Net Income": 83491000.0,
        "Net Income Including Noncontrolling Interests": 83491000.0,
        "Net Income Continuous Operations": 83491000.0,
        "Tax Provision": -15604000.0,
        "Pretax Income": 67887000.0,
        "Other Income Expense": 0.0,
        "Special Income Charges": 0.0,
        "Restructuring And Mergern Acquisition": 0.0,
        "Net Non Operating Interest Income Expense": 7418000.0,
        "Interest Expense Non Operating": 400000.0,
        "Interest Income Non Operating": 7818000.0,
        "Operating Income": 60469000.0,
        "Operating Expense": 555572000.0,
        "Research And Development": 155463000.0,
        "Selling General And Administration": 400109000.0,
        "Selling And Marketing Expense": 301288000.0,
        "General And Administrative Expense": 98821000.0,
        "Other Gand A": 98821000.0,
        "Gross Profit": 616041000.0,
        "Cost Of Revenue": 160211000.0,
        "Total Revenue": 776252000.0,
        "Operating Revenue": 776252000.0
    },
    "2025-04-30": {
        "Tax Effect Of Unusual Items": 0.0,
        "Tax Rate For Calcs": 0.023079,
        "Normalized EBITDA": 104637000.0,
        "Total Unusual Items": 0.0,
        "Total Unusual Items Excluding Goodwill": 0.0,
        "Net Income From Continuing Operation Net Minority Interest": 72087000.0,
        "Reconciled Depreciation": 30369000.0,
        "Reconciled Cost Of Revenue": 157269000.0,
        "EBITDA": 104637000.0,
        "EBIT": 74268000.0,
        "Net Interest Income": 13535000.0,
        "Interest Expense": 478000.0,
        "Interest Income": 14013000.0,
        "Normalized Income": 72087000.0,
        "Net Income From Continuing And Discontinued Operation": 72087000.0,
        "Total Expenses": 703399000.0,
        "Total Operating Income As Reported": 60255000.0,
        "Diluted Average Shares": 212812000.0,
        "Basic Average Shares": 203280000.0,
        "Diluted EPS": 0.34,
        "Basic EPS": 0.35,
        "Diluted NI Availto Com Stockholders": 72087000.0,
        "Average Dilution Earnings": NaN,
        "Net Income Common Stockholders": 72087000.0,
        "Otherunder Preferred Stock Dividend": NaN,
        "Net Income": 72087000.0,
        "Net Income Including Noncontrolling Interests": 72087000.0,
        "Net Income Continuous Operations": 72087000.0,
        "Tax Provision": 1703000.0,
        "Pretax Income": 73790000.0,
        "Other Income Expense": NaN,
        "Special Income Charges": 0.0,
        "Restructuring And Mergern Acquisition": 0.0,
        "Net Non Operating Interest Income Expense": 13535000.0,
        "Interest Expense Non Operating": 478000.0,
        "Interest Income Non Operating": 14013000.0,
        "Operating Income": 60255000.0,
        "Operating Expense": 546130000.0,
        "Research And Development": 159447000.0,
        "Selling General And Administration": 386683000.0,
        "Selling And Marketing Expense": 296413000.0,
        "General And Administrative Expense": 90270000.0,
        "Other Gand A": 90270000.0,
        "Gross Profit": 606385000.0,
        "Cost Of Revenue": 157269000.0,
        "Total Revenue": 763654000.0,
        "Operating Revenue": 763654000.0
    },
    "2025-07-31": {
        "Tax Effect Of Unusual Items": 0.0,
        "Tax Rate For Calcs": 0.176432,
        "Normalized EBITDA": 106168000.0,
        "Total Unusual Items": 0.0,
        "Total Unusual Items Excluding Goodwill": 0.0,
        "Net Income From Continuing Operation Net Minority Interest": 62970000.0,
        "Reconciled Depreciation": 28880000.0,
        "Reconciled Cost Of Revenue": 165463000.0,
        "EBITDA": 106168000.0,
        "EBIT": 77288000.0,
        "Net Interest Income": 11233000.0,
        "Interest Expense": 828000.0,
        "Interest Income": 12061000.0,
        "Normalized Income": 62970000.0,
        "Net Income From Continuing And Discontinued Operation": 62970000.0,
        "Total Expenses": 735409000.0,
        "Total Operating Income As Reported": 65227000.0,
        "Diluted Average Shares": 210956000.0,
        "Basic Average Shares": 202644000.0,
        "Diluted EPS": 0.3,
        "Basic EPS": 0.31,
        "Diluted NI Availto Com Stockholders": 62970000.0,
        "Average Dilution Earnings": NaN,
        "Net Income Common Stockholders": 62970000.0,
        "Otherunder Preferred Stock Dividend": NaN,
        "Net Income": 62970000.0,
        "Net Income Including Noncontrolling Interests": 62970000.0,
        "Net Income Continuous Operations": 62970000.0,
        "Tax Provision": 13490000.0,
        "Pretax Income": 76460000.0,
        "Other Income Expense": NaN,
        "Special Income Charges": 0.0,
        "Restructuring And Mergern Acquisition": 0.0,
        "Net Non Operating Interest Income Expense": 11233000.0,
        "Interest Expense Non Operating": 828000.0,
        "Interest Income Non Operating": 12061000.0,
        "Operating Income": 65227000.0,
        "Operating Expense": 569946000.0,
        "Research And Development": 169630000.0,
        "Selling General And Administration": 400316000.0,
        "Selling And Marketing Expense": 305450000.0,
        "General And Administrative Expense": 94866000.0,
        "Other Gand A": 94866000.0,
        "Gross Profit": 635173000.0,
        "Cost Of Revenue": 165463000.0,
        "Total Revenue": 800636000.0,
        "Operating Revenue": 800636000.0
    }
}