{
    "2023-04-30": {
        "Tax Effect Of Unusual Items": 0.0,
        "Tax Rate For Calcs": 0.21,
        "Normalized EBITDA": -18218000.0,
        "Total Unusual Items": NaN,
        "Total Unusual Items Excluding Goodwill": NaN,
        "Net Income From Continuing Operation Net Minority Interest": -24403000.0,
        "Reconciled Depreciation": 1491000.0,
        "Reconciled Cost Of Revenue": 18569000.0,
        "EBITDA": -18218000.0,
        "EBIT": -19709000.0,
        "Normalized Income": -24403000.0,
        "Net Income From Continuing And Discontinued Operation": -24403000.0,
        "Total Expenses": 99167000.0,
        "Total Operating Income As Reported": -19709000.0,
        "Diluted Average Shares": 35222000.0,
        "Basic Average Shares": 35222000.0,
        "Diluted EPS": -0.69,
        "Basic EPS": -0.69,
        "Diluted NI Availto Com Stockholders": -24403000.0,
        "Net Income Common Stockholders": -24403000.0,
        "Net Income": -24403000.0,
        "Net Income Including Noncontrolling Interests": -24403000.0,
        "Net Income Continuous Operations": -24403000.0,
        "Tax Provision": 199000.0,
        "Pretax Income": -24204000.0,
        "Other Income Expense": -4495000.0,
        "Other Non Operating Income Expenses": -4495000.0,
        "Special Income Charges": NaN,
        "Restructuring And Mergern Acquisition": NaN,
        "Operating Income": -19709000.0,
        "Operating Expense": 80598000.0,
        "Research And Development": 23435000.0,
        "Selling General And Administration": 57163000.0,
        "Selling And Marketing Expense": 43162000.0,
        "General And Administrative Expense": 14001000.0,
        "Other Gand A": 14001000.0,
        "Insurance And Claims": NaN,
        "Salaries And Wages": NaN,
        "Gross Profit": 60889000.0,
        "Cost Of Revenue": 18569000.0,
        "Total Revenue": 79458000.0,
        "Operating Revenue": 79458000.0
    },
    "2023-01-31": {
        "Tax Effect Of Unusual Items": 0.0,
        "Tax Rate For Calcs": 0.21,
        "Normalized EBITDA": -14884000.0,
        "Total Unusual Items": NaN,
        "Total Unusual Items Excluding Goodwill": NaN,
        "Net Income From Continuing Operation Net Minority Interest": -19813000.0,
        "Reconciled Depreciation": 1201000.0,
        "Reconciled Cost Of Revenue": 18190000.0,
        "EBITDA": -14884000.0,
        "EBIT": -16085000.0,
        "Normalized Income": -19813000.0,
        "Net Income From Continuing And Discontinued Operation": -19813000.0,
        "Total Expenses": 95709000.0,
        "Total Operating Income As Reported": -16085000.0,
        "Diluted Average Shares": 34681000.0,
        "Basic Average Shares": 34681000.0,
        "Diluted EPS": -0.57,
        "Basic EPS": -0.57,
        "Diluted NI Availto Com Stockholders": -19813000.0,
        "Net Income Common Stockholders": -19813000.0,
        "Net Income": -19813000.0,
        "Net Income Including Noncontrolling Interests": -19813000.0,
        "Net Income Continuous Operations": -19813000.0,
        "Tax Provision": 612000.0,
        "Pretax Income": -19201000.0,
        "Other Income Expense": -3116000.0,
        "Other Non Operating Income Expenses": -3116000.0,
        "Special Income Charges": NaN,
        "Restructuring And Mergern Acquisition": NaN,
        "Operating Income": -16085000.0,
        "Operating Expense": 77519000.0,
        "Research And Development": 21985000.0,
        "Selling General And Administration": 55534000.0,
        "Selling And Marketing Expense": 42001000.0,
        "General And Administrative Expense": 13533000.0,
        "Other Gand A": 13533000.0,
        "Insurance And Claims": NaN,
        "Salaries And Wages": NaN,
        "Gross Profit": 61434000.0,
        "Cost Of Revenue": 18190000.0,
        "Total Revenue": 79624000.0,
        "Operating Revenue": 79624000.0
    },
    "2022-10-31": {
        "Tax Effect Of Unusual Items": 0.0,
        "Tax Rate For Calcs": 0.21,
        "Normalized EBITDA": -17243000.0,
        "Total Unusual Items": NaN,
        "Total Unusual Items Excluding Goodwill": NaN,
        "Net Income From Continuing Operation Net Minority Interest": -23711000.0,
        "Reconciled Depreciation": 1269000.0,
        "Reconciled Cost Of Revenue": 18914000.0,
        "EBITDA": -17243000.0,
        "EBIT": -18512000.0,
        "Normalized Income": -23711000.0,
        "Net Income From Continuing And Discontinued Operation": -23711000.0,
        "Total Expenses": 97538000.0,
        "Total Operating Income As Reported": -18512000.0,
        "Diluted Average Shares": 34392000.0,
        "Basic Average Shares": 34392000.0,
        "Diluted EPS": -0.69,
        "Basic EPS": -0.69,
        "Diluted NI Availto Com Stockholders": -23711000.0,
        "Net Income Common Stockholders": -23711000.0,
        "Net Income": -23711000.0,
        "Net Income Including Noncontrolling Interests": -23711000.0,
        "Net Income Continuous Operations": -23711000.0,
        "Tax Provision": 167000.0,
        "Pretax Income": -23544000.0,
        "Other Income Expense": -5032000.0,
        "Other Non Operating Income Expenses": -5032000.0,
        "Special Income Charges": NaN,
        "Restructuring And Mergern Acquisition": NaN,
        "Operating Income": -18512000.0,
        "Operating Expense": 78624000.0,
        "Research And Development": 24583000.0,
        "Selling General And Administration": 54041000.0,
        "Selling And Marketing Expense": 41012000.0,
        "General And Administrative Expense": 13029000.0,
        "Other Gand A": 13029000.0,
        "Insurance And Claims": NaN,
        "Salaries And Wages": NaN,
        "Gross Profit": 60112000.0,
        "Cost Of Revenue": 18914000.0,
        "Total Revenue": 79026000.0,
        "Operating Revenue": 79026000.0
    },
    "2022-07-31": {
        "Tax Effect Of Unusual Items": 0.0,
        "Tax Rate For Calcs": 0.4,
        "Normalized EBITDA": -24428000.0,
        "Total Unusual Items": NaN,
        "Total Unusual Items Excluding Goodwill": NaN,
        "Net Income From Continuing Operation Net Minority Interest": -29139000.0,
        "Reconciled Depreciation": 1213000.0,
        "Reconciled Cost Of Revenue": 18313000.0,
        "EBITDA": -24428000.0,
        "EBIT": -25641000.0,
        "Normalized Income": -29139000.0,
        "Net Income From Continuing And Discontinued Operation": -29139000.0,
        "Total Expenses": 101172000.0,
        "Total Operating Income As Reported": -25641000.0,
        "Diluted Average Shares": 33973000.0,
        "Basic Average Shares": 33973000.0,
        "Diluted EPS": -0.86,
        "Basic EPS": -0.86,
        "Diluted NI Availto Com Stockholders": -29139000.0,
        "Net Income Common Stockholders": -29139000.0,
        "Net Income": -29139000.0,
        "Net Income Including Noncontrolling Interests": -29139000.0,
        "Net Income Continuous Operations": -29139000.0,
        "Tax Provision": 212000.0,
        "Pretax Income": -28927000.0,
        "Other Income Expense": -3286000.0,
        "Other Non Operating Income Expenses": -3286000.0,
        "Special Income Charges": NaN,
        "Restructuring And Mergern Acquisition": NaN,
        "Operating Income": -25641000.0,
        "Operating Expense": 82859000.0,
        "Research And Development": 25334000.0,
        "Selling General And Administration": 57525000.0,
        "Selling And Marketing Expense": 44700000.0,
        "General And Administrative Expense": 12825000.0,
        "Other Gand A": 12825000.0,
        "Insurance And Claims": NaN,
        "Salaries And Wages": NaN,
        "Gross Profit": 57218000.0,
        "Cost Of Revenue": 18313000.0,
        "Total Revenue": 75531000.0,
        "Operating Revenue": 75531000.0
    },
    "2022-04-30": {
        "Diluted EPS": -0.99,
        "Total Revenue": 74,
        "Gross Profit": 57,
        "Operating Income": -29,
        "EBIT": -23,
        "Net Income": -33
    },
    "2022-01-31": {
        "Diluted EPS": -1.03,
        "Total Revenue": 70,
        "Gross Profit": 51,
        "Operating Income": -30,
        "EBIT": -24,
        "Net Income": -33
    },
    "2021-10-31": {
        "Diluted EPS": -0.88,
        "Total Revenue": 65,
        "Gross Profit": 48,
        "Operating Income": -25,
        "EBIT": -20,
        "Net Income": -29
    },
    "2021-07-31": {
        "Diluted EPS": -0.7,
        "Total Revenue": 63,
        "Gross Profit": 47,
        "Operating Income": -19,
        "EBIT": -13,
        "Net Income": -22
    },
    "2021-04-30": {
        "Diluted EPS": -0.58,
        "Total Revenue": 60,
        "Gross Profit": 45,
        "Operating Income": -15,
        "EBIT": -10,
        "Net Income": -18
    },
    "2021-01-31": {
        "Diluted EPS": -0.64,
        "Total Revenue": 57,
        "Gross Profit": 42,
        "Operating Income": -17,
        "EBIT": -12,
        "Net Income": -20
    },
    "2020-10-31": {
        "Diluted EPS": -0.75,
        "Total Revenue": 54,
        "Gross Profit": 39,
        "Operating Income": -19,
        "EBIT": -14,
        "Net Income": -22
    },
    "2020-07-31": {
        "Diluted EPS": -0.62,
        "Total Revenue": 51,
        "Gross Profit": 37,
        "Operating Income": -15,
        "EBIT": -11,
        "Net Income": -18
    },
    "2020-04-30": {
        "Diluted EPS": -0.88,
        "Total Revenue": 49,
        "Gross Profit": 34,
        "Operating Income": -22,
        "EBIT": -17,
        "Net Income": -25
    },
    "2020-01-31": {
        "Diluted EPS": -1.06,
        "Total Revenue": 46,
        "Gross Profit": 32,
        "Operating Income": -27,
        "EBIT": -22,
        "Net Income": -30
    },
    "2019-10-31": {
        "Diluted EPS": -1.05,
        "Total Revenue": 45,
        "Gross Profit": 30,
        "Operating Income": -27,
        "EBIT": -22,
        "Net Income": -29
    },
    "2019-07-31": {
        "Diluted EPS": -1.14,
        "Total Revenue": 42,
        "Gross Profit": 27,
        "Operating Income": -28,
        "EBIT": -24,
        "Net Income": -31
    },
    "2019-04-30": {
        "Diluted EPS": -1.32,
        "Total Revenue": 41,
        "Gross Profit": 28,
        "Operating Income": -33,
        "EBIT": -29,
        "Net Income": -36
    },
    "2019-01-31": {
        "Diluted EPS": -1.13,
        "Total Revenue": 39,
        "Gross Profit": 27,
        "Operating Income": -28,
        "EBIT": -23,
        "Net Income": -30
    },
    "2018-10-31": {
        "Diluted EPS": -1.24,
        "Total Revenue": 37,
        "Gross Profit": 24,
        "Operating Income": -30,
        "EBIT": -26,
        "Net Income": -33
    },
    "2018-07-31": {
        "Diluted EPS": -4.41,
        "Total Revenue": 34,
        "Gross Profit": 22,
        "Operating Income": -43,
        "EBIT": -39,
        "Net Income": -46
    },
    "2018-04-30": {
        "Diluted EPS": -27.63,
        "Total Revenue": 32,
        "Gross Profit": 20,
        "Operating Income": -43,
        "EBIT": -39,
        "Net Income": -46
    },
    "2018-01-31": {
        "Diluted EPS": 0.0,
        "Total Revenue": NaN,
        "Gross Profit": NaN,
        "Operating Income": NaN,
        "EBIT": NaN,
        "Net Income": NaN
    },
    "2017-10-31": {
        "Diluted EPS": -27.27,
        "Total Revenue": 28,
        "Gross Profit": 16,
        "Operating Income": -44,
        "EBIT": -39,
        "Net Income": -44
    },
    "2017-07-31": {
        "Diluted EPS": -27.27,
        "Total Revenue": 26,
        "Gross Profit": 15,
        "Operating Income": -44,
        "EBIT": -44,
        "Net Income": -43
    },
    "2017-01-31": {
        "Diluted EPS": 0.0,
        "Total Revenue": NaN,
        "Gross Profit": NaN,
        "Operating Income": NaN,
        "EBIT": NaN,
        "Net Income": NaN
    },
    "2023-07-31": {
        "Tax Effect Of Unusual Items": NaN,
        "Tax Rate For Calcs": NaN,
        "Normalized EBITDA": NaN,
        "Total Unusual Items": -225000.0,
        "Total Unusual Items Excluding Goodwill": -225000.0,
        "Net Income From Continuing Operation Net Minority Interest": NaN,
        "Reconciled Depreciation": NaN,
        "Reconciled Cost Of Revenue": NaN,
        "EBITDA": NaN,
        "EBIT": NaN,
        "Normalized Income": NaN,
        "Net Income From Continuing And Discontinued Operation": NaN,
        "Total Expenses": NaN,
        "Total Operating Income As Reported": NaN,
        "Diluted Average Shares": NaN,
        "Basic Average Shares": NaN,
        "Diluted EPS": NaN,
        "Basic EPS": NaN,
        "Diluted NI Availto Com Stockholders": NaN,
        "Net Income Common Stockholders": NaN,
        "Net Income": NaN,
        "Net Income Including Noncontrolling Interests": NaN,
        "Net Income Continuous Operations": NaN,
        "Tax Provision": NaN,
        "Pretax Income": NaN,
        "Other Income Expense": NaN,
        "Other Non Operating Income Expenses": NaN,
        "Special Income Charges": -225000.0,
        "Other Special Charges": NaN,
        "Restructuring And Mergern Acquisition": 225000.0,
        "Operating Income": NaN,
        "Operating Expense": NaN,
        "Depreciation Amortization Depletion Income Statement": NaN,
        "Depreciation And Amortization In Income Statement": NaN,
        "Amortization": NaN,
        "Amortization Of Intangibles Income Statement": NaN,
        "Research And Development": NaN,
        "Selling General And Administration": NaN,
        "Selling And Marketing Expense": NaN,
        "General And Administrative Expense": NaN,
        "Other Gand A": NaN,
        "Insurance And Claims": 2400000.0,
        "Salaries And Wages": 37834000.0,
        "Gross Profit": NaN,
        "Cost Of Revenue": NaN,
        "Total Revenue": NaN,
        "Operating Revenue": NaN
    },
    "2023-10-31": {
        "Tax Effect Of Unusual Items": NaN,
        "Tax Rate For Calcs": NaN,
        "Normalized EBITDA": NaN,
        "Total Unusual Items": 0.0,
        "Total Unusual Items Excluding Goodwill": 0.0,
        "Net Income From Continuing Operation Net Minority Interest": NaN,
        "Reconciled Depreciation": NaN,
        "Reconciled Cost Of Revenue": NaN,
        "EBITDA": NaN,
        "EBIT": NaN,
        "Normalized Income": NaN,
        "Net Income From Continuing And Discontinued Operation": NaN,
        "Total Expenses": NaN,
        "Total Operating Income As Reported": NaN,
        "Diluted Average Shares": NaN,
        "Basic Average Shares": NaN,
        "Diluted EPS": NaN,
        "Basic EPS": NaN,
        "Diluted NI Availto Com Stockholders": NaN,
        "Net Income Common Stockholders": NaN,
        "Net Income": NaN,
        "Net Income Including Noncontrolling Interests": NaN,
        "Net Income Continuous Operations": NaN,
        "Tax Provision": NaN,
        "Pretax Income": NaN,
        "Other Income Expense": NaN,
        "Other Non Operating Income Expenses": NaN,
        "Special Income Charges": 0.0,
        "Other Special Charges": NaN,
        "Restructuring And Mergern Acquisition": 0.0,
        "Operating Income": NaN,
        "Operating Expense": NaN,
        "Depreciation Amortization Depletion Income Statement": 20000.0,
        "Depreciation And Amortization In Income Statement": 20000.0,
        "Amortization": 20000.0,
        "Amortization Of Intangibles Income Statement": 20000.0,
        "Research And Development": NaN,
        "Selling General And Administration": NaN,
        "Selling And Marketing Expense": NaN,
        "General And Administrative Expense": NaN,
        "Other Gand A": NaN,
        "Gross Profit": NaN,
        "Cost Of Revenue": NaN,
        "Total Revenue": NaN,
        "Operating Revenue": NaN
    },
    "2024-01-31": {
        "Tax Effect Of Unusual Items": NaN,
        "Tax Rate For Calcs": NaN,
        "Normalized EBITDA": NaN,
        "Total Unusual Items": NaN,
        "Total Unusual Items Excluding Goodwill": NaN,
        "Net Income From Continuing Operation Net Minority Interest": NaN,
        "Reconciled Depreciation": NaN,
        "Reconciled Cost Of Revenue": NaN,
        "EBITDA": NaN,
        "EBIT": NaN,
        "Normalized Income": NaN,
        "Net Income From Continuing And Discontinued Operation": NaN,
        "Total Expenses": NaN,
        "Total Operating Income As Reported": NaN,
        "Diluted Average Shares": 36759000.0,
        "Basic Average Shares": 36759000.0,
        "Diluted EPS": -0.51,
        "Basic EPS": -0.51,
        "Diluted NI Availto Com Stockholders": NaN,
        "Net Income Common Stockholders": NaN,
        "Net Income": NaN,
        "Net Income Including Noncontrolling Interests": NaN,
        "Net Income Continuous Operations": NaN,
        "Tax Provision": NaN,
        "Pretax Income": NaN,
        "Other Income Expense": NaN,
        "Other Non Operating Income Expenses": NaN,
        "Special Income Charges": NaN,
        "Other Special Charges": NaN,
        "Restructuring And Mergern Acquisition": NaN,
        "Operating Income": NaN,
        "Operating Expense": NaN,
        "Depreciation Amortization Depletion Income Statement": NaN,
        "Depreciation And Amortization In Income Statement": NaN,
        "Amortization": NaN,
        "Amortization Of Intangibles Income Statement": NaN,
        "Research And Development": NaN,
        "Selling General And Administration": NaN,
        "Selling And Marketing Expense": NaN,
        "General And Administrative Expense": NaN,
        "Other Gand A": NaN,
        "Gross Profit": NaN,
        "Cost Of Revenue": NaN,
        "Total Revenue": NaN,
        "Operating Revenue": NaN
    },
    "2024-04-30": {
        "Tax Effect Of Unusual Items": NaN,
        "Tax Rate For Calcs": NaN,
        "Normalized EBITDA": NaN,
        "Total Unusual Items": NaN,
        "Total Unusual Items Excluding Goodwill": NaN,
        "Net Income From Continuing Operation Net Minority Interest": NaN,
        "Reconciled Depreciation": NaN,
        "Reconciled Cost Of Revenue": NaN,
        "EBITDA": NaN,
        "EBIT": NaN,
        "Normalized Income": NaN,
        "Net Income From Continuing And Discontinued Operation": NaN,
        "Total Expenses": NaN,
        "Total Operating Income As Reported": NaN,
        "Diluted Average Shares": 37482000.0,
        "Basic Average Shares": 37482000.0,
        "Diluted EPS": -0.69,
        "Basic EPS": -0.69,
        "Diluted NI Availto Com Stockholders": NaN,
        "Net Income Common Stockholders": NaN,
        "Net Income": NaN,
        "Net Income Including Noncontrolling Interests": NaN,
        "Net Income Continuous Operations": NaN,
        "Tax Provision": NaN,
        "Pretax Income": NaN,
        "Other Income Expense": NaN,
        "Other Non Operating Income Expenses": NaN,
        "Special Income Charges": NaN,
        "Other Special Charges": NaN,
        "Restructuring And Mergern Acquisition": NaN,
        "Gain On Sale Of Security": NaN,
        "Operating Income": NaN,
        "Operating Expense": NaN,
        "Depreciation Amortization Depletion Income Statement": NaN,
        "Depreciation And Amortization In Income Statement": NaN,
        "Amortization": NaN,
        "Amortization Of Intangibles Income Statement": NaN,
        "Research And Development": NaN,
        "Selling General And Administration": NaN,
        "Selling And Marketing Expense": NaN,
        "General And Administrative Expense": NaN,
        "Other Gand A": NaN,
        "Gross Profit": NaN,
        "Cost Of Revenue": NaN,
        "Total Revenue": NaN,
        "Operating Revenue": NaN
    },
    "2024-07-31": {
        "Tax Effect Of Unusual Items": -30030.0,
        "Tax Rate For Calcs": 0.21,
        "Normalized EBITDA": -11837000.0,
        "Total Unusual Items": -143000.0,
        "Total Unusual Items Excluding Goodwill": -143000.0,
        "Net Income From Continuing Operation Net Minority Interest": -19490000.0,
        "Reconciled Depreciation": 2507000.0,
        "Reconciled Cost Of Revenue": 20124000.0,
        "EBITDA": -11980000.0,
        "EBIT": -14487000.0,
        "Normalized Income": -19377030.0,
        "Net Income From Continuing And Discontinued Operation": -19490000.0,
        "Total Expenses": 92894000.0,
        "Total Operating Income As Reported": -14487000.0,
        "Diluted Average Shares": NaN,
        "Basic Average Shares": NaN,
        "Diluted EPS": NaN,
        "Basic EPS": NaN,
        "Diluted NI Availto Com Stockholders": -19490000.0,
        "Net Income Common Stockholders": -19490000.0,
        "Net Income": -19490000.0,
        "Net Income Including Noncontrolling Interests": -19490000.0,
        "Net Income Continuous Operations": -19490000.0,
        "Tax Provision": 251000.0,
        "Pretax Income": -19239000.0,
        "Other Income Expense": -4752000.0,
        "Other Non Operating Income Expenses": -4609000.0,
        "Special Income Charges": NaN,
        "Other Special Charges": NaN,
        "Restructuring And Mergern Acquisition": NaN,
        "Gain On Sale Of Security": -143000.0,
        "Operating Income": -14487000.0,
        "Operating Expense": 72770000.0,
        "Depreciation Amortization Depletion Income Statement": NaN,
        "Depreciation And Amortization In Income Statement": NaN,
        "Amortization": NaN,
        "Amortization Of Intangibles Income Statement": NaN,
        "Research And Development": 21969000.0,
        "Selling General And Administration": 50801000.0,
        "Selling And Marketing Expense": 36627000.0,
        "General And Administrative Expense": 14174000.0,
        "Other Gand A": 14174000.0,
        "Gross Profit": 58283000.0,
        "Cost Of Revenue": 20124000.0,
        "Total Revenue": 78407000.0,
        "Operating Revenue": 78407000.0
    },
    "2024-10-31": {
        "Tax Effect Of Unusual Items": -388500.0,
        "Tax Rate For Calcs": 0.21,
        "Normalized EBITDA": -6980000.0,
        "Total Unusual Items": -1850000.0,
        "Total Unusual Items Excluding Goodwill": -1850000.0,
        "Net Income From Continuing Operation Net Minority Interest": -18761000.0,
        "Reconciled Depreciation": 2254000.0,
        "Reconciled Cost Of Revenue": 17849000.0,
        "EBITDA": -8830000.0,
        "EBIT": -11084000.0,
        "Normalized Income": -17299500.0,
        "Net Income From Continuing And Discontinued Operation": -18761000.0,
        "Total Expenses": 90848000.0,
        "Total Operating Income As Reported": -11084000.0,
        "Diluted Average Shares": 38832000.0,
        "Basic Average Shares": 38832000.0,
        "Diluted EPS": -0.48,
        "Basic EPS": -0.48,
        "Diluted NI Availto Com Stockholders": -18761000.0,
        "Net Income Common Stockholders": -18761000.0,
        "Net Income": -18761000.0,
        "Net Income Including Noncontrolling Interests": -18761000.0,
        "Net Income Continuous Operations": -18761000.0,
        "Tax Provision": 205000.0,
        "Pretax Income": -18556000.0,
        "Other Income Expense": -7472000.0,
        "Other Non Operating Income Expenses": -5622000.0,
        "Special Income Charges": -1850000.0,
        "Other Special Charges": 1850000.0,
        "Restructuring And Mergern Acquisition": 0.0,
        "Gain On Sale Of Security": NaN,
        "Operating Income": -11084000.0,
        "Operating Expense": 70887000.0,
        "Depreciation Amortization Depletion Income Statement": 142000.0,
        "Depreciation And Amortization In Income Statement": 142000.0,
        "Amortization": 142000.0,
        "Amortization Of Intangibles Income Statement": 142000.0,
        "Research And Development": 21264000.0,
        "Selling General And Administration": 49481000.0,
        "Selling And Marketing Expense": 37194000.0,
        "General And Administrative Expense": 12287000.0,
        "Other Gand A": 12287000.0,
        "Gross Profit": 59803000.0,
        "Cost Of Revenue": 19961000.0,
        "Total Revenue": 79764000.0,
        "Operating Revenue": 79764000.0
    },
    "2025-01-31": {
        "Tax Effect Of Unusual Items": 0.0,
        "Tax Rate For Calcs": 0.21,
        "Normalized EBITDA": -10142000.0,
        "Total Unusual Items": 0.0,
        "Total Unusual Items Excluding Goodwill": 0.0,
        "Net Income From Continuing Operation Net Minority Interest": -17677000.0,
        "Reconciled Depreciation": 2119000.0,
        "Reconciled Cost Of Revenue": 18249000.0,
        "EBITDA": -10142000.0,
        "EBIT": -12261000.0,
        "Normalized Income": -17677000.0,
        "Net Income From Continuing And Discontinued Operation": -17677000.0,
        "Total Expenses": 91031000.0,
        "Total Operating Income As Reported": -12261000.0,
        "Diluted Average Shares": 36759000.0,
        "Basic Average Shares": 36759000.0,
        "Diluted EPS": -0.51,
        "Basic EPS": -0.51,
        "Diluted NI Availto Com Stockholders": -17677000.0,
        "Net Income Common Stockholders": -17677000.0,
        "Net Income": -17677000.0,
        "Net Income Including Noncontrolling Interests": -17677000.0,
        "Net Income Continuous Operations": -17677000.0,
        "Tax Provision": 628000.0,
        "Pretax Income": -17049000.0,
        "Other Income Expense": -4788000.0,
        "Other Non Operating Income Expenses": -4788000.0,
        "Special Income Charges": 0.0,
        "Other Special Charges": 0.0,
        "Restructuring And Mergern Acquisition": 0.0,
        "Gain On Sale Of Security": NaN,
        "Operating Income": -12261000.0,
        "Operating Expense": 70837000.0,
        "Depreciation Amortization Depletion Income Statement": 174000.0,
        "Depreciation And Amortization In Income Statement": 174000.0,
        "Amortization": 174000.0,
        "Amortization Of Intangibles Income Statement": 174000.0,
        "Research And Development": 21947000.0,
        "Selling General And Administration": 48716000.0,
        "Selling And Marketing Expense": 35465000.0,
        "General And Administrative Expense": 13251000.0,
        "Other Gand A": 13251000.0,
        "Gross Profit": 58576000.0,
        "Cost Of Revenue": 20194000.0,
        "Total Revenue": 78770000.0,
        "Operating Revenue": 78770000.0
    },
    "2025-04-30": {
        "Tax Effect Of Unusual Items": 0.0,
        "Tax Rate For Calcs": 0.21,
        "Normalized EBITDA": -12055000.0,
        "Total Unusual Items": NaN,
        "Total Unusual Items Excluding Goodwill": NaN,
        "Net Income From Continuing Operation Net Minority Interest": -18052000.0,
        "Reconciled Depreciation": 2291000.0,
        "Reconciled Cost Of Revenue": 20668000.0,
        "EBITDA": -12055000.0,
        "EBIT": -14346000.0,
        "Normalized Income": -18052000.0,
        "Net Income From Continuing And Discontinued Operation": -18052000.0,
        "Total Expenses": 94457000.0,
        "Total Operating Income As Reported": -14346000.0,
        "Diluted Average Shares": 39735000.0,
        "Basic Average Shares": 39735000.0,
        "Diluted EPS": -0.45,
        "Basic EPS": -0.45,
        "Diluted NI Availto Com Stockholders": -18052000.0,
        "Net Income Common Stockholders": -18052000.0,
        "Net Income": -18052000.0,
        "Net Income Including Noncontrolling Interests": -18052000.0,
        "Net Income Continuous Operations": -18052000.0,
        "Tax Provision": 191000.0,
        "Pretax Income": -17861000.0,
        "Other Income Expense": -3515000.0,
        "Other Non Operating Income Expenses": -3515000.0,
        "Special Income Charges": NaN,
        "Other Special Charges": NaN,
        "Restructuring And Mergern Acquisition": NaN,
        "Gain On Sale Of Security": NaN,
        "Operating Income": -14346000.0,
        "Operating Expense": 73789000.0,
        "Depreciation Amortization Depletion Income Statement": NaN,
        "Depreciation And Amortization In Income Statement": NaN,
        "Amortization": NaN,
        "Amortization Of Intangibles Income Statement": NaN,
        "Research And Development": 19961000.0,
        "Selling General And Administration": 53828000.0,
        "Selling And Marketing Expense": 39661000.0,
        "General And Administrative Expense": 14167000.0,
        "Other Gand A": 14167000.0,
        "Gross Profit": 59443000.0,
        "Cost Of Revenue": 20668000.0,
        "Total Revenue": 80111000.0,
        "Operating Revenue": 80111000.0
    },
    "2025-07-31": {
        "Tax Effect Of Unusual Items": -2192610.0,
        "Tax Rate For Calcs": 0.21,
        "Normalized EBITDA": 5495000.0,
        "Total Unusual Items": -10441000.0,
        "Total Unusual Items Excluding Goodwill": -10441000.0,
        "Net Income From Continuing Operation Net Minority Interest": -22932000.0,
        "Reconciled Depreciation": 2305000.0,
        "Reconciled Cost Of Revenue": 20075000.0,
        "EBITDA": -4946000.0,
        "EBIT": -7251000.0,
        "Normalized Income": -14683610.0,
        "Net Income From Continuing And Discontinued Operation": -22932000.0,
        "Total Expenses": 86969000.0,
        "Total Operating Income As Reported": -7251000.0,
        "Diluted Average Shares": 40643000.0,
        "Basic Average Shares": 40643000.0,
        "Diluted EPS": -0.56,
        "Basic EPS": -0.56,
        "Diluted NI Availto Com Stockholders": -22932000.0,
        "Net Income Common Stockholders": -22932000.0,
        "Net Income": -22932000.0,
        "Net Income Including Noncontrolling Interests": -22932000.0,
        "Net Income Continuous Operations": -22932000.0,
        "Tax Provision": 234000.0,
        "Pretax Income": -22698000.0,
        "Other Income Expense": -15447000.0,
        "Other Non Operating Income Expenses": -5006000.0,
        "Special Income Charges": NaN,
        "Other Special Charges": NaN,
        "Restructuring And Mergern Acquisition": NaN,
        "Gain On Sale Of Security": -10441000.0,
        "Operating Income": -7251000.0,
        "Operating Expense": 66894000.0,
        "Depreciation Amortization Depletion Income Statement": NaN,
        "Depreciation And Amortization In Income Statement": NaN,
        "Amortization": NaN,
        "Amortization Of Intangibles Income Statement": NaN,
        "Research And Development": 18952000.0,
        "Selling General And Administration": 47942000.0,
        "Selling And Marketing Expense": 35300000.0,
        "General And Administrative Expense": 12642000.0,
        "Other Gand A": 12642000.0,
        "Gross Profit": 59643000.0,
        "Cost Of Revenue": 20075000.0,
        "Total Revenue": 79718000.0,
        "Operating Revenue": 79718000.0
    },
    "2025-10-31": {
        "Tax Effect Of Unusual Items": NaN,
        "Tax Rate For Calcs": NaN,
        "Normalized EBITDA": NaN,
        "Total Unusual Items": NaN,
        "Total Unusual Items Excluding Goodwill": NaN,
        "Net Income From Continuing Operation Net Minority Interest": NaN,
        "Reconciled Depreciation": NaN,
        "Reconciled Cost Of Revenue": NaN,
        "EBITDA": NaN,
        "EBIT": NaN,
        "Normalized Income": NaN,
        "Net Income From Continuing And Discontinued Operation": NaN,
        "Total Expenses": NaN,
        "Total Operating Income As Reported": NaN,
        "Diluted Average Shares": 41448000.0,
        "Basic Average Shares": 41448000.0,
        "Diluted EPS": -0.25,
        "Basic EPS": -0.25,
        "Diluted NI Availto Com Stockholders": NaN,
        "Net Income Common Stockholders": NaN,
        "Net Income": NaN,
        "Net Income Including Noncontrolling Interests": NaN,
        "Net Income Continuous Operations": NaN,
        "Tax Provision": NaN,
        "Pretax Income": NaN,
        "Other Income Expense": NaN,
        "Other Non Operating Income Expenses": NaN,
        "Special Income Charges": NaN,
        "Other Special Charges": NaN,
        "Restructuring And Mergern Acquisition": NaN,
        "Gain On Sale Of Security": NaN,
        "Operating Income": NaN,
        "Operating Expense": NaN,
        "Depreciation Amortization Depletion Income Statement": NaN,
        "Depreciation And Amortization In Income Statement": NaN,
        "Amortization": NaN,
        "Amortization Of Intangibles Income Statement": NaN,
        "Research And Development": NaN,
        "Selling General And Administration": NaN,
        "Selling And Marketing Expense": NaN,
        "General And Administrative Expense": NaN,
        "Other Gand A": NaN,
        "Gross Profit": NaN,
        "Cost Of Revenue": NaN,
        "Total Revenue": NaN,
        "Operating Revenue": NaN
    }
}