{
    "2023-03-31": {
        "Tax Effect Of Unusual Items": 0.0,
        "Tax Rate For Calcs": 0.128,
        "Normalized EBITDA": 32011000.0,
        "Net Income From Continuing Operation Net Minority Interest": 5683000.0,
        "Reconciled Depreciation": 13540000.0,
        "Reconciled Cost Of Revenue": 322261000.0,
        "EBITDA": 32011000.0,
        "EBIT": 18471000.0,
        "Net Interest Income": -11953000.0,
        "Interest Expense": 11953000.0,
        "Normalized Income": 5683000.0,
        "Net Income From Continuing And Discontinued Operation": 5683000.0,
        "Total Expenses": 448624000.0,
        "Total Operating Income As Reported": 18114000.0,
        "Diluted Average Shares": 31537000.0,
        "Basic Average Shares": 31436000.0,
        "Diluted EPS": 0.18,
        "Basic EPS": 0.18,
        "Diluted NI Availto Com Stockholders": 5683000.0,
        "Net Income Common Stockholders": 5683000.0,
        "Net Income": 5683000.0,
        "Net Income Including Noncontrolling Interests": 5683000.0,
        "Net Income Continuous Operations": 5683000.0,
        "Tax Provision": 835000.0,
        "Pretax Income": 6518000.0,
        "Other Income Expense": 357000.0,
        "Other Non Operating Income Expenses": 357000.0,
        "Net Non Operating Interest Income Expense": -11953000.0,
        "Interest Expense Non Operating": 11953000.0,
        "Operating Income": 18114000.0,
        "Operating Expense": 126363000.0,
        "Selling General And Administration": 126363000.0,
        "Gross Profit": 144477000.0,
        "Cost Of Revenue": 322261000.0,
        "Total Revenue": 466738000.0,
        "Operating Revenue": 466738000.0
    },
    "2022-12-31": {
        "Tax Effect Of Unusual Items": 0.0,
        "Tax Rate For Calcs": 0.222324,
        "Normalized EBITDA": 46923000.0,
        "Net Income From Continuing Operation Net Minority Interest": 17836000.0,
        "Reconciled Depreciation": 13546000.0,
        "Reconciled Cost Of Revenue": 343507000.0,
        "EBITDA": 46923000.0,
        "EBIT": 33377000.0,
        "Net Interest Income": -10442000.0,
        "Interest Expense": 10442000.0,
        "Normalized Income": 17836000.0,
        "Net Income From Continuing And Discontinued Operation": 17836000.0,
        "Total Expenses": 468509000.0,
        "Total Operating Income As Reported": 32772000.0,
        "Diluted Average Shares": 31494000.0,
        "Basic Average Shares": 31430632.0,
        "Diluted EPS": 0.567472,
        "Basic EPS": 0.567472,
        "Diluted NI Availto Com Stockholders": 17836000.0,
        "Net Income Common Stockholders": 17836000.0,
        "Net Income": 17836000.0,
        "Net Income Including Noncontrolling Interests": 17836000.0,
        "Net Income Continuous Operations": 17836000.0,
        "Tax Provision": 5099000.0,
        "Pretax Income": 22935000.0,
        "Other Income Expense": 605000.0,
        "Other Non Operating Income Expenses": 605000.0,
        "Net Non Operating Interest Income Expense": -10442000.0,
        "Interest Expense Non Operating": 10442000.0,
        "Operating Income": 32772000.0,
        "Operating Expense": 125002000.0,
        "Selling General And Administration": 125002000.0,
        "Gross Profit": 157774000.0,
        "Cost Of Revenue": 343507000.0,
        "Total Revenue": 501281000.0,
        "Operating Revenue": 501281000.0
    },
    "2022-09-30": {
        "Tax Effect Of Unusual Items": 0.0,
        "Tax Rate For Calcs": 0.229,
        "Normalized EBITDA": 53563000.0,
        "Net Income From Continuing Operation Net Minority Interest": 30601000.0,
        "Reconciled Depreciation": 11531000.0,
        "Reconciled Cost Of Revenue": 281559000.0,
        "EBITDA": 53563000.0,
        "EBIT": 42032000.0,
        "Net Interest Income": -2344000.0,
        "Interest Expense": 2344000.0,
        "Normalized Income": 30601000.0,
        "Net Income From Continuing And Discontinued Operation": 30601000.0,
        "Total Expenses": 371373000.0,
        "Total Operating Income As Reported": 42097000.0,
        "Diluted Average Shares": 31545000.0,
        "Basic Average Shares": 31411000.0,
        "Diluted EPS": 0.97,
        "Basic EPS": 0.97,
        "Diluted NI Availto Com Stockholders": 30601000.0,
        "Net Income Common Stockholders": 30601000.0,
        "Net Income": 30601000.0,
        "Net Income Including Noncontrolling Interests": 30601000.0,
        "Net Income Continuous Operations": 30601000.0,
        "Tax Provision": 9087000.0,
        "Pretax Income": 39688000.0,
        "Other Income Expense": -65000.0,
        "Other Non Operating Income Expenses": -65000.0,
        "Net Non Operating Interest Income Expense": -2344000.0,
        "Interest Expense Non Operating": 2344000.0,
        "Operating Income": 42097000.0,
        "Operating Expense": 89814000.0,
        "Selling General And Administration": 89814000.0,
        "Gross Profit": 131911000.0,
        "Cost Of Revenue": 281559000.0,
        "Total Revenue": 413470000.0,
        "Operating Revenue": 413470000.0
    },
    "2022-06-30": {
        "Tax Effect Of Unusual Items": 0.0,
        "Tax Rate For Calcs": 0.211,
        "Normalized EBITDA": 59435000.0,
        "Net Income From Continuing Operation Net Minority Interest": 37905000.0,
        "Reconciled Depreciation": 9857000.0,
        "Reconciled Cost Of Revenue": 275894000.0,
        "EBITDA": 59435000.0,
        "EBIT": 49578000.0,
        "Net Interest Income": -1565000.0,
        "Interest Expense": 1565000.0,
        "Normalized Income": 37905000.0,
        "Net Income From Continuing And Discontinued Operation": 37905000.0,
        "Total Expenses": 367952000.0,
        "Total Operating Income As Reported": 49467000.0,
        "Diluted Average Shares": 31535000.0,
        "Basic Average Shares": 31424000.0,
        "Diluted EPS": 1.2,
        "Basic EPS": 1.21,
        "Diluted NI Availto Com Stockholders": 37905000.0,
        "Net Income Common Stockholders": 37905000.0,
        "Net Income": 37905000.0,
        "Net Income Including Noncontrolling Interests": 37905000.0,
        "Net Income Continuous Operations": 37905000.0,
        "Tax Provision": 10108000.0,
        "Pretax Income": 48013000.0,
        "Other Income Expense": 111000.0,
        "Other Non Operating Income Expenses": 111000.0,
        "Net Non Operating Interest Income Expense": -1565000.0,
        "Interest Expense Non Operating": 1565000.0,
        "Operating Income": 49467000.0,
        "Operating Expense": 92058000.0,
        "Selling General And Administration": 92058000.0,
        "Gross Profit": 141525000.0,
        "Cost Of Revenue": 275894000.0,
        "Total Revenue": 417419000.0,
        "Operating Revenue": 417419000.0
    },
    "2023-06-30": {
        "Tax Effect Of Unusual Items": 0.0,
        "Tax Rate For Calcs": 0.238,
        "Normalized EBITDA": 69023000.0,
        "Net Income From Continuing Operation Net Minority Interest": 32770000.0,
        "Reconciled Depreciation": 13429000.0,
        "Reconciled Cost Of Revenue": 317062000.0,
        "EBITDA": 69023000.0,
        "EBIT": 55594000.0,
        "Net Interest Income": -12565000.0,
        "Interest Expense": 12565000.0,
        "Normalized Income": 32770000.0,
        "Net Income From Continuing And Discontinued Operation": 32770000.0,
        "Total Expenses": 425370000.0,
        "Total Operating Income As Reported": 55198000.0,
        "Diluted Average Shares": 31528000.0,
        "Basic Average Shares": 31488164.0,
        "Diluted EPS": 1.04,
        "Basic EPS": 1.041364,
        "Diluted NI Availto Com Stockholders": 32770000.0,
        "Net Income Common Stockholders": 32770000.0,
        "Net Income": 32770000.0,
        "Net Income Including Noncontrolling Interests": 32770000.0,
        "Net Income Continuous Operations": 32770000.0,
        "Tax Provision": 10259000.0,
        "Pretax Income": 43029000.0,
        "Other Income Expense": 396000.0,
        "Other Non Operating Income Expenses": 396000.0,
        "Net Non Operating Interest Income Expense": -12565000.0,
        "Interest Expense Non Operating": 12565000.0,
        "Operating Income": 55198000.0,
        "Operating Expense": 108308000.0,
        "Selling General And Administration": 108308000.0,
        "Gross Profit": 163506000.0,
        "Cost Of Revenue": 317062000.0,
        "Total Revenue": 480568000.0,
        "Operating Revenue": 480568000.0
    },
    "2022-03-31": {
        "Diluted EPS": 1.11,
        "Total Revenue": 402,
        "Gross Profit": 133,
        "Operating Income": 47,
        "EBIT": 56,
        "Net Income": 35
    },
    "2021-12-31": {
        "Diluted EPS": 1.07,
        "Total Revenue": 398,
        "Gross Profit": 131,
        "Operating Income": 45,
        "EBIT": 55,
        "Net Income": 34
    },
    "2021-09-30": {
        "Diluted EPS": 1.04,
        "Total Revenue": 348,
        "Gross Profit": 117,
        "Operating Income": 44,
        "EBIT": 52,
        "Net Income": 33
    },
    "2021-06-30": {
        "Diluted EPS": 0.99,
        "Total Revenue": 311,
        "Gross Profit": 110,
        "Operating Income": 41,
        "EBIT": 50,
        "Net Income": 32
    },
    "2021-03-31": {
        "Diluted EPS": 1.02,
        "Total Revenue": 288,
        "Gross Profit": 105,
        "Operating Income": 42,
        "EBIT": 49,
        "Net Income": 33
    },
    "2020-12-31": {
        "Diluted EPS": 1.11,
        "Total Revenue": 301,
        "Gross Profit": 111,
        "Operating Income": 46,
        "EBIT": 56,
        "Net Income": 36
    },
    "2020-09-30": {
        "Diluted EPS": 1.06,
        "Total Revenue": 301,
        "Gross Profit": 108,
        "Operating Income": 45,
        "EBIT": 52,
        "Net Income": 34
    },
    "2020-06-30": {
        "Diluted EPS": 0.43,
        "Total Revenue": 233,
        "Gross Profit": 79,
        "Operating Income": 18,
        "EBIT": 25,
        "Net Income": 14
    },
    "2020-03-31": {
        "Diluted EPS": 0.7,
        "Total Revenue": 258,
        "Gross Profit": 85,
        "Operating Income": 25,
        "EBIT": 33,
        "Net Income": 23
    },
    "2019-12-31": {
        "Diluted EPS": 0.54,
        "Total Revenue": 240,
        "Gross Profit": 78,
        "Operating Income": 22,
        "EBIT": 27,
        "Net Income": 18
    },
    "2019-09-30": {
        "Diluted EPS": 0.65,
        "Total Revenue": 254,
        "Gross Profit": 87,
        "Operating Income": 27,
        "EBIT": 34,
        "Net Income": 21
    },
    "2019-06-30": {
        "Diluted EPS": 0.66,
        "Total Revenue": 254,
        "Gross Profit": 87,
        "Operating Income": 27,
        "EBIT": 34,
        "Net Income": 21
    },
    "2019-03-31": {
        "Diluted EPS": 0.71,
        "Total Revenue": 244,
        "Gross Profit": 87,
        "Operating Income": 30,
        "EBIT": 37,
        "Net Income": 23
    },
    "2018-12-31": {
        "Diluted EPS": 1.03,
        "Total Revenue": 260,
        "Gross Profit": 97,
        "Operating Income": 45,
        "EBIT": 53,
        "Net Income": 35
    },
    "2018-09-30": {
        "Diluted EPS": 1.03,
        "Total Revenue": 248,
        "Gross Profit": 95,
        "Operating Income": 44,
        "EBIT": 50,
        "Net Income": 34
    },
    "2018-06-30": {
        "Diluted EPS": 1.03,
        "Total Revenue": 238,
        "Gross Profit": 93,
        "Operating Income": 43,
        "EBIT": 49,
        "Net Income": 34
    },
    "2018-03-31": {
        "Diluted EPS": 0.93,
        "Total Revenue": 227,
        "Gross Profit": 89,
        "Operating Income": 40,
        "EBIT": 46,
        "Net Income": 31
    },
    "2017-12-31": {
        "Diluted EPS": 0.65,
        "Total Revenue": 228,
        "Gross Profit": 91,
        "Operating Income": 43,
        "EBIT": 50,
        "Net Income": 22
    },
    "2017-09-30": {
        "Diluted EPS": 0.8,
        "Total Revenue": 225,
        "Gross Profit": 88,
        "Operating Income": 43,
        "EBIT": 49,
        "Net Income": 27
    },
    "2017-06-30": {
        "Diluted EPS": 0.83,
        "Total Revenue": 229,
        "Gross Profit": 91,
        "Operating Income": 45,
        "EBIT": 50,
        "Net Income": 28
    },
    "2017-03-31": {
        "Diluted EPS": 0.85,
        "Total Revenue": 222,
        "Gross Profit": 89,
        "Operating Income": 45,
        "EBIT": 50,
        "Net Income": 29
    },
    "2016-12-31": {
        "Diluted EPS": 0.84,
        "Total Revenue": 229,
        "Gross Profit": 92,
        "Operating Income": 47,
        "EBIT": 52,
        "Net Income": 29
    },
    "2016-09-30": {
        "Diluted EPS": 0.77,
        "Total Revenue": 213,
        "Gross Profit": 83,
        "Operating Income": 42,
        "EBIT": 46,
        "Net Income": 27
    },
    "2016-06-30": {
        "Diluted EPS": 0.75,
        "Total Revenue": 210,
        "Gross Profit": 82,
        "Operating Income": 41,
        "EBIT": 46,
        "Net Income": 26
    },
    "2016-03-31": {
        "Diluted EPS": 0.71,
        "Total Revenue": 208,
        "Gross Profit": 81,
        "Operating Income": 39,
        "EBIT": 43,
        "Net Income": 25
    },
    "2015-12-31": {
        "Diluted EPS": 0.62,
        "Total Revenue": 205,
        "Gross Profit": 78,
        "Operating Income": 34,
        "EBIT": 39,
        "Net Income": 22
    },
    "2015-09-30": {
        "Diluted EPS": 0.73,
        "Total Revenue": 211,
        "Gross Profit": 81,
        "Operating Income": 41,
        "EBIT": 45,
        "Net Income": 26
    },
    "2015-06-30": {
        "Diluted EPS": 0.65,
        "Total Revenue": 199,
        "Gross Profit": 77,
        "Operating Income": 37,
        "EBIT": 41,
        "Net Income": 23
    },
    "2015-03-31": {
        "Diluted EPS": 0.6,
        "Total Revenue": 188,
        "Gross Profit": 73,
        "Operating Income": 34,
        "EBIT": 37,
        "Net Income": 21
    },
    "2014-12-31": {
        "Diluted EPS": 0.53,
        "Total Revenue": 174,
        "Gross Profit": 67,
        "Operating Income": 29,
        "EBIT": 32,
        "Net Income": 19
    },
    "2014-09-30": {
        "Diluted EPS": 0.68,
        "Total Revenue": 198,
        "Gross Profit": 76,
        "Operating Income": 38,
        "EBIT": 42,
        "Net Income": 25
    },
    "2014-06-30": {
        "Diluted EPS": 0.64,
        "Total Revenue": 196,
        "Gross Profit": 73,
        "Operating Income": 37,
        "EBIT": 40,
        "Net Income": 23
    },
    "2014-03-31": {
        "Diluted EPS": 0.64,
        "Total Revenue": 184,
        "Gross Profit": 72,
        "Operating Income": 37,
        "EBIT": 40,
        "Net Income": 24
    },
    "2013-12-31": {
        "Diluted EPS": 0.57,
        "Total Revenue": 170,
        "Gross Profit": 66,
        "Operating Income": 32,
        "EBIT": 34,
        "Net Income": 21
    },
    "2013-09-30": {
        "Diluted EPS": 0.62,
        "Total Revenue": 178,
        "Gross Profit": 70,
        "Operating Income": 36,
        "EBIT": 38,
        "Net Income": 23
    },
    "2013-06-30": {
        "Diluted EPS": 0.53,
        "Total Revenue": 162,
        "Gross Profit": 64,
        "Operating Income": 31,
        "EBIT": 33,
        "Net Income": 19
    },
    "2013-03-31": {
        "Diluted EPS": 0.52,
        "Total Revenue": 154,
        "Gross Profit": 61,
        "Operating Income": 30,
        "EBIT": 32,
        "Net Income": 19
    },
    "2012-12-31": {
        "Diluted EPS": 0.41,
        "Total Revenue": 135,
        "Gross Profit": 52,
        "Operating Income": 23,
        "EBIT": 25,
        "Net Income": 15
    },
    "2012-09-30": {
        "Diluted EPS": 0.56,
        "Total Revenue": 156,
        "Gross Profit": 60,
        "Operating Income": 31,
        "EBIT": 33,
        "Net Income": 20
    },
    "2012-06-30": {
        "Diluted EPS": 0.54,
        "Total Revenue": 144,
        "Gross Profit": 53,
        "Operating Income": 26,
        "EBIT": 28,
        "Net Income": 20
    },
    "2012-03-31": {
        "Diluted EPS": 0.43,
        "Total Revenue": 135,
        "Gross Profit": 50,
        "Operating Income": 24,
        "EBIT": 26,
        "Net Income": 16
    },
    "2011-12-31": {
        "Diluted EPS": 0.46,
        "Total Revenue": 132,
        "Gross Profit": 50,
        "Operating Income": 24,
        "EBIT": 27,
        "Net Income": 17
    },
    "2011-09-30": {
        "Diluted EPS": 0.32,
        "Total Revenue": 131,
        "Gross Profit": 49,
        "Operating Income": 23,
        "EBIT": 25,
        "Net Income": 12
    },
    "2011-06-30": {
        "Diluted EPS": 0.35,
        "Total Revenue": 127,
        "Gross Profit": 46,
        "Operating Income": 21,
        "EBIT": 22,
        "Net Income": 13
    },
    "2011-03-31": {
        "Diluted EPS": 0.34,
        "Total Revenue": 124,
        "Gross Profit": 45,
        "Operating Income": 19,
        "EBIT": 21,
        "Net Income": 12
    },
    "2010-12-31": {
        "Diluted EPS": 0.34,
        "Total Revenue": 105,
        "Gross Profit": 43,
        "Operating Income": 22,
        "EBIT": 24,
        "Net Income": 12
    },
    "2010-09-30": {
        "Diluted EPS": 0.36,
        "Total Revenue": 119,
        "Gross Profit": 45,
        "Operating Income": 20,
        "EBIT": 23,
        "Net Income": 13
    },
    "2010-06-30": {
        "Diluted EPS": 0.32,
        "Total Revenue": 115,
        "Gross Profit": 43,
        "Operating Income": 19,
        "EBIT": 21,
        "Net Income": 11
    },
    "2010-03-31": {
        "Diluted EPS": 0.27,
        "Total Revenue": 99,
        "Gross Profit": 38,
        "Operating Income": 16,
        "EBIT": 18,
        "Net Income": 10
    },
    "2009-12-31": {
        "Diluted EPS": 0.22,
        "Total Revenue": 97,
        "Gross Profit": 36,
        "Operating Income": 13,
        "EBIT": 15,
        "Net Income": 8
    },
    "2009-09-30": {
        "Diluted EPS": 0.22,
        "Total Revenue": 98,
        "Gross Profit": 35,
        "Operating Income": 13,
        "EBIT": 15,
        "Net Income": 8
    },
    "2009-06-30": {
        "Diluted EPS": 0.18,
        "Total Revenue": 96,
        "Gross Profit": 32,
        "Operating Income": 10,
        "EBIT": 12,
        "Net Income": 6
    },
    "2009-03-31": {
        "Diluted EPS": 0.13,
        "Total Revenue": 86,
        "Gross Profit": 28,
        "Operating Income": 7,
        "EBIT": 9,
        "Net Income": 5
    },
    "2023-09-30": {
        "Tax Effect Of Unusual Items": NaN,
        "Tax Rate For Calcs": NaN,
        "Normalized EBITDA": NaN,
        "Net Income From Continuing Operation Net Minority Interest": NaN,
        "Reconciled Depreciation": NaN,
        "Reconciled Cost Of Revenue": NaN,
        "EBITDA": NaN,
        "EBIT": NaN,
        "Net Interest Income": NaN,
        "Interest Expense": NaN,
        "Normalized Income": NaN,
        "Net Income From Continuing And Discontinued Operation": NaN,
        "Total Expenses": NaN,
        "Total Operating Income As Reported": NaN,
        "Diluted Average Shares": 31555000.0,
        "Basic Average Shares": 31483000.0,
        "Diluted EPS": 1.28,
        "Basic EPS": 1.29,
        "Diluted NI Availto Com Stockholders": NaN,
        "Net Income Common Stockholders": NaN,
        "Net Income": NaN,
        "Net Income Including Noncontrolling Interests": NaN,
        "Net Income Continuous Operations": NaN,
        "Tax Provision": NaN,
        "Pretax Income": NaN,
        "Other Income Expense": NaN,
        "Other Non Operating Income Expenses": NaN,
        "Net Non Operating Interest Income Expense": NaN,
        "Interest Expense Non Operating": NaN,
        "Operating Income": NaN,
        "Operating Expense": NaN,
        "Selling General And Administration": NaN,
        "Gross Profit": NaN,
        "Cost Of Revenue": NaN,
        "Total Revenue": NaN,
        "Operating Revenue": NaN
    },
    "2023-12-31": {
        "Tax Effect Of Unusual Items": 0.0,
        "Tax Rate For Calcs": 0.242232,
        "Normalized EBITDA": 91629000.0,
        "Net Income From Continuing Operation Net Minority Interest": 50284000.0,
        "Reconciled Depreciation": 13943000.0,
        "Reconciled Cost Of Revenue": 300074000.0,
        "EBITDA": 91629000.0,
        "EBIT": 77686000.0,
        "Net Interest Income": -11328000.0,
        "Interest Expense": 11328000.0,
        "Normalized Income": 50284000.0,
        "Net Income From Continuing And Discontinued Operation": 50284000.0,
        "Total Expenses": 417056000.0,
        "Total Operating Income As Reported": 77240000.0,
        "Diluted Average Shares": 31511000.0,
        "Basic Average Shares": 31299770.0,
        "Diluted EPS": 1.6,
        "Basic EPS": 1.606529,
        "Diluted NI Availto Com Stockholders": 50284000.0,
        "Net Income Common Stockholders": 50284000.0,
        "Net Income": 50284000.0,
        "Net Income Including Noncontrolling Interests": 50284000.0,
        "Net Income Continuous Operations": 50284000.0,
        "Tax Provision": 16074000.0,
        "Pretax Income": 66358000.0,
        "Other Income Expense": 446000.0,
        "Other Non Operating Income Expenses": 446000.0,
        "Net Non Operating Interest Income Expense": -11328000.0,
        "Interest Expense Non Operating": 11328000.0,
        "Operating Income": 77240000.0,
        "Operating Expense": 116982000.0,
        "Selling General And Administration": 116982000.0,
        "Gross Profit": 194222000.0,
        "Cost Of Revenue": 300074000.0,
        "Total Revenue": 494296000.0,
        "Operating Revenue": 494296000.0
    },
    "2024-03-31": {
        "Tax Effect Of Unusual Items": 0.0,
        "Tax Rate For Calcs": 0.250382,
        "Normalized EBITDA": 68249000.0,
        "Net Income From Continuing Operation Net Minority Interest": 32828000.0,
        "Reconciled Depreciation": 13851000.0,
        "Reconciled Cost Of Revenue": 287255000.0,
        "EBITDA": 68249000.0,
        "EBIT": 54398000.0,
        "Net Interest Income": -10605000.0,
        "Interest Expense": 10605000.0,
        "Normalized Income": 32828000.0,
        "Net Income From Continuing And Discontinued Operation": 32828000.0,
        "Total Expenses": 414263000.0,
        "Total Operating Income As Reported": 54438000.0,
        "Diluted Average Shares": 31250000.0,
        "Basic Average Shares": 31011870.0,
        "Diluted EPS": 1.05,
        "Basic EPS": 1.058562,
        "Diluted NI Availto Com Stockholders": 32828000.0,
        "Net Income Common Stockholders": 32828000.0,
        "Net Income": 32828000.0,
        "Net Income Including Noncontrolling Interests": 32828000.0,
        "Net Income Continuous Operations": 32828000.0,
        "Tax Provision": 10965000.0,
        "Pretax Income": 43793000.0,
        "Other Income Expense": -40000.0,
        "Other Non Operating Income Expenses": -40000.0,
        "Net Non Operating Interest Income Expense": -10605000.0,
        "Interest Expense Non Operating": 10605000.0,
        "Operating Income": 54438000.0,
        "Operating Expense": 127008000.0,
        "Selling General And Administration": 127008000.0,
        "Gross Profit": 181446000.0,
        "Cost Of Revenue": 287255000.0,
        "Total Revenue": 468701000.0,
        "Operating Revenue": 468701000.0
    },
    "2024-06-30": {
        "Tax Effect Of Unusual Items": 0.0,
        "Tax Rate For Calcs": 0.24,
        "Normalized EBITDA": 86940000.0,
        "Net Income From Continuing Operation Net Minority Interest": 47410000.0,
        "Reconciled Depreciation": 14352000.0,
        "Reconciled Cost Of Revenue": 303550000.0,
        "EBITDA": 86940000.0,
        "EBIT": 72588000.0,
        "Net Interest Income": -10202000.0,
        "Interest Expense": 10202000.0,
        "Normalized Income": 47410000.0,
        "Net Income From Continuing And Discontinued Operation": 47410000.0,
        "Total Expenses": 430499000.0,
        "Total Operating Income As Reported": 72452000.0,
        "Diluted Average Shares": 31071000.0,
        "Basic Average Shares": 30765672.0,
        "Diluted EPS": 1.53,
        "Basic EPS": 1.541003,
        "Diluted NI Availto Com Stockholders": 47410000.0,
        "Net Income Common Stockholders": 47410000.0,
        "Net Income": 47410000.0,
        "Net Income Including Noncontrolling Interests": 47410000.0,
        "Net Income Continuous Operations": 47410000.0,
        "Tax Provision": 14976000.0,
        "Pretax Income": 62386000.0,
        "Other Income Expense": 136000.0,
        "Other Non Operating Income Expenses": 136000.0,
        "Net Non Operating Interest Income Expense": -10202000.0,
        "Interest Expense Non Operating": 10202000.0,
        "Operating Income": 72452000.0,
        "Operating Expense": 126949000.0,
        "Selling General And Administration": 126949000.0,
        "Gross Profit": 199401000.0,
        "Cost Of Revenue": 303550000.0,
        "Total Revenue": 502951000.0,
        "Operating Revenue": 502951000.0
    },
    "2024-09-30": {
        "Tax Effect Of Unusual Items": 0.0,
        "Tax Rate For Calcs": 0.223,
        "Normalized EBITDA": 95698000.0,
        "Net Income From Continuing Operation Net Minority Interest": 55253000.0,
        "Reconciled Depreciation": 14812000.0,
        "Reconciled Cost Of Revenue": 299970000.0,
        "EBITDA": 95698000.0,
        "EBIT": 80886000.0,
        "Net Interest Income": -9762000.0,
        "Interest Expense": 9762000.0,
        "Normalized Income": 55253000.0,
        "Net Income From Continuing And Discontinued Operation": 55253000.0,
        "Total Expenses": 424502000.0,
        "Total Operating Income As Reported": 79271000.0,
        "Diluted Average Shares": 30739000.0,
        "Basic Average Shares": 30516759.0,
        "Diluted EPS": 1.8,
        "Basic EPS": 1.810579,
        "Diluted NI Availto Com Stockholders": 55253000.0,
        "Net Income Common Stockholders": 55253000.0,
        "Net Income": 55253000.0,
        "Net Income Including Noncontrolling Interests": 55253000.0,
        "Net Income Continuous Operations": 55253000.0,
        "Tax Provision": 15871000.0,
        "Pretax Income": 71124000.0,
        "Other Income Expense": 1615000.0,
        "Other Non Operating Income Expenses": 1615000.0,
        "Net Non Operating Interest Income Expense": -9762000.0,
        "Interest Expense Non Operating": 9762000.0,
        "Operating Income": 79271000.0,
        "Operating Expense": 124532000.0,
        "Selling General And Administration": 124532000.0,
        "Gross Profit": 203803000.0,
        "Cost Of Revenue": 299970000.0,
        "Total Revenue": 503773000.0,
        "Operating Revenue": 503773000.0
    },
    "2024-12-31": {
        "Tax Effect Of Unusual Items": 0.0,
        "Tax Rate For Calcs": 0.309516,
        "Normalized EBITDA": 101792000.0,
        "Net Income From Continuing Operation Net Minority Interest": 54513000.0,
        "Reconciled Depreciation": 13685000.0,
        "Reconciled Cost Of Revenue": 312063000.0,
        "EBITDA": 101792000.0,
        "EBIT": 88107000.0,
        "Net Interest Income": -9158000.0,
        "Interest Expense": 9158000.0,
        "Normalized Income": 54513000.0,
        "Net Income From Continuing And Discontinued Operation": 54513000.0,
        "Total Expenses": 447024000.0,
        "Total Operating Income As Reported": 86748000.0,
        "Diluted Average Shares": 30778000.0,
        "Basic Average Shares": 30565855.0,
        "Diluted EPS": 1.77,
        "Basic EPS": 1.783461,
        "Diluted NI Availto Com Stockholders": 54513000.0,
        "Net Income Common Stockholders": 54513000.0,
        "Net Income": 54513000.0,
        "Net Income Including Noncontrolling Interests": 54513000.0,
        "Net Income Continuous Operations": 54513000.0,
        "Tax Provision": 24436000.0,
        "Pretax Income": 78949000.0,
        "Other Income Expense": 1359000.0,
        "Other Non Operating Income Expenses": 1359000.0,
        "Net Non Operating Interest Income Expense": -9158000.0,
        "Interest Expense Non Operating": 9158000.0,
        "Operating Income": 86748000.0,
        "Operating Expense": 134961000.0,
        "Selling General And Administration": 134961000.0,
        "Gross Profit": 221709000.0,
        "Cost Of Revenue": 312063000.0,
        "Total Revenue": 533772000.0,
        "Operating Revenue": 533772000.0
    },
    "2025-03-31": {
        "Tax Effect Of Unusual Items": 0.0,
        "Tax Rate For Calcs": 0.223713,
        "Normalized EBITDA": 95278000.0,
        "Net Income From Continuing Operation Net Minority Interest": 57505000.0,
        "Reconciled Depreciation": 13843000.0,
        "Reconciled Cost Of Revenue": 299984000.0,
        "EBITDA": 95278000.0,
        "EBIT": 81435000.0,
        "Net Interest Income": -7358000.0,
        "Interest Expense": 7358000.0,
        "Normalized Income": 57505000.0,
        "Net Income From Continuing And Discontinued Operation": 57505000.0,
        "Total Expenses": 427618000.0,
        "Total Operating Income As Reported": 80074000.0,
        "Diluted Average Shares": 30810000.0,
        "Basic Average Shares": 30576000.0,
        "Diluted EPS": 1.87,
        "Basic EPS": 1.88,
        "Diluted NI Availto Com Stockholders": 57505000.0,
        "Net Income Common Stockholders": 57505000.0,
        "Net Income": 57505000.0,
        "Net Income Including Noncontrolling Interests": 57505000.0,
        "Net Income Continuous Operations": 57505000.0,
        "Tax Provision": 16572000.0,
        "Pretax Income": 74077000.0,
        "Other Income Expense": 1361000.0,
        "Other Non Operating Income Expenses": 1361000.0,
        "Net Non Operating Interest Income Expense": -7358000.0,
        "Interest Expense Non Operating": 7358000.0,
        "Operating Income": 80074000.0,
        "Operating Expense": 127634000.0,
        "Selling General And Administration": 127634000.0,
        "Gross Profit": 207708000.0,
        "Cost Of Revenue": 299984000.0,
        "Total Revenue": 507692000.0,
        "Operating Revenue": 507692000.0
    }
}