{
    "2023-03-31": {
        "Tax Effect Of Unusual Items": NaN,
        "Tax Rate For Calcs": NaN,
        "Normalized EBITDA": NaN,
        "Total Unusual Items": NaN,
        "Total Unusual Items Excluding Goodwill": NaN,
        "Net Income From Continuing Operation Net Minority Interest": NaN,
        "Reconciled Cost Of Revenue": NaN,
        "EBITDA": NaN,
        "EBIT": NaN,
        "Net Interest Income": NaN,
        "Interest Income": NaN,
        "Normalized Income": NaN,
        "Net Income From Continuing And Discontinued Operation": NaN,
        "Total Expenses": NaN,
        "Total Operating Income As Reported": NaN,
        "Diluted Average Shares": NaN,
        "Basic Average Shares": NaN,
        "Diluted EPS": NaN,
        "Basic EPS": NaN,
        "Diluted NI Availto Com Stockholders": NaN,
        "Net Income Common Stockholders": NaN,
        "Net Income": NaN,
        "Minority Interests": 0.0,
        "Net Income Including Noncontrolling Interests": NaN,
        "Net Income Continuous Operations": NaN,
        "Earnings From Equity Interest Net Of Tax": NaN,
        "Tax Provision": NaN,
        "Pretax Income": NaN,
        "Other Income Expense": NaN,
        "Other Non Operating Income Expenses": NaN,
        "Special Income Charges": 0.0,
        "Impairment Of Capital Assets": 0.0,
        "Gain On Sale Of Security": NaN,
        "Net Non Operating Interest Income Expense": NaN,
        "Interest Income Non Operating": NaN,
        "Operating Income": NaN,
        "Operating Expense": NaN,
        "Other Operating Expenses": NaN,
        "Research And Development": NaN,
        "Selling General And Administration": NaN,
        "Selling And Marketing Expense": NaN,
        "General And Administrative Expense": NaN,
        "Other Gand A": NaN,
        "Gross Profit": NaN,
        "Cost Of Revenue": NaN,
        "Total Revenue": NaN,
        "Operating Revenue": NaN
    },
    "2022-12-31": {
        "Tax Effect Of Unusual Items": NaN,
        "Tax Rate For Calcs": NaN,
        "Normalized EBITDA": NaN,
        "Total Unusual Items": NaN,
        "Total Unusual Items Excluding Goodwill": NaN,
        "Net Income From Continuing Operation Net Minority Interest": NaN,
        "Reconciled Cost Of Revenue": NaN,
        "EBITDA": NaN,
        "EBIT": NaN,
        "Net Interest Income": NaN,
        "Interest Income": NaN,
        "Normalized Income": NaN,
        "Net Income From Continuing And Discontinued Operation": NaN,
        "Total Expenses": NaN,
        "Total Operating Income As Reported": NaN,
        "Diluted Average Shares": NaN,
        "Basic Average Shares": NaN,
        "Diluted EPS": NaN,
        "Basic EPS": NaN,
        "Diluted NI Availto Com Stockholders": NaN,
        "Net Income Common Stockholders": NaN,
        "Net Income": NaN,
        "Minority Interests": 3479189.0,
        "Net Income Including Noncontrolling Interests": NaN,
        "Net Income Continuous Operations": NaN,
        "Earnings From Equity Interest Net Of Tax": NaN,
        "Tax Provision": NaN,
        "Pretax Income": NaN,
        "Other Income Expense": NaN,
        "Other Non Operating Income Expenses": NaN,
        "Special Income Charges": NaN,
        "Impairment Of Capital Assets": NaN,
        "Gain On Sale Of Security": NaN,
        "Net Non Operating Interest Income Expense": NaN,
        "Interest Income Non Operating": NaN,
        "Operating Income": NaN,
        "Operating Expense": NaN,
        "Other Operating Expenses": NaN,
        "Research And Development": NaN,
        "Selling General And Administration": NaN,
        "Selling And Marketing Expense": NaN,
        "General And Administrative Expense": NaN,
        "Other Gand A": NaN,
        "Gross Profit": NaN,
        "Cost Of Revenue": NaN,
        "Total Revenue": NaN,
        "Operating Revenue": NaN
    },
    "2022-09-30": {
        "Tax Effect Of Unusual Items": 0.0,
        "Tax Rate For Calcs": 0.0,
        "Normalized EBITDA": -11115000.0,
        "Total Unusual Items": NaN,
        "Total Unusual Items Excluding Goodwill": NaN,
        "Net Income From Continuing Operation Net Minority Interest": -2971000.0,
        "Reconciled Cost Of Revenue": 1547091000.0,
        "EBITDA": -11115000.0,
        "EBIT": -11115000.0,
        "Net Interest Income": 34402000.0,
        "Interest Income": 34402000.0,
        "Normalized Income": -2971000.0,
        "Net Income From Continuing And Discontinued Operation": -2971000.0,
        "Total Expenses": 1809448000.0,
        "Total Operating Income As Reported": -11115000.0,
        "Diluted Average Shares": 319664170.0,
        "Basic Average Shares": 319664170.0,
        "Diluted EPS": -0.009,
        "Basic EPS": -0.009,
        "Diluted NI Availto Com Stockholders": -2971000.0,
        "Net Income Common Stockholders": -2971000.0,
        "Net Income": -2971000.0,
        "Minority Interests": 3672000.0,
        "Net Income Including Noncontrolling Interests": -6643000.0,
        "Net Income Continuous Operations": -6643000.0,
        "Earnings From Equity Interest Net Of Tax": 2647000.0,
        "Tax Provision": 0.0,
        "Pretax Income": -9290000.0,
        "Other Income Expense": -32577000.0,
        "Other Non Operating Income Expenses": -32577000.0,
        "Gain On Sale Of Security": NaN,
        "Net Non Operating Interest Income Expense": 34402000.0,
        "Interest Income Non Operating": 34402000.0,
        "Operating Income": -11115000.0,
        "Operating Expense": 262357000.0,
        "Other Operating Expenses": -36459000.0,
        "Research And Development": 84371000.0,
        "Selling General And Administration": 214445000.0,
        "Selling And Marketing Expense": 162137000.0,
        "General And Administrative Expense": 52308000.0,
        "Other Gand A": 52308000.0,
        "Gross Profit": 251242000.0,
        "Cost Of Revenue": 1547091000.0,
        "Total Revenue": 1798333000.0,
        "Operating Revenue": 1798333000.0
    },
    "2022-06-30": {
        "Tax Effect Of Unusual Items": 0.0,
        "Tax Rate For Calcs": 0.0,
        "Normalized EBITDA": -30556000.0,
        "Total Unusual Items": NaN,
        "Total Unusual Items Excluding Goodwill": NaN,
        "Net Income From Continuing Operation Net Minority Interest": -30916000.0,
        "Reconciled Cost Of Revenue": 1524167000.0,
        "EBITDA": -30556000.0,
        "EBIT": -30556000.0,
        "Net Interest Income": 23570000.0,
        "Interest Income": 23570000.0,
        "Normalized Income": -30916000.0,
        "Net Income From Continuing And Discontinued Operation": -30916000.0,
        "Total Expenses": 1863761000.0,
        "Total Operating Income As Reported": -30556000.0,
        "Diluted Average Shares": 318272400.0,
        "Basic Average Shares": 318272400.0,
        "Diluted EPS": -0.097,
        "Basic EPS": -0.097,
        "Diluted NI Availto Com Stockholders": -30916000.0,
        "Net Income Common Stockholders": -30916000.0,
        "Net Income": -30916000.0,
        "Minority Interests": 7841000.0,
        "Net Income Including Noncontrolling Interests": -38757000.0,
        "Net Income Continuous Operations": -38757000.0,
        "Earnings From Equity Interest Net Of Tax": -2887000.0,
        "Tax Provision": 0.0,
        "Pretax Income": -35870000.0,
        "Other Income Expense": -28884000.0,
        "Other Non Operating Income Expenses": -28884000.0,
        "Gain On Sale Of Security": NaN,
        "Net Non Operating Interest Income Expense": 23570000.0,
        "Interest Income Non Operating": 23570000.0,
        "Operating Income": -30556000.0,
        "Operating Expense": 339594000.0,
        "Other Operating Expenses": -20375000.0,
        "Research And Development": 101847000.0,
        "Selling General And Administration": 258122000.0,
        "Selling And Marketing Expense": 167463000.0,
        "General And Administrative Expense": 90659000.0,
        "Other Gand A": 90659000.0,
        "Gross Profit": 309038000.0,
        "Cost Of Revenue": 1524167000.0,
        "Total Revenue": 1833205000.0,
        "Operating Revenue": 1833205000.0
    },
    "2022-03-31": {
        "Diluted EPS": -0.04,
        "Total Revenue": 283,
        "Gross Profit": 38,
        "Operating Income": -16,
        "EBIT": -16,
        "Net Income": -14
    },
    "2021-12-31": {
        "Diluted EPS": -0.12,
        "Total Revenue": 383,
        "Gross Profit": 41,
        "Operating Income": -33,
        "EBIT": -33,
        "Net Income": -40
    },
    "2021-09-30": {
        "Diluted EPS": -0.06,
        "Total Revenue": 364,
        "Gross Profit": 43,
        "Operating Income": -19,
        "EBIT": -19,
        "Net Income": -19
    },
    "2021-06-30": {
        "Diluted EPS": -0.07,
        "Total Revenue": 362,
        "Gross Profit": 47,
        "Operating Income": -31,
        "EBIT": -31,
        "Net Income": -23
    },
    "2021-03-31": {
        "Diluted EPS": -0.03,
        "Total Revenue": 329,
        "Gross Profit": 40,
        "Operating Income": -19,
        "EBIT": -19,
        "Net Income": -9
    },
    "2020-12-31": {
        "Diluted EPS": -0.06,
        "Total Revenue": 423,
        "Gross Profit": 43,
        "Operating Income": -30,
        "EBIT": -30,
        "Net Income": -22
    },
    "2020-09-30": {
        "Diluted EPS": 0.04,
        "Total Revenue": 373,
        "Gross Profit": 54,
        "Operating Income": 6,
        "EBIT": 6,
        "Net Income": 13
    },
    "2020-06-30": {
        "Diluted EPS": 0.14,
        "Total Revenue": 354,
        "Gross Profit": 74,
        "Operating Income": 34,
        "EBIT": 34,
        "Net Income": 47
    },
    "2020-03-31": {
        "Diluted EPS": 0.11,
        "Total Revenue": 321,
        "Gross Profit": 68,
        "Operating Income": 31,
        "EBIT": 31,
        "Net Income": 37
    },
    "2019-12-31": {
        "Diluted EPS": 0.08,
        "Total Revenue": 286,
        "Gross Profit": 52,
        "Operating Income": 18,
        "EBIT": 18,
        "Net Income": 23
    },
    "2019-09-30": {
        "Diluted EPS": -0.08,
        "Total Revenue": 261,
        "Gross Profit": 44,
        "Operating Income": -28,
        "EBIT": -28,
        "Net Income": -23
    },
    "2019-06-30": {
        "Diluted EPS": 0.01,
        "Total Revenue": 273,
        "Gross Profit": 44,
        "Operating Income": -1,
        "EBIT": -1,
        "Net Income": 4
    },
    "2019-03-31": {
        "Diluted EPS": 0.01,
        "Total Revenue": 222,
        "Gross Profit": 30,
        "Operating Income": -7,
        "EBIT": -4,
        "Net Income": 3
    },
    "2018-12-31": {
        "Diluted EPS": 0.0,
        "Total Revenue": NaN,
        "Gross Profit": NaN,
        "Operating Income": NaN,
        "EBIT": NaN,
        "Net Income": NaN
    },
    "2023-06-30": {
        "Tax Effect Of Unusual Items": NaN,
        "Tax Rate For Calcs": NaN,
        "Normalized EBITDA": NaN,
        "Total Unusual Items": NaN,
        "Total Unusual Items Excluding Goodwill": NaN,
        "Net Income From Continuing Operation Net Minority Interest": NaN,
        "Reconciled Cost Of Revenue": NaN,
        "EBITDA": NaN,
        "EBIT": NaN,
        "Net Interest Income": NaN,
        "Interest Income": NaN,
        "Normalized Income": NaN,
        "Net Income From Continuing And Discontinued Operation": NaN,
        "Total Expenses": NaN,
        "Total Operating Income As Reported": NaN,
        "Diluted Average Shares": NaN,
        "Basic Average Shares": NaN,
        "Diluted EPS": NaN,
        "Basic EPS": NaN,
        "Diluted NI Availto Com Stockholders": NaN,
        "Net Income Common Stockholders": NaN,
        "Net Income": NaN,
        "Minority Interests": 0.0,
        "Net Income Including Noncontrolling Interests": NaN,
        "Net Income Continuous Operations": NaN,
        "Earnings From Equity Interest Net Of Tax": NaN,
        "Tax Provision": NaN,
        "Pretax Income": NaN,
        "Other Income Expense": NaN,
        "Other Non Operating Income Expenses": -24431000.0,
        "Special Income Charges": NaN,
        "Impairment Of Capital Assets": NaN,
        "Gain On Sale Of Security": NaN,
        "Net Non Operating Interest Income Expense": NaN,
        "Interest Income Non Operating": NaN,
        "Operating Income": NaN,
        "Operating Expense": NaN,
        "Other Operating Expenses": NaN,
        "Research And Development": NaN,
        "Selling General And Administration": NaN,
        "Selling And Marketing Expense": NaN,
        "General And Administrative Expense": NaN,
        "Other Gand A": NaN,
        "Gross Profit": NaN,
        "Cost Of Revenue": NaN,
        "Total Revenue": NaN,
        "Operating Revenue": NaN
    },
    "2023-09-30": {
        "Tax Effect Of Unusual Items": NaN,
        "Tax Rate For Calcs": NaN,
        "Normalized EBITDA": NaN,
        "Total Unusual Items": NaN,
        "Total Unusual Items Excluding Goodwill": NaN,
        "Net Income From Continuing Operation Net Minority Interest": NaN,
        "Reconciled Cost Of Revenue": NaN,
        "EBITDA": NaN,
        "EBIT": NaN,
        "Net Interest Income": NaN,
        "Interest Income": NaN,
        "Normalized Income": NaN,
        "Net Income From Continuing And Discontinued Operation": NaN,
        "Total Expenses": NaN,
        "Total Operating Income As Reported": NaN,
        "Diluted Average Shares": NaN,
        "Basic Average Shares": NaN,
        "Diluted EPS": NaN,
        "Basic EPS": NaN,
        "Diluted NI Availto Com Stockholders": NaN,
        "Net Income Common Stockholders": NaN,
        "Net Income": NaN,
        "Minority Interests": 0.0,
        "Net Income Including Noncontrolling Interests": NaN,
        "Net Income Continuous Operations": NaN,
        "Earnings From Equity Interest Net Of Tax": NaN,
        "Tax Provision": NaN,
        "Pretax Income": NaN,
        "Other Income Expense": NaN,
        "Other Non Operating Income Expenses": NaN,
        "Special Income Charges": NaN,
        "Impairment Of Capital Assets": NaN,
        "Gain On Sale Of Security": NaN,
        "Net Non Operating Interest Income Expense": NaN,
        "Interest Income Non Operating": NaN,
        "Operating Income": NaN,
        "Operating Expense": NaN,
        "Other Operating Expenses": NaN,
        "Research And Development": NaN,
        "Selling General And Administration": NaN,
        "Selling And Marketing Expense": NaN,
        "General And Administrative Expense": NaN,
        "Other Gand A": NaN,
        "Gross Profit": NaN,
        "Cost Of Revenue": NaN,
        "Total Revenue": NaN,
        "Operating Revenue": NaN
    },
    "2023-12-31": {
        "Tax Effect Of Unusual Items": NaN,
        "Tax Rate For Calcs": NaN,
        "Normalized EBITDA": NaN,
        "Total Unusual Items": NaN,
        "Total Unusual Items Excluding Goodwill": NaN,
        "Net Income From Continuing Operation Net Minority Interest": NaN,
        "Reconciled Cost Of Revenue": NaN,
        "EBITDA": NaN,
        "EBIT": NaN,
        "Net Interest Income": NaN,
        "Interest Income": NaN,
        "Normalized Income": NaN,
        "Net Income From Continuing And Discontinued Operation": NaN,
        "Total Expenses": NaN,
        "Total Operating Income As Reported": NaN,
        "Diluted Average Shares": NaN,
        "Basic Average Shares": NaN,
        "Diluted EPS": NaN,
        "Basic EPS": NaN,
        "Diluted NI Availto Com Stockholders": NaN,
        "Net Income Common Stockholders": NaN,
        "Net Income": NaN,
        "Minority Interests": 0.0,
        "Net Income Including Noncontrolling Interests": NaN,
        "Net Income Continuous Operations": NaN,
        "Earnings From Equity Interest Net Of Tax": NaN,
        "Tax Provision": NaN,
        "Pretax Income": NaN,
        "Other Income Expense": NaN,
        "Other Non Operating Income Expenses": NaN,
        "Special Income Charges": NaN,
        "Impairment Of Capital Assets": NaN,
        "Gain On Sale Of Security": NaN,
        "Net Non Operating Interest Income Expense": NaN,
        "Interest Income Non Operating": NaN,
        "Operating Income": NaN,
        "Operating Expense": NaN,
        "Other Operating Expenses": NaN,
        "Research And Development": NaN,
        "Selling General And Administration": NaN,
        "Selling And Marketing Expense": NaN,
        "General And Administrative Expense": NaN,
        "Other Gand A": NaN,
        "Gross Profit": NaN,
        "Cost Of Revenue": NaN,
        "Total Revenue": NaN,
        "Operating Revenue": NaN
    },
    "2024-03-31": {
        "Tax Effect Of Unusual Items": NaN,
        "Tax Rate For Calcs": NaN,
        "Normalized EBITDA": NaN,
        "Total Unusual Items": NaN,
        "Total Unusual Items Excluding Goodwill": NaN,
        "Net Income From Continuing Operation Net Minority Interest": NaN,
        "Reconciled Cost Of Revenue": NaN,
        "EBITDA": NaN,
        "EBIT": NaN,
        "Net Interest Income": NaN,
        "Interest Income": NaN,
        "Normalized Income": NaN,
        "Net Income From Continuing And Discontinued Operation": NaN,
        "Total Expenses": NaN,
        "Total Operating Income As Reported": NaN,
        "Diluted Average Shares": NaN,
        "Basic Average Shares": NaN,
        "Diluted EPS": NaN,
        "Basic EPS": NaN,
        "Diluted NI Availto Com Stockholders": NaN,
        "Net Income Common Stockholders": NaN,
        "Net Income": NaN,
        "Net Income Including Noncontrolling Interests": NaN,
        "Net Income Continuous Operations": NaN,
        "Earnings From Equity Interest Net Of Tax": NaN,
        "Tax Provision": NaN,
        "Pretax Income": NaN,
        "Other Income Expense": NaN,
        "Other Non Operating Income Expenses": NaN,
        "Special Income Charges": 0.0,
        "Impairment Of Capital Assets": 0.0,
        "Gain On Sale Of Security": NaN,
        "Net Non Operating Interest Income Expense": NaN,
        "Interest Income Non Operating": NaN,
        "Operating Income": NaN,
        "Operating Expense": NaN,
        "Other Operating Expenses": NaN,
        "Research And Development": NaN,
        "Selling General And Administration": NaN,
        "Selling And Marketing Expense": NaN,
        "General And Administrative Expense": NaN,
        "Other Gand A": NaN,
        "Gross Profit": NaN,
        "Cost Of Revenue": NaN,
        "Total Revenue": NaN,
        "Operating Revenue": NaN
    },
    "2024-06-30": {
        "Tax Effect Of Unusual Items": 151000.0,
        "Tax Rate For Calcs": 0.25,
        "Normalized EBITDA": -120169000.0,
        "Total Unusual Items": 604000.0,
        "Total Unusual Items Excluding Goodwill": 604000.0,
        "Net Income From Continuing Operation Net Minority Interest": -49169000.0,
        "Reconciled Cost Of Revenue": 947823000.0,
        "EBITDA": -119565000.0,
        "EBIT": -119565000.0,
        "Net Interest Income": 75972000.0,
        "Interest Income": 75972000.0,
        "Normalized Income": -49622000.0,
        "Net Income From Continuing And Discontinued Operation": -49169000.0,
        "Total Expenses": 1151606000.0,
        "Total Operating Income As Reported": -119565000.0,
        "Diluted Average Shares": 31128544.0,
        "Basic Average Shares": 31128544.0,
        "Diluted EPS": -1.58,
        "Basic EPS": -1.58,
        "Diluted NI Availto Com Stockholders": -49169000.0,
        "Net Income Common Stockholders": -49169000.0,
        "Net Income": -49169000.0,
        "Net Income Including Noncontrolling Interests": -49169000.0,
        "Net Income Continuous Operations": -49169000.0,
        "Earnings From Equity Interest Net Of Tax": -2727000.0,
        "Tax Provision": 2510000.0,
        "Pretax Income": -43932000.0,
        "Other Income Expense": -339000.0,
        "Other Non Operating Income Expenses": -943000.0,
        "Special Income Charges": NaN,
        "Impairment Of Capital Assets": NaN,
        "Gain On Sale Of Security": 604000.0,
        "Net Non Operating Interest Income Expense": 75972000.0,
        "Interest Income Non Operating": 75972000.0,
        "Operating Income": -119565000.0,
        "Operating Expense": 203783000.0,
        "Other Operating Expenses": 28189000.0,
        "Research And Development": 50135000.0,
        "Selling General And Administration": 125459000.0,
        "Selling And Marketing Expense": 76963000.0,
        "General And Administrative Expense": 48496000.0,
        "Other Gand A": 48496000.0,
        "Gross Profit": 84218000.0,
        "Cost Of Revenue": 947823000.0,
        "Total Revenue": 1032041000.0,
        "Operating Revenue": 1032041000.0
    },
    "2024-09-30": {
        "Tax Effect Of Unusual Items": -17500.0,
        "Tax Rate For Calcs": 0.25,
        "Normalized EBITDA": -94112000.0,
        "Total Unusual Items": -70000.0,
        "Total Unusual Items Excluding Goodwill": -70000.0,
        "Net Income From Continuing Operation Net Minority Interest": 3404000.0,
        "Reconciled Cost Of Revenue": 1002282000.0,
        "EBITDA": -94182000.0,
        "EBIT": -94182000.0,
        "Net Interest Income": 60840000.0,
        "Interest Income": 60840000.0,
        "Normalized Income": 3456500.0,
        "Net Income From Continuing And Discontinued Operation": 3404000.0,
        "Total Expenses": 1157283000.0,
        "Total Operating Income As Reported": -94182000.0,
        "Diluted Average Shares": 30228317.0,
        "Basic Average Shares": 30228317.0,
        "Diluted EPS": 0.11,
        "Basic EPS": 0.11,
        "Diluted NI Availto Com Stockholders": 3404000.0,
        "Net Income Common Stockholders": 3404000.0,
        "Net Income": 3404000.0,
        "Net Income Including Noncontrolling Interests": 3404000.0,
        "Net Income Continuous Operations": 3404000.0,
        "Earnings From Equity Interest Net Of Tax": -994000.0,
        "Tax Provision": 6432000.0,
        "Pretax Income": 10830000.0,
        "Other Income Expense": 44172000.0,
        "Other Non Operating Income Expenses": 44242000.0,
        "Gain On Sale Of Security": -70000.0,
        "Net Non Operating Interest Income Expense": 60840000.0,
        "Interest Income Non Operating": 60840000.0,
        "Operating Income": -94182000.0,
        "Operating Expense": 155001000.0,
        "Other Operating Expenses": -8964000.0,
        "Research And Development": 43243000.0,
        "Selling General And Administration": 120722000.0,
        "Selling And Marketing Expense": 79260000.0,
        "General And Administrative Expense": 41462000.0,
        "Other Gand A": 41462000.0,
        "Gross Profit": 60819000.0,
        "Cost Of Revenue": 1002282000.0,
        "Total Revenue": 1063101000.0,
        "Operating Revenue": 1063101000.0
    },
    "2024-12-31": {
        "Tax Effect Of Unusual Items": -57295948.25,
        "Tax Rate For Calcs": 0.25,
        "Normalized EBITDA": 266012439.0,
        "Total Unusual Items": -229183793.0,
        "Total Unusual Items Excluding Goodwill": -229183793.0,
        "Net Income From Continuing Operation Net Minority Interest": -173092286.0,
        "Reconciled Cost Of Revenue": 1066208974.0,
        "EBITDA": 36828646.0,
        "EBIT": 36828646.0,
        "Net Interest Income": 45146300.0,
        "Interest Income": 45146300.0,
        "Normalized Income": -1204441.25,
        "Net Income From Continuing And Discontinued Operation": -173092286.0,
        "Total Expenses": 1099170810.0,
        "Total Operating Income As Reported": -192900954.0,
        "Diluted Average Shares": 30178859.0,
        "Basic Average Shares": 30178859.0,
        "Diluted EPS": -5.43,
        "Basic EPS": -5.43,
        "Diluted NI Availto Com Stockholders": -173092286.0,
        "Net Income Common Stockholders": -173092286.0,
        "Net Income": -173092286.0,
        "Net Income Including Noncontrolling Interests": -173092286.0,
        "Net Income Continuous Operations": -173092286.0,
        "Earnings From Equity Interest Net Of Tax": 1980871.0,
        "Tax Provision": 6463551.0,
        "Pretax Income": -168609606.0,
        "Other Income Expense": -250584552.0,
        "Other Non Operating Income Expenses": -21400759.0,
        "Gain On Sale Of Security": 545807.0,
        "Net Non Operating Interest Income Expense": 45146300.0,
        "Interest Income Non Operating": 45146300.0,
        "Operating Income": 36828646.0,
        "Operating Expense": 32961836.0,
        "Other Operating Expenses": -152210482.0,
        "Research And Development": 34150080.0,
        "Selling General And Administration": 151022238.0,
        "Selling And Marketing Expense": 79347438.0,
        "General And Administrative Expense": 71674800.0,
        "Other Gand A": 71674800.0,
        "Gross Profit": 69790482.0,
        "Cost Of Revenue": 1066208974.0,
        "Total Revenue": 1135999456.0,
        "Operating Revenue": 1135999456.0
    },
    "2025-03-31": {
        "Tax Effect Of Unusual Items": 64500.0,
        "Tax Rate For Calcs": 0.25,
        "Normalized EBITDA": -26400000.0,
        "Total Unusual Items": 258000.0,
        "Total Unusual Items Excluding Goodwill": 258000.0,
        "Net Income From Continuing Operation Net Minority Interest": -79612000.0,
        "Reconciled Cost Of Revenue": 833543000.0,
        "EBITDA": -26142000.0,
        "EBIT": -26142000.0,
        "Net Interest Income": 10141000.0,
        "Interest Income": 10141000.0,
        "Normalized Income": -79805500.0,
        "Net Income From Continuing And Discontinued Operation": -79612000.0,
        "Total Expenses": 973193000.0,
        "Total Operating Income As Reported": -26142000.0,
        "Diluted Average Shares": 30178859.0,
        "Basic Average Shares": 30178859.0,
        "Diluted EPS": -2.64,
        "Basic EPS": -2.64,
        "Diluted NI Availto Com Stockholders": -79612000.0,
        "Net Income Common Stockholders": -79612000.0,
        "Net Income": -79612000.0,
        "Net Income Including Noncontrolling Interests": -79612000.0,
        "Net Income Continuous Operations": -79612000.0,
        "Earnings From Equity Interest Net Of Tax": -181000.0,
        "Tax Provision": 5134000.0,
        "Pretax Income": -74297000.0,
        "Other Income Expense": -58296000.0,
        "Other Non Operating Income Expenses": -58554000.0,
        "Gain On Sale Of Security": 258000.0,
        "Net Non Operating Interest Income Expense": 10141000.0,
        "Interest Income Non Operating": 10141000.0,
        "Operating Income": -26142000.0,
        "Operating Expense": 139650000.0,
        "Other Operating Expenses": -1815000.0,
        "Research And Development": 32749000.0,
        "Selling General And Administration": 108716000.0,
        "Selling And Marketing Expense": 72929000.0,
        "General And Administrative Expense": 35787000.0,
        "Other Gand A": 35787000.0,
        "Gross Profit": 113508000.0,
        "Cost Of Revenue": 833543000.0,
        "Total Revenue": 947051000.0,
        "Operating Revenue": 947051000.0
    },
    "2025-06-30": {
        "Tax Effect Of Unusual Items": -3230.602443,
        "Tax Rate For Calcs": 0.190035,
        "Normalized EBITDA": 14263000.0,
        "Total Unusual Items": -17000.0,
        "Total Unusual Items Excluding Goodwill": -17000.0,
        "Net Income From Continuing Operation Net Minority Interest": 37829000.0,
        "Reconciled Cost Of Revenue": 911975000.0,
        "EBITDA": 14246000.0,
        "EBIT": 14246000.0,
        "Net Interest Income": 19200000.0,
        "Interest Income": 19200000.0,
        "Normalized Income": 37842769.397557,
        "Net Income From Continuing And Discontinued Operation": 37829000.0,
        "Total Expenses": 1039669000.0,
        "Total Operating Income As Reported": 14246000.0,
        "Diluted Average Shares": 30178859.0,
        "Basic Average Shares": 30178859.0,
        "Diluted EPS": 1.25,
        "Basic EPS": 1.25,
        "Diluted NI Availto Com Stockholders": 37829000.0,
        "Net Income Common Stockholders": 37829000.0,
        "Net Income": 37829000.0,
        "Net Income Including Noncontrolling Interests": 37829000.0,
        "Net Income Continuous Operations": 37829000.0,
        "Earnings From Equity Interest Net Of Tax": 3088000.0,
        "Tax Provision": 8151000.0,
        "Pretax Income": 42892000.0,
        "Other Income Expense": 9446000.0,
        "Other Non Operating Income Expenses": 9463000.0,
        "Gain On Sale Of Security": -17000.0,
        "Net Non Operating Interest Income Expense": 19200000.0,
        "Interest Income Non Operating": 19200000.0,
        "Operating Income": 14246000.0,
        "Operating Expense": 127694000.0,
        "Other Operating Expenses": -1318000.0,
        "Research And Development": 27611000.0,
        "Selling General And Administration": 101401000.0,
        "Selling And Marketing Expense": 61585000.0,
        "General And Administrative Expense": 39816000.0,
        "Other Gand A": 39816000.0,
        "Gross Profit": 141940000.0,
        "Cost Of Revenue": 911975000.0,
        "Total Revenue": 1053915000.0,
        "Operating Revenue": 1053915000.0
    },
    "2025-09-30": {
        "Tax Effect Of Unusual Items": -78539.763199,
        "Tax Rate For Calcs": 0.338533,
        "Normalized EBITDA": 12162000.0,
        "Total Unusual Items": -232000.0,
        "Total Unusual Items Excluding Goodwill": -232000.0,
        "Net Income From Continuing Operation Net Minority Interest": 11329000.0,
        "Reconciled Cost Of Revenue": 783022000.0,
        "EBITDA": 11930000.0,
        "EBIT": 11930000.0,
        "Net Interest Income": 18105000.0,
        "Interest Income": 18105000.0,
        "Normalized Income": 11482460.236801,
        "Net Income From Continuing And Discontinued Operation": 11329000.0,
        "Total Expenses": 887181000.0,
        "Total Operating Income As Reported": 11930000.0,
        "Diluted Average Shares": 30178859.0,
        "Basic Average Shares": 30178859.0,
        "Diluted EPS": 0.38,
        "Basic EPS": 0.38,
        "Diluted NI Availto Com Stockholders": 11329000.0,
        "Net Income Common Stockholders": 11329000.0,
        "Net Income": 11329000.0,
        "Net Income Including Noncontrolling Interests": 11329000.0,
        "Net Income Continuous Operations": 11329000.0,
        "Earnings From Equity Interest Net Of Tax": -1688000.0,
        "Tax Provision": 6662000.0,
        "Pretax Income": 19679000.0,
        "Other Income Expense": -10356000.0,
        "Other Non Operating Income Expenses": -10124000.0,
        "Gain On Sale Of Security": -232000.0,
        "Net Non Operating Interest Income Expense": 18105000.0,
        "Interest Income Non Operating": 18105000.0,
        "Operating Income": 11930000.0,
        "Operating Expense": 104159000.0,
        "Other Operating Expenses": -10334000.0,
        "Research And Development": 26888000.0,
        "Selling General And Administration": 87605000.0,
        "Selling And Marketing Expense": 52331000.0,
        "General And Administrative Expense": 35274000.0,
        "Other Gand A": 35274000.0,
        "Gross Profit": 116089000.0,
        "Cost Of Revenue": 783022000.0,
        "Total Revenue": 899111000.0,
        "Operating Revenue": 899111000.0
    }
}