{
    "2023-06-30": {
        "Tax Effect Of Unusual Items": NaN,
        "Tax Rate For Calcs": NaN,
        "Normalized EBITDA": NaN,
        "Total Unusual Items": 0.0,
        "Total Unusual Items Excluding Goodwill": 0.0,
        "Net Income From Continuing Operation Net Minority Interest": NaN,
        "Reconciled Depreciation": NaN,
        "Reconciled Cost Of Revenue": NaN,
        "EBITDA": NaN,
        "EBIT": NaN,
        "Net Interest Income": NaN,
        "Interest Expense": NaN,
        "Interest Income": NaN,
        "Normalized Income": NaN,
        "Net Income From Continuing And Discontinued Operation": NaN,
        "Total Expenses": NaN,
        "Total Operating Income As Reported": NaN,
        "Diluted Average Shares": NaN,
        "Basic Average Shares": NaN,
        "Diluted EPS": NaN,
        "Basic EPS": NaN,
        "Diluted NI Availto Com Stockholders": NaN,
        "Net Income Common Stockholders": NaN,
        "Net Income": NaN,
        "Net Income Including Noncontrolling Interests": NaN,
        "Net Income Continuous Operations": NaN,
        "Tax Provision": NaN,
        "Pretax Income": NaN,
        "Other Income Expense": NaN,
        "Other Non Operating Income Expenses": NaN,
        "Special Income Charges": 0.0,
        "Restructuring And Mergern Acquisition": 0.0,
        "Net Non Operating Interest Income Expense": NaN,
        "Interest Expense Non Operating": NaN,
        "Interest Income Non Operating": NaN,
        "Operating Income": NaN,
        "Operating Expense": NaN,
        "Selling General And Administration": NaN,
        "Selling And Marketing Expense": NaN,
        "General And Administrative Expense": NaN,
        "Other Gand A": NaN,
        "Gross Profit": NaN,
        "Cost Of Revenue": NaN,
        "Total Revenue": NaN,
        "Operating Revenue": NaN
    },
    "2023-03-31": {
        "Tax Effect Of Unusual Items": NaN,
        "Tax Rate For Calcs": NaN,
        "Normalized EBITDA": NaN,
        "Total Unusual Items": -149000.0,
        "Total Unusual Items Excluding Goodwill": -149000.0,
        "Net Income From Continuing Operation Net Minority Interest": NaN,
        "Reconciled Depreciation": NaN,
        "Reconciled Cost Of Revenue": NaN,
        "EBITDA": NaN,
        "EBIT": NaN,
        "Net Interest Income": NaN,
        "Interest Expense": NaN,
        "Interest Income": NaN,
        "Normalized Income": NaN,
        "Net Income From Continuing And Discontinued Operation": NaN,
        "Total Expenses": NaN,
        "Total Operating Income As Reported": NaN,
        "Diluted Average Shares": NaN,
        "Basic Average Shares": NaN,
        "Diluted EPS": NaN,
        "Basic EPS": NaN,
        "Diluted NI Availto Com Stockholders": NaN,
        "Net Income Common Stockholders": NaN,
        "Net Income": NaN,
        "Net Income Including Noncontrolling Interests": NaN,
        "Net Income Continuous Operations": NaN,
        "Tax Provision": NaN,
        "Pretax Income": NaN,
        "Other Income Expense": NaN,
        "Other Non Operating Income Expenses": NaN,
        "Special Income Charges": -149000.0,
        "Restructuring And Mergern Acquisition": 149000.0,
        "Net Non Operating Interest Income Expense": NaN,
        "Interest Expense Non Operating": NaN,
        "Interest Income Non Operating": NaN,
        "Operating Income": NaN,
        "Operating Expense": NaN,
        "Selling General And Administration": NaN,
        "Selling And Marketing Expense": NaN,
        "General And Administrative Expense": NaN,
        "Other Gand A": NaN,
        "Gross Profit": NaN,
        "Cost Of Revenue": NaN,
        "Total Revenue": NaN,
        "Operating Revenue": NaN
    },
    "2022-12-31": {
        "Tax Effect Of Unusual Items": 0.0,
        "Tax Rate For Calcs": 0.165888,
        "Normalized EBITDA": 275104000.0,
        "Total Unusual Items": NaN,
        "Total Unusual Items Excluding Goodwill": NaN,
        "Net Income From Continuing Operation Net Minority Interest": 158302000.0,
        "Reconciled Depreciation": 24225000.0,
        "Reconciled Cost Of Revenue": 880364000.0,
        "EBITDA": 275104000.0,
        "EBIT": 250879000.0,
        "Net Interest Income": -59033000.0,
        "Interest Expense": 61094000.0,
        "Interest Income": 2061000.0,
        "Normalized Income": 158302000.0,
        "Net Income From Continuing And Discontinued Operation": 158302000.0,
        "Total Expenses": 1143413000.0,
        "Total Operating Income As Reported": 248818000.0,
        "Diluted Average Shares": 35715408.0,
        "Basic Average Shares": 35419718.0,
        "Diluted EPS": 4.43,
        "Basic EPS": 4.471886,
        "Diluted NI Availto Com Stockholders": 158302000.0,
        "Net Income Common Stockholders": 158302000.0,
        "Net Income": 158302000.0,
        "Net Income Including Noncontrolling Interests": 158302000.0,
        "Net Income Continuous Operations": 158302000.0,
        "Tax Provision": 31483000.0,
        "Pretax Income": 189785000.0,
        "Other Income Expense": NaN,
        "Other Non Operating Income Expenses": NaN,
        "Special Income Charges": NaN,
        "Restructuring And Mergern Acquisition": NaN,
        "Net Non Operating Interest Income Expense": -59033000.0,
        "Interest Expense Non Operating": 61094000.0,
        "Interest Income Non Operating": 2061000.0,
        "Operating Income": 248818000.0,
        "Operating Expense": 263049000.0,
        "Selling General And Administration": 284222000.0,
        "Selling And Marketing Expense": 153467000.0,
        "General And Administrative Expense": 130755000.0,
        "Other Gand A": 130755000.0,
        "Gross Profit": 511867000.0,
        "Cost Of Revenue": 880364000.0,
        "Total Revenue": 1392231000.0,
        "Operating Revenue": 1392231000.0
    },
    "2022-09-30": {
        "Tax Effect Of Unusual Items": 0.0,
        "Tax Rate For Calcs": 0.238,
        "Normalized EBITDA": 196218000.0,
        "Total Unusual Items": NaN,
        "Total Unusual Items Excluding Goodwill": NaN,
        "Net Income From Continuing Operation Net Minority Interest": 100504000.0,
        "Reconciled Depreciation": 18933000.0,
        "Reconciled Cost Of Revenue": 686746000.0,
        "EBITDA": 196218000.0,
        "EBIT": 177285000.0,
        "Net Interest Income": -44604000.0,
        "Interest Expense": 45437000.0,
        "Interest Income": 833000.0,
        "Normalized Income": 100504000.0,
        "Net Income From Continuing And Discontinued Operation": 100504000.0,
        "Total Expenses": 892144000.0,
        "Total Operating Income As Reported": 176452000.0,
        "Diluted Average Shares": 36062316.0,
        "Basic Average Shares": 35692744.0,
        "Diluted EPS": 2.79,
        "Basic EPS": 2.82,
        "Diluted NI Availto Com Stockholders": 100504000.0,
        "Net Income Common Stockholders": 100504000.0,
        "Net Income": 100504000.0,
        "Net Income Including Noncontrolling Interests": 100504000.0,
        "Net Income Continuous Operations": 100504000.0,
        "Tax Provision": 31344000.0,
        "Pretax Income": 131848000.0,
        "Other Income Expense": NaN,
        "Other Non Operating Income Expenses": NaN,
        "Special Income Charges": NaN,
        "Restructuring And Mergern Acquisition": NaN,
        "Net Non Operating Interest Income Expense": -44604000.0,
        "Interest Expense Non Operating": 45437000.0,
        "Interest Income Non Operating": 833000.0,
        "Operating Income": 176452000.0,
        "Operating Expense": 205398000.0,
        "Other Operating Expenses": NaN,
        "Selling General And Administration": 205398000.0,
        "Selling And Marketing Expense": 114193000.0,
        "General And Administrative Expense": 91205000.0,
        "Other Gand A": 91205000.0,
        "Gross Profit": 381850000.0,
        "Cost Of Revenue": 686746000.0,
        "Total Revenue": 1068596000.0,
        "Operating Revenue": 1068596000.0
    },
    "2022-06-30": {
        "Tax Effect Of Unusual Items": 0.0,
        "Tax Rate For Calcs": 0.232,
        "Normalized EBITDA": 178114000.0,
        "Total Unusual Items": NaN,
        "Total Unusual Items Excluding Goodwill": NaN,
        "Net Income From Continuing Operation Net Minority Interest": 102493000.0,
        "Reconciled Depreciation": 18117000.0,
        "Reconciled Cost Of Revenue": 678917000.0,
        "EBITDA": 178114000.0,
        "EBIT": 178114000.0,
        "Net Interest Income": -44632000.0,
        "Interest Expense": 44632000.0,
        "Interest Income": 219000.0,
        "Normalized Income": 102493000.0,
        "Net Income From Continuing And Discontinued Operation": 102493000.0,
        "Total Expenses": 887068000.0,
        "Total Operating Income As Reported": 178114000.0,
        "Diluted Average Shares": 36296277.0,
        "Basic Average Shares": 35899646.0,
        "Diluted EPS": 2.82,
        "Basic EPS": 2.854986,
        "Diluted NI Availto Com Stockholders": 102493000.0,
        "Net Income Common Stockholders": 102493000.0,
        "Net Income": 102493000.0,
        "Net Income Including Noncontrolling Interests": 102493000.0,
        "Net Income Continuous Operations": 102493000.0,
        "Tax Provision": 30989000.0,
        "Pretax Income": 133482000.0,
        "Other Income Expense": NaN,
        "Other Non Operating Income Expenses": NaN,
        "Special Income Charges": NaN,
        "Restructuring And Mergern Acquisition": NaN,
        "Net Non Operating Interest Income Expense": -44632000.0,
        "Interest Expense Non Operating": 44632000.0,
        "Interest Income Non Operating": 219000.0,
        "Operating Income": 178114000.0,
        "Operating Expense": 208151000.0,
        "Other Operating Expenses": NaN,
        "Selling General And Administration": 208151000.0,
        "Selling And Marketing Expense": 111081000.0,
        "General And Administrative Expense": 97070000.0,
        "Other Gand A": 97070000.0,
        "Gross Profit": 386265000.0,
        "Cost Of Revenue": 678917000.0,
        "Total Revenue": 1065182000.0,
        "Operating Revenue": 1065182000.0
    },
    "2022-03-31": {
        "Diluted EPS": 2.5,
        "Total Revenue": NaN,
        "Gross Profit": 369,
        "Operating Income": 165,
        "EBIT": 185,
        "Net Income": 91
    },
    "2021-12-31": {
        "Diluted EPS": 4.24,
        "Total Revenue": NaN,
        "Gross Profit": 506,
        "Operating Income": 223,
        "EBIT": 247,
        "Net Income": 156
    },
    "2021-09-30": {
        "Diluted EPS": 3.24,
        "Total Revenue": 998,
        "Gross Profit": 385,
        "Operating Income": 180,
        "EBIT": 198,
        "Net Income": 120
    },
    "2021-06-30": {
        "Diluted EPS": 3.06,
        "Total Revenue": NaN,
        "Gross Profit": 408,
        "Operating Income": 191,
        "EBIT": 211,
        "Net Income": 117
    },
    "2021-03-31": {
        "Diluted EPS": 3.0,
        "Total Revenue": 984,
        "Gross Profit": 389,
        "Operating Income": 187,
        "EBIT": 204,
        "Net Income": 118
    },
    "2020-12-31": {
        "Diluted EPS": 3.84,
        "Total Revenue": NaN,
        "Gross Profit": 535,
        "Operating Income": 244,
        "EBIT": 267,
        "Net Income": 152
    },
    "2020-09-30": {
        "Diluted EPS": 2.49,
        "Total Revenue": 968,
        "Gross Profit": 362,
        "Operating Income": 162,
        "EBIT": 179,
        "Net Income": 99
    },
    "2020-06-30": {
        "Diluted EPS": 2.99,
        "Total Revenue": 920,
        "Gross Profit": 357,
        "Operating Income": 164,
        "EBIT": 180,
        "Net Income": 119
    },
    "2020-03-31": {
        "Diluted EPS": 3.07,
        "Total Revenue": 873,
        "Gross Profit": 340,
        "Operating Income": 156,
        "EBIT": 171,
        "Net Income": 122
    },
    "2019-12-31": {
        "Diluted EPS": 3.12,
        "Total Revenue": NaN,
        "Gross Profit": 447,
        "Operating Income": 204,
        "EBIT": 224,
        "Net Income": 129
    },
    "2019-09-30": {
        "Diluted EPS": 2.05,
        "Total Revenue": 821,
        "Gross Profit": 316,
        "Operating Income": 143,
        "EBIT": 157,
        "Net Income": 86
    },
    "2019-06-30": {
        "Diluted EPS": 2.19,
        "Total Revenue": 812,
        "Gross Profit": 317,
        "Operating Income": 139,
        "EBIT": 154,
        "Net Income": 92
    },
    "2019-03-31": {
        "Diluted EPS": 2.2,
        "Total Revenue": 836,
        "Gross Profit": 322,
        "Operating Income": 144,
        "EBIT": 158,
        "Net Income": 93
    },
    "2018-12-31": {
        "Diluted EPS": 2.62,
        "Total Revenue": NaN,
        "Gross Profit": 414,
        "Operating Income": 180,
        "EBIT": 199,
        "Net Income": 112
    },
    "2018-09-30": {
        "Diluted EPS": 1.95,
        "Total Revenue": 786,
        "Gross Profit": 295,
        "Operating Income": 132,
        "EBIT": 146,
        "Net Income": 84
    },
    "2018-06-30": {
        "Diluted EPS": 1.78,
        "Total Revenue": 779,
        "Gross Profit": 294,
        "Operating Income": 126,
        "EBIT": 143,
        "Net Income": 77
    },
    "2018-03-31": {
        "Diluted EPS": 2.0,
        "Total Revenue": 785,
        "Gross Profit": 300,
        "Operating Income": 133,
        "EBIT": 146,
        "Net Income": 89
    },
    "2017-12-31": {
        "Diluted EPS": 2.07,
        "Total Revenue": 892,
        "Gross Profit": 281,
        "Operating Income": 175,
        "EBIT": 191,
        "Net Income": 93
    },
    "2017-09-30": {
        "Diluted EPS": 1.18,
        "Total Revenue": 644,
        "Gross Profit": 198,
        "Operating Income": 117,
        "EBIT": 134,
        "Net Income": 56
    },
    "2017-06-30": {
        "Diluted EPS": 1.32,
        "Total Revenue": 629,
        "Gross Profit": 193,
        "Operating Income": 113,
        "EBIT": 124,
        "Net Income": 66
    },
    "2017-03-31": {
        "Diluted EPS": 1.26,
        "Total Revenue": 624,
        "Gross Profit": 194,
        "Operating Income": 116,
        "EBIT": 127,
        "Net Income": 62
    },
    "2016-12-31": {
        "Diluted EPS": 1.47,
        "Total Revenue": 819,
        "Gross Profit": 255,
        "Operating Income": 151,
        "EBIT": 165,
        "Net Income": 73
    },
    "2016-09-30": {
        "Diluted EPS": 0.96,
        "Total Revenue": 567,
        "Gross Profit": 174,
        "Operating Income": 101,
        "EBIT": 111,
        "Net Income": 47
    },
    "2016-06-30": {
        "Diluted EPS": 0.98,
        "Total Revenue": 547,
        "Gross Profit": 172,
        "Operating Income": 104,
        "EBIT": 114,
        "Net Income": 49
    },
    "2016-03-31": {
        "Diluted EPS": 0.89,
        "Total Revenue": 539,
        "Gross Profit": 167,
        "Operating Income": 99,
        "EBIT": 109,
        "Net Income": 45
    },
    "2015-12-31": {
        "Diluted EPS": 1.18,
        "Total Revenue": 741,
        "Gross Profit": 231,
        "Operating Income": 138,
        "EBIT": 157,
        "Net Income": 63
    },
    "2015-09-30": {
        "Diluted EPS": 0.67,
        "Total Revenue": 485,
        "Gross Profit": 142,
        "Operating Income": 81,
        "EBIT": 89,
        "Net Income": 38
    },
    "2015-06-30": {
        "Diluted EPS": 0.81,
        "Total Revenue": 489,
        "Gross Profit": 153,
        "Operating Income": 92,
        "EBIT": 101,
        "Net Income": 46
    },
    "2015-03-31": {
        "Diluted EPS": 0.81,
        "Total Revenue": 502,
        "Gross Profit": 157,
        "Operating Income": 94,
        "EBIT": 103,
        "Net Income": 46
    },
    "2014-12-31": {
        "Diluted EPS": 0.85,
        "Total Revenue": 643,
        "Gross Profit": 190,
        "Operating Income": 103,
        "EBIT": 120,
        "Net Income": 48
    },
    "2014-09-30": {
        "Diluted EPS": 0.63,
        "Total Revenue": 447,
        "Gross Profit": 134,
        "Operating Income": 77,
        "EBIT": 85,
        "Net Income": 36
    },
    "2014-06-30": {
        "Diluted EPS": 0.67,
        "Total Revenue": 450,
        "Gross Profit": 135,
        "Operating Income": 81,
        "EBIT": 89,
        "Net Income": 38
    },
    "2014-03-31": {
        "Diluted EPS": 0.71,
        "Total Revenue": 454,
        "Gross Profit": 137,
        "Operating Income": 84,
        "EBIT": 92,
        "Net Income": 40
    },
    "2013-12-31": {
        "Diluted EPS": 0.79,
        "Total Revenue": 567,
        "Gross Profit": 173,
        "Operating Income": 98,
        "EBIT": 108,
        "Net Income": 45
    },
    "2013-09-30": {
        "Diluted EPS": 0.53,
        "Total Revenue": 404,
        "Gross Profit": 121,
        "Operating Income": 67,
        "EBIT": 74,
        "Net Income": 31
    },
    "2013-06-30": {
        "Diluted EPS": 0.57,
        "Total Revenue": 414,
        "Gross Profit": 126,
        "Operating Income": 74,
        "EBIT": 81,
        "Net Income": 33
    },
    "2013-03-31": {
        "Diluted EPS": 0.59,
        "Total Revenue": 418,
        "Gross Profit": 130,
        "Operating Income": 76,
        "EBIT": 83,
        "Net Income": 34
    },
    "2012-12-31": {
        "Diluted EPS": 0.65,
        "Total Revenue": 540,
        "Gross Profit": 161,
        "Operating Income": 88,
        "EBIT": 98,
        "Net Income": 38
    },
    "2012-09-30": {
        "Diluted EPS": 0.44,
        "Total Revenue": 378,
        "Gross Profit": 111,
        "Operating Income": 62,
        "EBIT": 68,
        "Net Income": 26
    },
    "2012-06-30": {
        "Diluted EPS": 0.47,
        "Total Revenue": 376,
        "Gross Profit": 115,
        "Operating Income": 66,
        "EBIT": 72,
        "Net Income": 28
    },
    "2012-03-31": {
        "Diluted EPS": 0.35,
        "Total Revenue": 385,
        "Gross Profit": 115,
        "Operating Income": 67,
        "EBIT": 82,
        "Net Income": 21
    },
    "2011-12-31": {
        "Diluted EPS": 0.52,
        "Total Revenue": 502,
        "Gross Profit": 145,
        "Operating Income": 76,
        "EBIT": 87,
        "Net Income": 31
    },
    "2011-09-30": {
        "Diluted EPS": 0.36,
        "Total Revenue": 376,
        "Gross Profit": 103,
        "Operating Income": 56,
        "EBIT": 63,
        "Net Income": 22
    },
    "2011-06-30": {
        "Diluted EPS": 0.4,
        "Total Revenue": 385,
        "Gross Profit": 111,
        "Operating Income": 62,
        "EBIT": 68,
        "Net Income": 25
    },
    "2011-03-31": {
        "Diluted EPS": 0.43,
        "Total Revenue": 389,
        "Gross Profit": 112,
        "Operating Income": 65,
        "EBIT": 72,
        "Net Income": 27
    },
    "2010-12-31": {
        "Diluted EPS": 0.4,
        "Total Revenue": 480,
        "Gross Profit": 136,
        "Operating Income": 67,
        "EBIT": 79,
        "Net Income": 24
    },
    "2010-09-30": {
        "Diluted EPS": 0.27,
        "Total Revenue": 347,
        "Gross Profit": 94,
        "Operating Income": 48,
        "EBIT": 55,
        "Net Income": 17
    },
    "2010-06-30": {
        "Diluted EPS": 0.37,
        "Total Revenue": 362,
        "Gross Profit": 100,
        "Operating Income": 55,
        "EBIT": 60,
        "Net Income": 23
    },
    "2010-03-31": {
        "Diluted EPS": 0.41,
        "Total Revenue": 381,
        "Gross Profit": 108,
        "Operating Income": 58,
        "EBIT": 66,
        "Net Income": 25
    },
    "2009-12-31": {
        "Diluted EPS": 0.41,
        "Total Revenue": 463,
        "Gross Profit": 129,
        "Operating Income": 64,
        "EBIT": 75,
        "Net Income": 24
    },
    "2009-09-30": {
        "Diluted EPS": 0.31,
        "Total Revenue": 303,
        "Gross Profit": 83,
        "Operating Income": 40,
        "EBIT": 48,
        "Net Income": 18
    },
    "2009-06-30": {
        "Diluted EPS": 0.25,
        "Total Revenue": 317,
        "Gross Profit": 86,
        "Operating Income": 40,
        "EBIT": 47,
        "Net Income": 15
    },
    "2009-03-31": {
        "Diluted EPS": 0.41,
        "Total Revenue": 322,
        "Gross Profit": 89,
        "Operating Income": 45,
        "EBIT": 53,
        "Net Income": 24
    },
    "2023-08-31": {
        "Tax Effect Of Unusual Items": NaN,
        "Tax Rate For Calcs": NaN,
        "Normalized EBITDA": NaN,
        "Total Unusual Items": NaN,
        "Total Unusual Items Excluding Goodwill": NaN,
        "Net Income From Continuing Operation Net Minority Interest": NaN,
        "Reconciled Depreciation": NaN,
        "Reconciled Cost Of Revenue": NaN,
        "EBITDA": NaN,
        "EBIT": NaN,
        "Net Interest Income": NaN,
        "Interest Expense": NaN,
        "Interest Income": NaN,
        "Normalized Income": NaN,
        "Net Income From Continuing And Discontinued Operation": NaN,
        "Total Expenses": NaN,
        "Total Operating Income As Reported": NaN,
        "Diluted Average Shares": 35357043.0,
        "Basic Average Shares": 35030660.0,
        "Diluted EPS": 4.18,
        "Basic EPS": 4.22,
        "Diluted NI Availto Com Stockholders": NaN,
        "Net Income Common Stockholders": NaN,
        "Net Income": NaN,
        "Net Income Including Noncontrolling Interests": NaN,
        "Net Income Continuous Operations": NaN,
        "Tax Provision": NaN,
        "Pretax Income": NaN,
        "Other Income Expense": NaN,
        "Other Non Operating Income Expenses": NaN,
        "Special Income Charges": NaN,
        "Restructuring And Mergern Acquisition": NaN,
        "Net Non Operating Interest Income Expense": NaN,
        "Interest Expense Non Operating": NaN,
        "Interest Income Non Operating": NaN,
        "Operating Income": NaN,
        "Operating Expense": NaN,
        "Selling General And Administration": NaN,
        "Selling And Marketing Expense": NaN,
        "General And Administrative Expense": NaN,
        "Other Gand A": NaN,
        "Gross Profit": NaN,
        "Cost Of Revenue": NaN,
        "Total Revenue": NaN,
        "Operating Revenue": NaN
    },
    "2022-08-31": {
        "Tax Effect Of Unusual Items": 0.0,
        "Tax Rate For Calcs": 0.238,
        "Normalized EBITDA": 177285000.0,
        "Total Unusual Items": NaN,
        "Total Unusual Items Excluding Goodwill": NaN,
        "Net Income From Continuing Operation Net Minority Interest": 100504000.0,
        "Reconciled Depreciation": NaN,
        "Reconciled Cost Of Revenue": 686746000.0,
        "EBITDA": 177285000.0,
        "EBIT": 177285000.0,
        "Net Interest Income": -44604000.0,
        "Interest Expense": 45437000.0,
        "Interest Income": 833000.0,
        "Normalized Income": 100504000.0,
        "Net Income From Continuing And Discontinued Operation": 100504000.0,
        "Total Expenses": 892144000.0,
        "Total Operating Income As Reported": 176452000.0,
        "Diluted Average Shares": 36062316.0,
        "Basic Average Shares": 35692744.0,
        "Diluted EPS": 2.79,
        "Basic EPS": 2.82,
        "Diluted NI Availto Com Stockholders": 100504000.0,
        "Net Income Common Stockholders": 100504000.0,
        "Net Income": 100504000.0,
        "Net Income Including Noncontrolling Interests": 100504000.0,
        "Net Income Continuous Operations": 100504000.0,
        "Tax Provision": 31344000.0,
        "Pretax Income": 131848000.0,
        "Other Income Expense": NaN,
        "Other Non Operating Income Expenses": NaN,
        "Special Income Charges": NaN,
        "Restructuring And Mergern Acquisition": NaN,
        "Net Non Operating Interest Income Expense": -44604000.0,
        "Interest Expense Non Operating": 45437000.0,
        "Interest Income Non Operating": 833000.0,
        "Operating Income": 176452000.0,
        "Operating Expense": 205398000.0,
        "Other Operating Expenses": NaN,
        "Selling General And Administration": 205398000.0,
        "Selling And Marketing Expense": 114193000.0,
        "General And Administrative Expense": 91205000.0,
        "Other Gand A": 91205000.0,
        "Gross Profit": 381850000.0,
        "Cost Of Revenue": 686746000.0,
        "Total Revenue": 1068596000.0,
        "Operating Revenue": 1068596000.0
    },
    "2023-09-30": {
        "Tax Effect Of Unusual Items": NaN,
        "Tax Rate For Calcs": NaN,
        "Normalized EBITDA": NaN,
        "Total Unusual Items": 0.0,
        "Total Unusual Items Excluding Goodwill": 0.0,
        "Net Income From Continuing Operation Net Minority Interest": NaN,
        "Reconciled Depreciation": NaN,
        "Reconciled Cost Of Revenue": NaN,
        "EBITDA": NaN,
        "EBIT": NaN,
        "Net Interest Income": NaN,
        "Interest Expense": NaN,
        "Interest Income": NaN,
        "Normalized Income": NaN,
        "Net Income From Continuing And Discontinued Operation": NaN,
        "Total Expenses": NaN,
        "Total Operating Income As Reported": NaN,
        "Diluted Average Shares": 35357043.0,
        "Basic Average Shares": 35030660.0,
        "Diluted EPS": 4.18,
        "Basic EPS": 4.22,
        "Diluted NI Availto Com Stockholders": NaN,
        "Net Income Common Stockholders": NaN,
        "Net Income": NaN,
        "Net Income Including Noncontrolling Interests": NaN,
        "Net Income Continuous Operations": NaN,
        "Tax Provision": NaN,
        "Pretax Income": NaN,
        "Other Income Expense": NaN,
        "Other Non Operating Income Expenses": NaN,
        "Special Income Charges": 0.0,
        "Restructuring And Mergern Acquisition": 0.0,
        "Net Non Operating Interest Income Expense": NaN,
        "Interest Expense Non Operating": NaN,
        "Interest Income Non Operating": NaN,
        "Operating Income": NaN,
        "Operating Expense": NaN,
        "Selling General And Administration": NaN,
        "Selling And Marketing Expense": NaN,
        "General And Administrative Expense": NaN,
        "Other Gand A": NaN,
        "Gross Profit": NaN,
        "Cost Of Revenue": NaN,
        "Total Revenue": NaN,
        "Operating Revenue": NaN
    },
    "2023-12-31": {
        "Tax Effect Of Unusual Items": 0.0,
        "Tax Rate For Calcs": 0.23457,
        "Normalized EBITDA": 291336000.0,
        "Total Unusual Items": NaN,
        "Total Unusual Items Excluding Goodwill": NaN,
        "Net Income From Continuing Operation Net Minority Interest": 157292000.0,
        "Reconciled Depreciation": 25641000.0,
        "Reconciled Cost Of Revenue": 863927000.0,
        "EBITDA": 291336000.0,
        "EBIT": 265695000.0,
        "Net Interest Income": -56152000.0,
        "Interest Expense": 60200000.0,
        "Interest Income": 4048000.0,
        "Normalized Income": 157292000.0,
        "Net Income From Continuing And Discontinued Operation": 157292000.0,
        "Total Expenses": 1145622000.0,
        "Total Operating Income As Reported": 257201000.0,
        "Diluted Average Shares": NaN,
        "Basic Average Shares": NaN,
        "Diluted EPS": NaN,
        "Basic EPS": NaN,
        "Diluted NI Availto Com Stockholders": 157292000.0,
        "Net Income Common Stockholders": 157292000.0,
        "Net Income": 157292000.0,
        "Net Income Including Noncontrolling Interests": 157292000.0,
        "Net Income Continuous Operations": 157292000.0,
        "Tax Provision": 48203000.0,
        "Pretax Income": 205495000.0,
        "Other Income Expense": 4297000.0,
        "Other Non Operating Income Expenses": 4446000.0,
        "Special Income Charges": NaN,
        "Restructuring And Mergern Acquisition": NaN,
        "Net Non Operating Interest Income Expense": -56152000.0,
        "Interest Expense Non Operating": 60200000.0,
        "Interest Income Non Operating": 4048000.0,
        "Operating Income": 257350000.0,
        "Operating Expense": 281695000.0,
        "Selling General And Administration": 281844000.0,
        "Selling And Marketing Expense": 137476000.0,
        "General And Administrative Expense": 144368000.0,
        "Other Gand A": 144368000.0,
        "Gross Profit": 539045000.0,
        "Cost Of Revenue": 863927000.0,
        "Total Revenue": 1402972000.0,
        "Operating Revenue": 1402972000.0
    },
    "2024-03-31": {
        "Tax Effect Of Unusual Items": -21147.0,
        "Tax Rate For Calcs": 0.159,
        "Normalized EBITDA": 215455000.0,
        "Total Unusual Items": -133000.0,
        "Total Unusual Items Excluding Goodwill": -133000.0,
        "Net Income From Continuing Operation Net Minority Interest": 125824000.0,
        "Reconciled Depreciation": 19869000.0,
        "Reconciled Cost Of Revenue": 662777000.0,
        "EBITDA": 215322000.0,
        "EBIT": 195453000.0,
        "Net Interest Income": -42107000.0,
        "Interest Expense": 45846000.0,
        "Interest Income": 3739000.0,
        "Normalized Income": 125935853.0,
        "Net Income From Continuing And Discontinued Operation": 125824000.0,
        "Total Expenses": 874101000.0,
        "Total Operating Income As Reported": 210413000.0,
        "Diluted Average Shares": 35154232.0,
        "Basic Average Shares": 34800310.0,
        "Diluted EPS": 3.58,
        "Basic EPS": 3.62,
        "Diluted NI Availto Com Stockholders": 125824000.0,
        "Net Income Common Stockholders": 125824000.0,
        "Net Income": 125824000.0,
        "Net Income Including Noncontrolling Interests": 125824000.0,
        "Net Income Continuous Operations": 125824000.0,
        "Tax Provision": 23783000.0,
        "Pretax Income": 149607000.0,
        "Other Income Expense": -18832000.0,
        "Other Non Operating Income Expenses": -18699000.0,
        "Special Income Charges": -133000.0,
        "Restructuring And Mergern Acquisition": 133000.0,
        "Net Non Operating Interest Income Expense": -42107000.0,
        "Interest Expense Non Operating": 45846000.0,
        "Interest Income Non Operating": 3739000.0,
        "Operating Income": 210546000.0,
        "Operating Expense": 211324000.0,
        "Selling General And Administration": 211324000.0,
        "Selling And Marketing Expense": 110300000.0,
        "General And Administrative Expense": 101024000.0,
        "Other Gand A": 101024000.0,
        "Gross Profit": 421870000.0,
        "Cost Of Revenue": 662777000.0,
        "Total Revenue": 1084647000.0,
        "Operating Revenue": 1084647000.0
    },
    "2024-06-30": {
        "Tax Effect Of Unusual Items": -3750.0,
        "Tax Rate For Calcs": 0.15,
        "Normalized EBITDA": 232094000.0,
        "Total Unusual Items": -25000.0,
        "Total Unusual Items Excluding Goodwill": -25000.0,
        "Net Income From Continuing Operation Net Minority Interest": 141978000.0,
        "Reconciled Depreciation": 20349000.0,
        "Reconciled Cost Of Revenue": 660705000.0,
        "EBITDA": 232069000.0,
        "EBIT": 211720000.0,
        "Net Interest Income": -40502000.0,
        "Interest Expense": 44721000.0,
        "Interest Income": 4219000.0,
        "Normalized Income": 141999250.0,
        "Net Income From Continuing And Discontinued Operation": 141978000.0,
        "Total Expenses": 901608000.0,
        "Total Operating Income As Reported": 196103000.0,
        "Diluted Average Shares": 35224080.0,
        "Basic Average Shares": 34904786.0,
        "Diluted EPS": 4.03,
        "Basic EPS": 4.07,
        "Diluted NI Availto Com Stockholders": 141978000.0,
        "Net Income Common Stockholders": 141978000.0,
        "Net Income": 141978000.0,
        "Net Income Including Noncontrolling Interests": 141978000.0,
        "Net Income Continuous Operations": 141978000.0,
        "Tax Provision": 25021000.0,
        "Pretax Income": 166999000.0,
        "Other Income Expense": 11373000.0,
        "Other Non Operating Income Expenses": 11398000.0,
        "Special Income Charges": -25000.0,
        "Restructuring And Mergern Acquisition": 25000.0,
        "Net Non Operating Interest Income Expense": -40502000.0,
        "Interest Expense Non Operating": 44721000.0,
        "Interest Income Non Operating": 4219000.0,
        "Operating Income": 196128000.0,
        "Operating Expense": 240903000.0,
        "Selling General And Administration": 240903000.0,
        "Selling And Marketing Expense": 124956000.0,
        "General And Administrative Expense": 115947000.0,
        "Other Gand A": 115947000.0,
        "Gross Profit": 437031000.0,
        "Cost Of Revenue": 660705000.0,
        "Total Revenue": 1097736000.0,
        "Operating Revenue": 1097736000.0
    },
    "2024-09-30": {
        "Tax Effect Of Unusual Items": 0.0,
        "Tax Rate For Calcs": 0.204,
        "Normalized EBITDA": 250098000.0,
        "Total Unusual Items": 0.0,
        "Total Unusual Items Excluding Goodwill": 0.0,
        "Net Income From Continuing Operation Net Minority Interest": 146924000.0,
        "Reconciled Depreciation": 20756000.0,
        "Reconciled Cost Of Revenue": 656372000.0,
        "EBITDA": 250098000.0,
        "EBIT": 229342000.0,
        "Net Interest Income": -40387000.0,
        "Interest Expense": 44726000.0,
        "Interest Income": 4339000.0,
        "Normalized Income": 146924000.0,
        "Net Income From Continuing And Discontinued Operation": 146924000.0,
        "Total Expenses": 881288000.0,
        "Total Operating Income As Reported": 198831000.0,
        "Diluted Average Shares": 35039408.0,
        "Basic Average Shares": 34801086.0,
        "Diluted EPS": 4.19,
        "Basic EPS": 4.22,
        "Diluted NI Availto Com Stockholders": 146924000.0,
        "Net Income Common Stockholders": 146924000.0,
        "Net Income": 146924000.0,
        "Net Income Including Noncontrolling Interests": 146924000.0,
        "Net Income Continuous Operations": 146924000.0,
        "Tax Provision": 37692000.0,
        "Pretax Income": 184616000.0,
        "Other Income Expense": 26172000.0,
        "Other Non Operating Income Expenses": 26172000.0,
        "Special Income Charges": 0.0,
        "Restructuring And Mergern Acquisition": 0.0,
        "Net Non Operating Interest Income Expense": -40387000.0,
        "Interest Expense Non Operating": 44726000.0,
        "Interest Income Non Operating": 4339000.0,
        "Operating Income": 198831000.0,
        "Operating Expense": 224916000.0,
        "Selling General And Administration": 224916000.0,
        "Selling And Marketing Expense": 120925000.0,
        "General And Administrative Expense": 103991000.0,
        "Other Gand A": 103991000.0,
        "Gross Profit": 423747000.0,
        "Cost Of Revenue": 656372000.0,
        "Total Revenue": 1080119000.0,
        "Operating Revenue": 1080119000.0
    },
    "2024-12-31": {
        "Tax Effect Of Unusual Items": 0.0,
        "Tax Rate For Calcs": 0.233261,
        "Normalized EBITDA": 308328000.0,
        "Total Unusual Items": 0.0,
        "Total Unusual Items Excluding Goodwill": 0.0,
        "Net Income From Continuing Operation Net Minority Interest": 169444000.0,
        "Reconciled Depreciation": 26758000.0,
        "Reconciled Cost Of Revenue": 878060000.0,
        "EBITDA": 308328000.0,
        "EBIT": 281570000.0,
        "Net Interest Income": -55852000.0,
        "Interest Expense": 60577000.0,
        "Interest Income": 4725000.0,
        "Normalized Income": 169444000.0,
        "Net Income From Continuing And Discontinued Operation": 169444000.0,
        "Total Expenses": 1170262000.0,
        "Total Operating Income As Reported": 273652000.0,
        "Diluted Average Shares": 34655676.0,
        "Basic Average Shares": 34281927.0,
        "Diluted EPS": 4.89,
        "Basic EPS": 4.942663,
        "Diluted NI Availto Com Stockholders": 169444000.0,
        "Net Income Common Stockholders": 169444000.0,
        "Net Income": 169444000.0,
        "Net Income Including Noncontrolling Interests": 169444000.0,
        "Net Income Continuous Operations": 169444000.0,
        "Tax Provision": 51549000.0,
        "Pretax Income": 220993000.0,
        "Other Income Expense": 3193000.0,
        "Other Non Operating Income Expenses": 3193000.0,
        "Special Income Charges": 0.0,
        "Restructuring And Mergern Acquisition": 0.0,
        "Net Non Operating Interest Income Expense": -55852000.0,
        "Interest Expense Non Operating": 60577000.0,
        "Interest Income Non Operating": 4725000.0,
        "Operating Income": 273652000.0,
        "Operating Expense": 292202000.0,
        "Selling General And Administration": 292202000.0,
        "Selling And Marketing Expense": 153672000.0,
        "General And Administrative Expense": 138530000.0,
        "Other Gand A": 138530000.0,
        "Gross Profit": 565854000.0,
        "Cost Of Revenue": 878060000.0,
        "Total Revenue": 1443914000.0,
        "Operating Revenue": 1443914000.0
    }
}