{
    "2023-03-31": {
        "Tax Effect Of Unusual Items": NaN,
        "Tax Rate For Calcs": NaN,
        "Normalized EBITDA": NaN,
        "Net Income From Continuing Operation Net Minority Interest": NaN,
        "EBITDA": NaN,
        "EBIT": NaN,
        "Net Interest Income": NaN,
        "Normalized Income": NaN,
        "Net Income From Continuing And Discontinued Operation": NaN,
        "Total Expenses": NaN,
        "Total Operating Income As Reported": NaN,
        "Diluted Average Shares": 69205654.0,
        "Basic Average Shares": 69205654.0,
        "Diluted EPS": -0.12,
        "Basic EPS": -0.12,
        "Diluted NI Availto Com Stockholders": NaN,
        "Net Income Common Stockholders": NaN,
        "Net Income": NaN,
        "Net Income Including Noncontrolling Interests": NaN,
        "Net Income Continuous Operations": NaN,
        "Tax Provision": NaN,
        "Pretax Income": NaN,
        "Net Non Operating Interest Income Expense": NaN,
        "Total Other Finance Cost": NaN,
        "Operating Income": NaN,
        "Operating Expense": NaN,
        "Research And Development": NaN,
        "Selling General And Administration": NaN,
        "Selling And Marketing Expense": NaN,
        "General And Administrative Expense": NaN,
        "Other Gand A": NaN,
        "Total Revenue": NaN,
        "Operating Revenue": NaN
    },
    "2022-12-31": {
        "Tax Effect Of Unusual Items": 0.0,
        "Tax Rate For Calcs": 0.23,
        "Normalized EBITDA": -7985000.0,
        "Net Income From Continuing Operation Net Minority Interest": -3396000.0,
        "EBITDA": -7985000.0,
        "EBIT": -7985000.0,
        "Net Interest Income": 7967000.0,
        "Normalized Income": -3396000.0,
        "Net Income From Continuing And Discontinued Operation": -3396000.0,
        "Total Expenses": 7985000.0,
        "Total Operating Income As Reported": -7985000.0,
        "Diluted Average Shares": NaN,
        "Basic Average Shares": NaN,
        "Diluted EPS": NaN,
        "Basic EPS": NaN,
        "Diluted NI Availto Com Stockholders": -3396000.0,
        "Net Income Common Stockholders": -3396000.0,
        "Net Income": -3396000.0,
        "Net Income Including Noncontrolling Interests": -3396000.0,
        "Net Income Continuous Operations": -3396000.0,
        "Tax Provision": 3000.0,
        "Pretax Income": -3393000.0,
        "Net Non Operating Interest Income Expense": 7967000.0,
        "Total Other Finance Cost": -6177000.0,
        "Operating Income": -7985000.0,
        "Operating Expense": 7985000.0,
        "Research And Development": 5380000.0,
        "Selling General And Administration": 2605000.0,
        "Selling And Marketing Expense": 397000.0,
        "General And Administrative Expense": 2208000.0,
        "Other Gand A": 2208000.0,
        "Total Revenue": 0.0,
        "Operating Revenue": 0.0
    },
    "2022-09-30": {
        "Tax Effect Of Unusual Items": NaN,
        "Tax Rate For Calcs": NaN,
        "Normalized EBITDA": NaN,
        "Net Income From Continuing Operation Net Minority Interest": NaN,
        "EBITDA": NaN,
        "EBIT": NaN,
        "Net Interest Income": NaN,
        "Normalized Income": NaN,
        "Net Income From Continuing And Discontinued Operation": NaN,
        "Total Expenses": NaN,
        "Total Operating Income As Reported": NaN,
        "Diluted Average Shares": 68798251.0,
        "Basic Average Shares": 68798251.0,
        "Diluted EPS": -0.04,
        "Basic EPS": -0.04,
        "Diluted NI Availto Com Stockholders": NaN,
        "Net Income Common Stockholders": NaN,
        "Net Income": NaN,
        "Net Income Including Noncontrolling Interests": NaN,
        "Net Income Continuous Operations": NaN,
        "Tax Provision": NaN,
        "Pretax Income": NaN,
        "Net Non Operating Interest Income Expense": NaN,
        "Total Other Finance Cost": NaN,
        "Operating Income": NaN,
        "Operating Expense": NaN,
        "Research And Development": NaN,
        "Selling General And Administration": NaN,
        "Selling And Marketing Expense": NaN,
        "General And Administrative Expense": NaN,
        "Other Gand A": NaN,
        "Total Revenue": NaN,
        "Operating Revenue": NaN
    },
    "2022-06-30": {
        "Tax Effect Of Unusual Items": 0.0,
        "Tax Rate For Calcs": 0.4,
        "Normalized EBITDA": -8012000.0,
        "Net Income From Continuing Operation Net Minority Interest": -1999000.0,
        "Reconciled Depreciation": 244000.0,
        "EBITDA": -8012000.0,
        "EBIT": -8012000.0,
        "Net Interest Income": 6019000.0,
        "Normalized Income": -1999000.0,
        "Net Income From Continuing And Discontinued Operation": -1999000.0,
        "Total Expenses": 8012000.0,
        "Total Operating Income As Reported": -8012000.0,
        "Diluted Average Shares": 68427180.0,
        "Basic Average Shares": 68427180.0,
        "Diluted EPS": -0.03,
        "Basic EPS": -0.03,
        "Diluted NI Availto Com Stockholders": -1999000.0,
        "Net Income Common Stockholders": -1999000.0,
        "Net Income": -1999000.0,
        "Net Income Including Noncontrolling Interests": -1999000.0,
        "Net Income Continuous Operations": -1999000.0,
        "Tax Provision": 6000.0,
        "Pretax Income": -1993000.0,
        "Net Non Operating Interest Income Expense": 6019000.0,
        "Total Other Finance Cost": -6019000.0,
        "Operating Income": -8012000.0,
        "Operating Expense": 8012000.0,
        "Research And Development": 5448000.0,
        "Selling General And Administration": 2564000.0,
        "Selling And Marketing Expense": 121000.0,
        "General And Administrative Expense": 2443000.0,
        "Other Gand A": 2443000.0,
        "Total Revenue": 0.0,
        "Operating Revenue": 0.0
    },
    "2022-03-31": {
        "Diluted EPS": -0.54,
        "Total Revenue": NaN,
        "Gross Profit": NaN,
        "Operating Income": -9,
        "EBIT": -9,
        "Net Income": -26
    },
    "2021-12-31": {
        "Diluted EPS": -0.09,
        "Total Revenue": NaN,
        "Gross Profit": NaN,
        "Operating Income": -4,
        "EBIT": -4,
        "Net Income": -4
    },
    "2021-09-30": {
        "Diluted EPS": -0.12,
        "Total Revenue": NaN,
        "Gross Profit": NaN,
        "Operating Income": -4,
        "EBIT": -4,
        "Net Income": -5
    },
    "2021-06-30": {
        "Diluted EPS": -0.17,
        "Total Revenue": NaN,
        "Gross Profit": NaN,
        "Operating Income": -3,
        "EBIT": -3,
        "Net Income": -7
    },
    "2021-03-31": {
        "Diluted EPS": -0.29,
        "Total Revenue": NaN,
        "Gross Profit": NaN,
        "Operating Income": -3,
        "EBIT": -3,
        "Net Income": -12
    },
    "2020-12-31": {
        "Diluted EPS": 0.0,
        "Total Revenue": NaN,
        "Gross Profit": NaN,
        "Operating Income": NaN,
        "EBIT": NaN,
        "Net Income": NaN
    },
    "2020-09-30": {
        "Diluted EPS": 0.0,
        "Total Revenue": NaN,
        "Gross Profit": NaN,
        "Operating Income": 0,
        "EBIT": 0,
        "Net Income": 0
    },
    "2019-12-31": {
        "Diluted EPS": 0.0,
        "Total Revenue": NaN,
        "Gross Profit": NaN,
        "Operating Income": NaN,
        "EBIT": NaN,
        "Net Income": NaN
    },
    "2023-06-30": {
        "Tax Effect Of Unusual Items": 0.0,
        "Tax Rate For Calcs": 0.23,
        "Normalized EBITDA": -8168000.0,
        "Net Income From Continuing Operation Net Minority Interest": -8693000.0,
        "EBITDA": -8168000.0,
        "EBIT": -8168000.0,
        "Net Interest Income": 1445000.0,
        "Normalized Income": -8693000.0,
        "Net Income From Continuing And Discontinued Operation": -8693000.0,
        "Total Expenses": 8168000.0,
        "Total Operating Income As Reported": -8168000.0,
        "Diluted Average Shares": NaN,
        "Basic Average Shares": NaN,
        "Diluted EPS": NaN,
        "Basic EPS": NaN,
        "Diluted NI Availto Com Stockholders": -8693000.0,
        "Net Income Common Stockholders": -8693000.0,
        "Net Income": -8693000.0,
        "Net Income Including Noncontrolling Interests": -8693000.0,
        "Net Income Continuous Operations": -8693000.0,
        "Tax Provision": 26000.0,
        "Pretax Income": -8667000.0,
        "Net Non Operating Interest Income Expense": 1445000.0,
        "Total Other Finance Cost": 489000.0,
        "Operating Income": -8168000.0,
        "Operating Expense": 8168000.0,
        "Research And Development": 5955000.0,
        "Selling General And Administration": 2213000.0,
        "Selling And Marketing Expense": 520000.0,
        "General And Administrative Expense": 1693000.0,
        "Other Gand A": 1693000.0,
        "Total Revenue": 0.0,
        "Operating Revenue": 0.0
    },
    "2023-09-30": {
        "Tax Effect Of Unusual Items": 0.0,
        "Tax Rate For Calcs": 0.007877,
        "Normalized EBITDA": -8925000.0,
        "Net Income From Continuing Operation Net Minority Interest": -4912000.0,
        "EBITDA": -8925000.0,
        "EBIT": -8925000.0,
        "Net Interest Income": 2030000.0,
        "Normalized Income": -4912000.0,
        "Net Income From Continuing And Discontinued Operation": -4912000.0,
        "Total Expenses": 8925000.0,
        "Total Operating Income As Reported": -8925000.0,
        "Diluted Average Shares": NaN,
        "Basic Average Shares": NaN,
        "Diluted EPS": NaN,
        "Basic EPS": NaN,
        "Diluted NI Availto Com Stockholders": -4912000.0,
        "Net Income Common Stockholders": -4912000.0,
        "Net Income": -4912000.0,
        "Net Income Including Noncontrolling Interests": -4912000.0,
        "Net Income Continuous Operations": -4912000.0,
        "Tax Provision": -39000.0,
        "Pretax Income": -4951000.0,
        "Net Non Operating Interest Income Expense": 2030000.0,
        "Total Other Finance Cost": -3964000.0,
        "Operating Income": -8925000.0,
        "Operating Expense": 8925000.0,
        "Research And Development": 6673000.0,
        "Selling General And Administration": 2252000.0,
        "Selling And Marketing Expense": 552000.0,
        "General And Administrative Expense": 1700000.0,
        "Other Gand A": 1700000.0,
        "Total Revenue": 0.0,
        "Operating Revenue": 0.0
    },
    "2023-12-31": {
        "Tax Effect Of Unusual Items": 0.0,
        "Tax Rate For Calcs": 0.23,
        "Normalized EBITDA": -3329000.0,
        "Net Income From Continuing Operation Net Minority Interest": -7365000.0,
        "EBITDA": -3329000.0,
        "EBIT": -3329000.0,
        "Net Interest Income": 763000.0,
        "Normalized Income": -7365000.0,
        "Net Income From Continuing And Discontinued Operation": -7365000.0,
        "Total Expenses": 9943000.0,
        "Total Operating Income As Reported": -9943000.0,
        "Diluted Average Shares": NaN,
        "Basic Average Shares": NaN,
        "Diluted EPS": NaN,
        "Basic EPS": NaN,
        "Diluted NI Availto Com Stockholders": -7365000.0,
        "Net Income Common Stockholders": -7365000.0,
        "Net Income": -7365000.0,
        "Net Income Including Noncontrolling Interests": -7365000.0,
        "Net Income Continuous Operations": -7365000.0,
        "Tax Provision": 8000.0,
        "Pretax Income": -7357000.0,
        "Net Non Operating Interest Income Expense": 763000.0,
        "Total Other Finance Cost": 3992000.0,
        "Operating Income": -9943000.0,
        "Operating Expense": 9943000.0,
        "Research And Development": 7490000.0,
        "Selling General And Administration": 2453000.0,
        "Selling And Marketing Expense": 452000.0,
        "General And Administrative Expense": 2001000.0,
        "Other Gand A": 2001000.0,
        "Total Revenue": 0.0,
        "Operating Revenue": 0.0
    },
    "2024-03-31": {
        "Tax Effect Of Unusual Items": NaN,
        "Tax Rate For Calcs": NaN,
        "Normalized EBITDA": NaN,
        "Net Income From Continuing Operation Net Minority Interest": NaN,
        "EBITDA": NaN,
        "EBIT": NaN,
        "Net Interest Income": NaN,
        "Normalized Income": NaN,
        "Net Income From Continuing And Discontinued Operation": NaN,
        "Total Expenses": NaN,
        "Total Operating Income As Reported": NaN,
        "Diluted Average Shares": 69714250.0,
        "Basic Average Shares": 69714250.0,
        "Diluted EPS": -0.11,
        "Basic EPS": -0.11,
        "Diluted NI Availto Com Stockholders": NaN,
        "Net Income Common Stockholders": NaN,
        "Net Income": NaN,
        "Net Income Including Noncontrolling Interests": NaN,
        "Net Income Continuous Operations": NaN,
        "Tax Provision": NaN,
        "Pretax Income": NaN,
        "Net Non Operating Interest Income Expense": NaN,
        "Total Other Finance Cost": NaN,
        "Operating Income": NaN,
        "Operating Expense": NaN,
        "Research And Development": NaN,
        "Selling General And Administration": NaN,
        "Selling And Marketing Expense": NaN,
        "General And Administrative Expense": NaN,
        "Other Gand A": NaN,
        "Total Revenue": NaN,
        "Operating Revenue": NaN
    },
    "2024-06-30": {
        "Tax Effect Of Unusual Items": 0.0,
        "Tax Rate For Calcs": 0.23,
        "Normalized EBITDA": -9054000.0,
        "Net Income From Continuing Operation Net Minority Interest": -7369000.0,
        "EBITDA": -9054000.0,
        "EBIT": -9054000.0,
        "Net Interest Income": 1867000.0,
        "Normalized Income": -7369000.0,
        "Net Income From Continuing And Discontinued Operation": -7369000.0,
        "Total Expenses": 9054000.0,
        "Total Operating Income As Reported": -9054000.0,
        "Diluted Average Shares": NaN,
        "Basic Average Shares": NaN,
        "Diluted EPS": NaN,
        "Basic EPS": NaN,
        "Diluted NI Availto Com Stockholders": -7369000.0,
        "Net Income Common Stockholders": -7369000.0,
        "Net Income": -7369000.0,
        "Net Income Including Noncontrolling Interests": -7369000.0,
        "Net Income Continuous Operations": -7369000.0,
        "Tax Provision": 3000.0,
        "Pretax Income": -7366000.0,
        "Net Non Operating Interest Income Expense": 1867000.0,
        "Total Other Finance Cost": 457000.0,
        "Operating Income": -9054000.0,
        "Operating Expense": 9054000.0,
        "Research And Development": 6866000.0,
        "Selling General And Administration": 2188000.0,
        "Selling And Marketing Expense": 600000.0,
        "General And Administrative Expense": 1588000.0,
        "Other Gand A": 1588000.0,
        "Total Revenue": 0.0,
        "Operating Revenue": 0.0
    },
    "2024-09-30": {
        "Tax Effect Of Unusual Items": 0.0,
        "Tax Rate For Calcs": 0.0,
        "Normalized EBITDA": -8290000.0,
        "Net Income From Continuing Operation Net Minority Interest": -6924000.0,
        "EBITDA": -8290000.0,
        "EBIT": -8290000.0,
        "Net Interest Income": 1187000.0,
        "Normalized Income": -6924000.0,
        "Net Income From Continuing And Discontinued Operation": -6924000.0,
        "Total Expenses": 8290000.0,
        "Total Operating Income As Reported": -8290000.0,
        "Diluted Average Shares": NaN,
        "Basic Average Shares": NaN,
        "Diluted EPS": NaN,
        "Basic EPS": NaN,
        "Diluted NI Availto Com Stockholders": -6924000.0,
        "Net Income Common Stockholders": -6924000.0,
        "Net Income": -6924000.0,
        "Net Income Including Noncontrolling Interests": -6924000.0,
        "Net Income Continuous Operations": -6924000.0,
        "Tax Provision": 0.0,
        "Pretax Income": -6924000.0,
        "Net Non Operating Interest Income Expense": 1187000.0,
        "Total Other Finance Cost": -3511000.0,
        "Operating Income": -8290000.0,
        "Operating Expense": 8290000.0,
        "Research And Development": 6173000.0,
        "Selling General And Administration": 2117000.0,
        "Selling And Marketing Expense": 529000.0,
        "General And Administrative Expense": 1588000.0,
        "Other Gand A": 1588000.0,
        "Total Revenue": 0.0,
        "Operating Revenue": 0.0
    },
    "2024-12-31": {
        "Tax Effect Of Unusual Items": 0.0,
        "Tax Rate For Calcs": 0.23,
        "Normalized EBITDA": -5673000.0,
        "Net Income From Continuing Operation Net Minority Interest": -9476000.0,
        "EBITDA": -5673000.0,
        "EBIT": -5673000.0,
        "Net Interest Income": 435000.0,
        "Normalized Income": -9476000.0,
        "Net Income From Continuing And Discontinued Operation": -9476000.0,
        "Total Expenses": 10274000.0,
        "Total Operating Income As Reported": -10274000.0,
        "Diluted Average Shares": NaN,
        "Basic Average Shares": NaN,
        "Diluted EPS": NaN,
        "Basic EPS": NaN,
        "Diluted NI Availto Com Stockholders": -9476000.0,
        "Net Income Common Stockholders": -9476000.0,
        "Net Income": -9476000.0,
        "Net Income Including Noncontrolling Interests": -9476000.0,
        "Net Income Continuous Operations": -9476000.0,
        "Tax Provision": 2000.0,
        "Pretax Income": -9474000.0,
        "Net Non Operating Interest Income Expense": 435000.0,
        "Total Other Finance Cost": 3539000.0,
        "Operating Income": -10274000.0,
        "Operating Expense": 10274000.0,
        "Research And Development": 7533000.0,
        "Selling General And Administration": 2741000.0,
        "Selling And Marketing Expense": 687000.0,
        "General And Administrative Expense": 2054000.0,
        "Other Gand A": 2054000.0,
        "Total Revenue": 0.0,
        "Operating Revenue": 0.0
    },
    "2025-03-31": {
        "Tax Effect Of Unusual Items": 0.0,
        "Tax Rate For Calcs": 0.23,
        "Normalized EBITDA": -9308000.0,
        "Net Income From Continuing Operation Net Minority Interest": -8691000.0,
        "EBITDA": -9308000.0,
        "EBIT": -9308000.0,
        "Net Interest Income": 716000.0,
        "Normalized Income": -8691000.0,
        "Net Income From Continuing And Discontinued Operation": -8691000.0,
        "Total Expenses": 9308000.0,
        "Total Operating Income As Reported": -9308000.0,
        "Diluted Average Shares": 70450897.0,
        "Basic Average Shares": 70450897.0,
        "Diluted EPS": -0.12,
        "Basic EPS": -0.12,
        "Diluted NI Availto Com Stockholders": -8691000.0,
        "Net Income Common Stockholders": -8691000.0,
        "Net Income": -8691000.0,
        "Net Income Including Noncontrolling Interests": -8691000.0,
        "Net Income Continuous Operations": -8691000.0,
        "Tax Provision": 99000.0,
        "Pretax Income": -8592000.0,
        "Net Non Operating Interest Income Expense": 716000.0,
        "Total Other Finance Cost": -716000.0,
        "Operating Income": -9308000.0,
        "Operating Expense": 9308000.0,
        "Research And Development": 7170000.0,
        "Selling General And Administration": 2138000.0,
        "Selling And Marketing Expense": 459000.0,
        "General And Administrative Expense": 1679000.0,
        "Other Gand A": 1679000.0,
        "Total Revenue": 0.0,
        "Operating Revenue": 0.0
    },
    "2025-06-30": {
        "Tax Effect Of Unusual Items": 0.0,
        "Tax Rate For Calcs": 0.23,
        "Normalized EBITDA": -9177000.0,
        "Net Income From Continuing Operation Net Minority Interest": -10114000.0,
        "EBITDA": -9177000.0,
        "EBIT": -9177000.0,
        "Net Interest Income": 944000.0,
        "Normalized Income": -10114000.0,
        "Net Income From Continuing And Discontinued Operation": -10114000.0,
        "Total Expenses": 9648000.0,
        "Total Operating Income As Reported": -9648000.0,
        "Diluted Average Shares": NaN,
        "Basic Average Shares": NaN,
        "Diluted EPS": NaN,
        "Basic EPS": NaN,
        "Diluted NI Availto Com Stockholders": -10114000.0,
        "Net Income Common Stockholders": -10114000.0,
        "Net Income": -10114000.0,
        "Net Income Including Noncontrolling Interests": -10114000.0,
        "Net Income Continuous Operations": -10114000.0,
        "Tax Provision": 65000.0,
        "Pretax Income": -10049000.0,
        "Net Non Operating Interest Income Expense": 944000.0,
        "Total Other Finance Cost": 748000.0,
        "Operating Income": -9648000.0,
        "Operating Expense": 9648000.0,
        "Research And Development": 7012000.0,
        "Selling General And Administration": 2636000.0,
        "Selling And Marketing Expense": 459000.0,
        "General And Administrative Expense": 2177000.0,
        "Other Gand A": 2177000.0,
        "Total Revenue": 0.0,
        "Operating Revenue": 0.0
    },
    "2025-09-30": {
        "Tax Effect Of Unusual Items": 0.0,
        "Tax Rate For Calcs": 0.000684,
        "Normalized EBITDA": -11201000.0,
        "Net Income From Continuing Operation Net Minority Interest": -11686000.0,
        "EBITDA": -11201000.0,
        "EBIT": -11201000.0,
        "Net Interest Income": -2309000.0,
        "Normalized Income": -11686000.0,
        "Net Income From Continuing And Discontinued Operation": -11686000.0,
        "Total Expenses": 10730000.0,
        "Total Operating Income As Reported": -10730000.0,
        "Diluted Average Shares": NaN,
        "Basic Average Shares": NaN,
        "Diluted EPS": NaN,
        "Basic EPS": NaN,
        "Diluted NI Availto Com Stockholders": -11686000.0,
        "Net Income Common Stockholders": -11686000.0,
        "Net Income": -11686000.0,
        "Net Income Including Noncontrolling Interests": -11686000.0,
        "Net Income Continuous Operations": -11686000.0,
        "Tax Provision": -8000.0,
        "Pretax Income": -11694000.0,
        "Net Non Operating Interest Income Expense": -2309000.0,
        "Total Other Finance Cost": 617000.0,
        "Operating Income": -10730000.0,
        "Operating Expense": 10730000.0,
        "Research And Development": 8307000.0,
        "Selling General And Administration": 2423000.0,
        "Selling And Marketing Expense": 490000.0,
        "General And Administrative Expense": 1933000.0,
        "Other Gand A": 1933000.0,
        "Total Revenue": 0.0,
        "Operating Revenue": 0.0
    }
}