{
    "2023-03-31": {
        "Tax Effect Of Unusual Items": NaN,
        "Tax Rate For Calcs": NaN,
        "Normalized EBITDA": NaN,
        "Total Unusual Items": NaN,
        "Total Unusual Items Excluding Goodwill": NaN,
        "Net Income From Continuing Operation Net Minority Interest": NaN,
        "Reconciled Depreciation": NaN,
        "Reconciled Cost Of Revenue": NaN,
        "EBITDA": NaN,
        "EBIT": NaN,
        "Net Interest Income": NaN,
        "Interest Expense": NaN,
        "Normalized Income": NaN,
        "Net Income From Continuing And Discontinued Operation": NaN,
        "Total Expenses": NaN,
        "Total Operating Income As Reported": NaN,
        "Diluted Average Shares": NaN,
        "Basic Average Shares": NaN,
        "Diluted EPS": NaN,
        "Basic EPS": NaN,
        "Diluted NI Availto Com Stockholders": NaN,
        "Average Dilution Earnings": -559000.0,
        "Net Income Common Stockholders": NaN,
        "Net Income": NaN,
        "Minority Interests": 0.0,
        "Net Income Including Noncontrolling Interests": NaN,
        "Net Income Continuous Operations": NaN,
        "Tax Provision": NaN,
        "Pretax Income": NaN,
        "Other Income Expense": NaN,
        "Special Income Charges": NaN,
        "Other Special Charges": NaN,
        "Write Off": NaN,
        "Impairment Of Capital Assets": 167000.0,
        "Restructuring And Mergern Acquisition": NaN,
        "Gain On Sale Of Security": NaN,
        "Net Non Operating Interest Income Expense": NaN,
        "Interest Expense Non Operating": NaN,
        "Operating Income": NaN,
        "Operating Expense": NaN,
        "Other Operating Expenses": NaN,
        "Depreciation Amortization Depletion Income Statement": NaN,
        "Depreciation And Amortization In Income Statement": NaN,
        "Selling General And Administration": NaN,
        "Selling And Marketing Expense": NaN,
        "General And Administrative Expense": NaN,
        "Other Gand A": NaN,
        "Gross Profit": NaN,
        "Cost Of Revenue": NaN,
        "Total Revenue": NaN,
        "Operating Revenue": NaN
    },
    "2022-12-31": {
        "Tax Effect Of Unusual Items": NaN,
        "Tax Rate For Calcs": NaN,
        "Normalized EBITDA": NaN,
        "Total Unusual Items": NaN,
        "Total Unusual Items Excluding Goodwill": NaN,
        "Net Income From Continuing Operation Net Minority Interest": NaN,
        "Reconciled Depreciation": NaN,
        "Reconciled Cost Of Revenue": NaN,
        "EBITDA": NaN,
        "EBIT": NaN,
        "Net Interest Income": NaN,
        "Interest Expense": NaN,
        "Normalized Income": NaN,
        "Net Income From Continuing And Discontinued Operation": NaN,
        "Total Expenses": NaN,
        "Total Operating Income As Reported": NaN,
        "Diluted Average Shares": NaN,
        "Basic Average Shares": NaN,
        "Diluted EPS": NaN,
        "Basic EPS": NaN,
        "Diluted NI Availto Com Stockholders": NaN,
        "Average Dilution Earnings": 397000.0,
        "Net Income Common Stockholders": NaN,
        "Net Income": NaN,
        "Minority Interests": NaN,
        "Net Income Including Noncontrolling Interests": NaN,
        "Net Income Continuous Operations": NaN,
        "Tax Provision": NaN,
        "Pretax Income": NaN,
        "Other Income Expense": NaN,
        "Special Income Charges": NaN,
        "Write Off": NaN,
        "Impairment Of Capital Assets": 0.0,
        "Restructuring And Mergern Acquisition": NaN,
        "Gain On Sale Of Security": NaN,
        "Net Non Operating Interest Income Expense": NaN,
        "Interest Expense Non Operating": NaN,
        "Operating Income": NaN,
        "Operating Expense": NaN,
        "Other Operating Expenses": NaN,
        "Depreciation Amortization Depletion Income Statement": NaN,
        "Depreciation And Amortization In Income Statement": NaN,
        "Selling General And Administration": NaN,
        "Selling And Marketing Expense": NaN,
        "General And Administrative Expense": NaN,
        "Other Gand A": NaN,
        "Gross Profit": NaN,
        "Cost Of Revenue": NaN,
        "Total Revenue": NaN,
        "Operating Revenue": NaN
    },
    "2022-09-30": {
        "Tax Effect Of Unusual Items": -5694570.342205,
        "Tax Rate For Calcs": 0.273764,
        "Normalized EBITDA": 137505000.0,
        "Total Unusual Items": -20801000.0,
        "Total Unusual Items Excluding Goodwill": -20801000.0,
        "Net Income From Continuing Operation Net Minority Interest": 38391000.0,
        "Reconciled Depreciation": 36518000.0,
        "Reconciled Cost Of Revenue": 232816000.0,
        "EBITDA": 116704000.0,
        "EBIT": 80186000.0,
        "Net Interest Income": -27323000.0,
        "Interest Expense": 27323000.0,
        "Normalized Income": 53497429.657795,
        "Net Income From Continuing And Discontinued Operation": 38391000.0,
        "Total Expenses": 415607000.0,
        "Total Operating Income As Reported": 95768000.0,
        "Diluted Average Shares": 166831000.0,
        "Basic Average Shares": 162760000.0,
        "Diluted EPS": 0.23,
        "Basic EPS": 0.23,
        "Diluted NI Availto Com Stockholders": 38391000.0,
        "Average Dilution Earnings": -721000.0,
        "Net Income Common Stockholders": 38391000.0,
        "Net Income": 38391000.0,
        "Minority Interests": 0.0,
        "Net Income Including Noncontrolling Interests": 38391000.0,
        "Net Income Continuous Operations": 38391000.0,
        "Tax Provision": 14472000.0,
        "Pretax Income": 52863000.0,
        "Other Income Expense": -20801000.0,
        "Special Income Charges": -5219000.0,
        "Write Off": 2894000.0,
        "Impairment Of Capital Assets": 0.0,
        "Restructuring And Mergern Acquisition": 2325000.0,
        "Gain On Sale Of Security": -15582000.0,
        "Net Non Operating Interest Income Expense": -27323000.0,
        "Interest Expense Non Operating": 27323000.0,
        "Operating Income": 100987000.0,
        "Operating Expense": 182791000.0,
        "Other Operating Expenses": 41795000.0,
        "Depreciation Amortization Depletion Income Statement": 36518000.0,
        "Depreciation And Amortization In Income Statement": 36518000.0,
        "Selling General And Administration": 104478000.0,
        "Selling And Marketing Expense": 22018000.0,
        "General And Administrative Expense": 82460000.0,
        "Other Gand A": 82460000.0,
        "Gross Profit": 283778000.0,
        "Cost Of Revenue": 232816000.0,
        "Total Revenue": 516594000.0,
        "Operating Revenue": 516594000.0
    },
    "2022-06-30": {
        "Tax Effect Of Unusual Items": -35227123.59669,
        "Tax Rate For Calcs": 0.248353,
        "Normalized EBITDA": 130308000.0,
        "Total Unusual Items": -141843000.0,
        "Total Unusual Items Excluding Goodwill": -141843000.0,
        "Net Income From Continuing Operation Net Minority Interest": -57044000.0,
        "Reconciled Depreciation": 38087000.0,
        "Reconciled Cost Of Revenue": 221782000.0,
        "EBITDA": -11535000.0,
        "EBIT": -49622000.0,
        "Net Interest Income": -26270000.0,
        "Interest Expense": 26270000.0,
        "Normalized Income": 49571876.40331,
        "Net Income From Continuing And Discontinued Operation": -57044000.0,
        "Total Expenses": 416403000.0,
        "Total Operating Income As Reported": -35685000.0,
        "Diluted Average Shares": 162781000.0,
        "Basic Average Shares": 162781000.0,
        "Diluted EPS": -0.34,
        "Basic EPS": -0.34,
        "Diluted NI Availto Com Stockholders": -57044000.0,
        "Average Dilution Earnings": NaN,
        "Net Income Common Stockholders": -57044000.0,
        "Net Income": -57044000.0,
        "Minority Interests": 0.0,
        "Net Income Including Noncontrolling Interests": -57044000.0,
        "Net Income Continuous Operations": -57044000.0,
        "Tax Provision": -18848000.0,
        "Pretax Income": -75892000.0,
        "Other Income Expense": -141843000.0,
        "Special Income Charges": -127906000.0,
        "Write Off": -882000.0,
        "Impairment Of Capital Assets": 125450000.0,
        "Restructuring And Mergern Acquisition": 3338000.0,
        "Gain On Sale Of Security": -13937000.0,
        "Net Non Operating Interest Income Expense": -26270000.0,
        "Interest Expense Non Operating": 26270000.0,
        "Operating Income": 92221000.0,
        "Operating Expense": 194621000.0,
        "Other Operating Expenses": 36466000.0,
        "Depreciation Amortization Depletion Income Statement": 38087000.0,
        "Depreciation And Amortization In Income Statement": 38087000.0,
        "Selling General And Administration": 120068000.0,
        "Selling And Marketing Expense": 22091000.0,
        "General And Administrative Expense": 97977000.0,
        "Other Gand A": 97977000.0,
        "Gross Profit": 286842000.0,
        "Cost Of Revenue": 221782000.0,
        "Total Revenue": 508624000.0,
        "Operating Revenue": 508624000.0
    },
    "2023-06-30": {
        "Tax Effect Of Unusual Items": NaN,
        "Tax Rate For Calcs": NaN,
        "Normalized EBITDA": NaN,
        "Total Unusual Items": NaN,
        "Total Unusual Items Excluding Goodwill": NaN,
        "Net Income From Continuing Operation Net Minority Interest": NaN,
        "Reconciled Depreciation": NaN,
        "Reconciled Cost Of Revenue": NaN,
        "EBITDA": NaN,
        "EBIT": NaN,
        "Net Interest Income": NaN,
        "Interest Expense": NaN,
        "Normalized Income": NaN,
        "Net Income From Continuing And Discontinued Operation": NaN,
        "Total Expenses": NaN,
        "Total Operating Income As Reported": NaN,
        "Diluted Average Shares": NaN,
        "Basic Average Shares": NaN,
        "Diluted EPS": NaN,
        "Basic EPS": NaN,
        "Diluted NI Availto Com Stockholders": NaN,
        "Average Dilution Earnings": NaN,
        "Net Income Common Stockholders": NaN,
        "Net Income": NaN,
        "Minority Interests": 0.0,
        "Net Income Including Noncontrolling Interests": NaN,
        "Net Income Continuous Operations": NaN,
        "Tax Provision": NaN,
        "Pretax Income": NaN,
        "Other Income Expense": NaN,
        "Special Income Charges": NaN,
        "Other Special Charges": NaN,
        "Write Off": NaN,
        "Impairment Of Capital Assets": 0.0,
        "Restructuring And Mergern Acquisition": NaN,
        "Gain On Sale Of Security": NaN,
        "Net Non Operating Interest Income Expense": NaN,
        "Interest Expense Non Operating": NaN,
        "Operating Income": NaN,
        "Operating Expense": NaN,
        "Other Operating Expenses": NaN,
        "Depreciation Amortization Depletion Income Statement": NaN,
        "Depreciation And Amortization In Income Statement": NaN,
        "Selling General And Administration": NaN,
        "Selling And Marketing Expense": NaN,
        "General And Administrative Expense": NaN,
        "Other Gand A": NaN,
        "Gross Profit": NaN,
        "Cost Of Revenue": NaN,
        "Total Revenue": NaN,
        "Operating Revenue": NaN
    },
    "2022-03-31": {
        "Diluted EPS": 0.2,
        "Total Revenue": 468,
        "Gross Profit": 205,
        "Operating Income": 74,
        "EBIT": 109,
        "Net Income": 34
    },
    "2021-12-31": {
        "Diluted EPS": -0.21,
        "Total Revenue": 392,
        "Gross Profit": 169,
        "Operating Income": 0,
        "EBIT": 36,
        "Net Income": -39
    },
    "2021-09-30": {
        "Diluted EPS": 0.19,
        "Total Revenue": 371,
        "Gross Profit": 165,
        "Operating Income": 64,
        "EBIT": 94,
        "Net Income": 33
    },
    "2021-06-30": {
        "Diluted EPS": 0.21,
        "Total Revenue": 375,
        "Gross Profit": 171,
        "Operating Income": 64,
        "EBIT": 92,
        "Net Income": 35
    },
    "2021-03-31": {
        "Diluted EPS": -0.13,
        "Total Revenue": 329,
        "Gross Profit": 146,
        "Operating Income": 50,
        "EBIT": 76,
        "Net Income": -20
    },
    "2020-12-31": {
        "Diluted EPS": -0.06,
        "Total Revenue": 289,
        "Gross Profit": 119,
        "Operating Income": 20,
        "EBIT": 53,
        "Net Income": -7
    },
    "2020-09-30": {
        "Diluted EPS": 0.04,
        "Total Revenue": 268,
        "Gross Profit": 123,
        "Operating Income": 38,
        "EBIT": 59,
        "Net Income": 4
    },
    "2020-06-30": {
        "Diluted EPS": 0.03,
        "Total Revenue": 168,
        "Gross Profit": 81,
        "Operating Income": 21,
        "EBIT": 31,
        "Net Income": 3
    },
    "2020-03-31": {
        "Diluted EPS": -0.04,
        "Total Revenue": 180,
        "Gross Profit": 79,
        "Operating Income": 16,
        "EBIT": 25,
        "Net Income": -4
    },
    "2019-12-31": {
        "Diluted EPS": 0.0,
        "Total Revenue": NaN,
        "Gross Profit": NaN,
        "Operating Income": NaN,
        "EBIT": NaN,
        "Net Income": NaN
    },
    "2018-12-31": {
        "Diluted EPS": 0.0,
        "Total Revenue": NaN,
        "Gross Profit": NaN,
        "Operating Income": NaN,
        "EBIT": NaN,
        "Net Income": NaN
    },
    "2023-09-30": {
        "Tax Effect Of Unusual Items": NaN,
        "Tax Rate For Calcs": NaN,
        "Normalized EBITDA": NaN,
        "Total Unusual Items": NaN,
        "Total Unusual Items Excluding Goodwill": NaN,
        "Net Income From Continuing Operation Net Minority Interest": NaN,
        "Reconciled Depreciation": NaN,
        "Reconciled Cost Of Revenue": NaN,
        "EBITDA": NaN,
        "EBIT": NaN,
        "Net Interest Income": NaN,
        "Interest Expense": NaN,
        "Normalized Income": NaN,
        "Net Income From Continuing And Discontinued Operation": NaN,
        "Total Expenses": NaN,
        "Total Operating Income As Reported": NaN,
        "Diluted Average Shares": NaN,
        "Basic Average Shares": NaN,
        "Diluted EPS": NaN,
        "Basic EPS": NaN,
        "Diluted NI Availto Com Stockholders": NaN,
        "Average Dilution Earnings": 15051000.0,
        "Net Income Common Stockholders": NaN,
        "Net Income": NaN,
        "Minority Interests": 0.0,
        "Net Income Including Noncontrolling Interests": NaN,
        "Net Income Discontinuous Operations": NaN,
        "Net Income Continuous Operations": NaN,
        "Tax Provision": NaN,
        "Pretax Income": NaN,
        "Other Income Expense": NaN,
        "Special Income Charges": NaN,
        "Other Special Charges": NaN,
        "Write Off": NaN,
        "Impairment Of Capital Assets": 850970000.0,
        "Restructuring And Mergern Acquisition": 1667000.0,
        "Gain On Sale Of Security": NaN,
        "Net Non Operating Interest Income Expense": NaN,
        "Interest Expense Non Operating": NaN,
        "Operating Income": NaN,
        "Operating Expense": NaN,
        "Other Operating Expenses": NaN,
        "Depreciation Amortization Depletion Income Statement": NaN,
        "Depreciation And Amortization In Income Statement": NaN,
        "Selling General And Administration": NaN,
        "Selling And Marketing Expense": NaN,
        "General And Administrative Expense": NaN,
        "Other Gand A": NaN,
        "Gross Profit": NaN,
        "Cost Of Revenue": NaN,
        "Total Revenue": NaN,
        "Operating Revenue": NaN
    },
    "2023-12-31": {
        "Tax Effect Of Unusual Items": NaN,
        "Tax Rate For Calcs": NaN,
        "Normalized EBITDA": NaN,
        "Total Unusual Items": NaN,
        "Total Unusual Items Excluding Goodwill": NaN,
        "Net Income From Continuing Operation Net Minority Interest": NaN,
        "Reconciled Depreciation": NaN,
        "Reconciled Cost Of Revenue": NaN,
        "EBITDA": NaN,
        "EBIT": NaN,
        "Net Interest Income": NaN,
        "Interest Expense": NaN,
        "Normalized Income": NaN,
        "Net Income From Continuing And Discontinued Operation": NaN,
        "Total Expenses": NaN,
        "Total Operating Income As Reported": NaN,
        "Diluted Average Shares": NaN,
        "Basic Average Shares": NaN,
        "Diluted EPS": NaN,
        "Basic EPS": NaN,
        "Diluted NI Availto Com Stockholders": NaN,
        "Average Dilution Earnings": -17250000.0,
        "Net Income Common Stockholders": NaN,
        "Net Income": NaN,
        "Minority Interests": 0.0,
        "Net Income Including Noncontrolling Interests": NaN,
        "Net Income Discontinuous Operations": NaN,
        "Net Income Continuous Operations": NaN,
        "Tax Provision": NaN,
        "Pretax Income": NaN,
        "Other Income Expense": NaN,
        "Special Income Charges": -21363000.0,
        "Other Special Charges": NaN,
        "Write Off": 15453000.0,
        "Impairment Of Capital Assets": 0.0,
        "Restructuring And Mergern Acquisition": 5910000.0,
        "Gain On Sale Of Security": NaN,
        "Net Non Operating Interest Income Expense": NaN,
        "Interest Expense Non Operating": NaN,
        "Operating Income": NaN,
        "Operating Expense": NaN,
        "Other Operating Expenses": NaN,
        "Depreciation Amortization Depletion Income Statement": NaN,
        "Depreciation And Amortization In Income Statement": NaN,
        "Selling General And Administration": NaN,
        "Selling And Marketing Expense": NaN,
        "General And Administrative Expense": NaN,
        "Other Gand A": NaN,
        "Gross Profit": NaN,
        "Cost Of Revenue": NaN,
        "Total Revenue": NaN,
        "Operating Revenue": NaN
    },
    "2024-03-31": {
        "Tax Effect Of Unusual Items": NaN,
        "Tax Rate For Calcs": NaN,
        "Normalized EBITDA": NaN,
        "Total Unusual Items": NaN,
        "Total Unusual Items Excluding Goodwill": NaN,
        "Net Income From Continuing Operation Net Minority Interest": NaN,
        "Reconciled Depreciation": NaN,
        "Reconciled Cost Of Revenue": NaN,
        "EBITDA": NaN,
        "EBIT": NaN,
        "Net Interest Income": NaN,
        "Interest Expense": NaN,
        "Normalized Income": NaN,
        "Net Income From Continuing And Discontinued Operation": NaN,
        "Total Expenses": NaN,
        "Total Operating Income As Reported": NaN,
        "Diluted Average Shares": NaN,
        "Basic Average Shares": NaN,
        "Diluted EPS": NaN,
        "Basic EPS": NaN,
        "Diluted NI Availto Com Stockholders": NaN,
        "Average Dilution Earnings": -17000.0,
        "Net Income Common Stockholders": NaN,
        "Net Income": NaN,
        "Minority Interests": 0.0,
        "Net Income Including Noncontrolling Interests": NaN,
        "Net Income Discontinuous Operations": -7291000.0,
        "Net Income Continuous Operations": NaN,
        "Tax Provision": NaN,
        "Pretax Income": NaN,
        "Other Income Expense": NaN,
        "Special Income Charges": -21120000.0,
        "Other Special Charges": NaN,
        "Write Off": 19326000.0,
        "Impairment Of Capital Assets": NaN,
        "Restructuring And Mergern Acquisition": 1794000.0,
        "Gain On Sale Of Security": NaN,
        "Net Non Operating Interest Income Expense": NaN,
        "Interest Expense Non Operating": NaN,
        "Operating Income": NaN,
        "Operating Expense": NaN,
        "Other Operating Expenses": 36216000.0,
        "Depreciation Amortization Depletion Income Statement": NaN,
        "Depreciation And Amortization In Income Statement": NaN,
        "Selling General And Administration": NaN,
        "Selling And Marketing Expense": NaN,
        "General And Administrative Expense": NaN,
        "Other Gand A": NaN,
        "Gross Profit": NaN,
        "Cost Of Revenue": NaN,
        "Total Revenue": NaN,
        "Operating Revenue": NaN
    },
    "2024-06-30": {
        "Tax Effect Of Unusual Items": NaN,
        "Tax Rate For Calcs": NaN,
        "Normalized EBITDA": NaN,
        "Total Unusual Items": NaN,
        "Total Unusual Items Excluding Goodwill": NaN,
        "Net Income From Continuing Operation Net Minority Interest": NaN,
        "Reconciled Depreciation": NaN,
        "Reconciled Cost Of Revenue": NaN,
        "EBITDA": NaN,
        "EBIT": NaN,
        "Net Interest Income": NaN,
        "Interest Expense": NaN,
        "Normalized Income": NaN,
        "Net Income From Continuing And Discontinued Operation": NaN,
        "Total Expenses": NaN,
        "Total Operating Income As Reported": NaN,
        "Diluted Average Shares": NaN,
        "Basic Average Shares": NaN,
        "Diluted EPS": NaN,
        "Basic EPS": NaN,
        "Diluted NI Availto Com Stockholders": NaN,
        "Average Dilution Earnings": NaN,
        "Net Income Common Stockholders": NaN,
        "Net Income": NaN,
        "Minority Interests": NaN,
        "Net Income Including Noncontrolling Interests": NaN,
        "Net Income Discontinuous Operations": -7058000.0,
        "Net Income Continuous Operations": NaN,
        "Tax Provision": NaN,
        "Pretax Income": NaN,
        "Other Income Expense": NaN,
        "Special Income Charges": -12768000.0,
        "Other Special Charges": NaN,
        "Write Off": 12497000.0,
        "Impairment Of Capital Assets": NaN,
        "Restructuring And Mergern Acquisition": 271000.0,
        "Gain On Sale Of Security": NaN,
        "Net Non Operating Interest Income Expense": NaN,
        "Interest Expense Non Operating": NaN,
        "Operating Income": NaN,
        "Operating Expense": NaN,
        "Other Operating Expenses": 41494000.0,
        "Depreciation Amortization Depletion Income Statement": NaN,
        "Depreciation And Amortization In Income Statement": NaN,
        "Selling General And Administration": NaN,
        "Selling And Marketing Expense": NaN,
        "General And Administrative Expense": NaN,
        "Other Gand A": NaN,
        "Gross Profit": NaN,
        "Cost Of Revenue": NaN,
        "Total Revenue": NaN,
        "Operating Revenue": NaN
    },
    "2024-09-30": {
        "Tax Effect Of Unusual Items": -5139750.0,
        "Tax Rate For Calcs": 0.21,
        "Normalized EBITDA": 107391000.0,
        "Total Unusual Items": -24475000.0,
        "Total Unusual Items Excluding Goodwill": -24475000.0,
        "Net Income From Continuing Operation Net Minority Interest": -14947000.0,
        "Reconciled Depreciation": 44379000.0,
        "Reconciled Cost Of Revenue": 306223000.0,
        "EBITDA": 82916000.0,
        "EBIT": 38537000.0,
        "Net Interest Income": -43677000.0,
        "Interest Expense": 43677000.0,
        "Normalized Income": 4388250.0,
        "Net Income From Continuing And Discontinued Operation": -14947000.0,
        "Total Expenses": 528667000.0,
        "Total Operating Income As Reported": 39507000.0,
        "Diluted Average Shares": 159804000.0,
        "Basic Average Shares": 159804000.0,
        "Diluted EPS": -0.09,
        "Basic EPS": -0.09,
        "Diluted NI Availto Com Stockholders": -14947000.0,
        "Average Dilution Earnings": NaN,
        "Net Income Common Stockholders": -14947000.0,
        "Net Income": -14947000.0,
        "Minority Interests": NaN,
        "Net Income Including Noncontrolling Interests": -14947000.0,
        "Net Income Discontinuous Operations": NaN,
        "Net Income Continuous Operations": -14947000.0,
        "Tax Provision": 9807000.0,
        "Pretax Income": -5140000.0,
        "Other Income Expense": -24475000.0,
        "Special Income Charges": -23710000.0,
        "Other Special Charges": 205000.0,
        "Write Off": 24111000.0,
        "Impairment Of Capital Assets": 0.0,
        "Restructuring And Mergern Acquisition": -606000.0,
        "Gain On Sale Of Security": -765000.0,
        "Net Non Operating Interest Income Expense": -43677000.0,
        "Interest Expense Non Operating": 43677000.0,
        "Operating Income": 63012000.0,
        "Operating Expense": 221422000.0,
        "Other Operating Expenses": 1476000.0,
        "Depreciation Amortization Depletion Income Statement": 43357000.0,
        "Depreciation And Amortization In Income Statement": 43357000.0,
        "Selling General And Administration": 176589000.0,
        "Selling And Marketing Expense": 26823000.0,
        "General And Administrative Expense": 149766000.0,
        "Other Gand A": 149766000.0,
        "Gross Profit": 284434000.0,
        "Cost Of Revenue": 307245000.0,
        "Total Revenue": 591679000.0,
        "Operating Revenue": 591679000.0
    },
    "2024-12-31": {
        "Tax Effect Of Unusual Items": -55068132.93562,
        "Tax Rate For Calcs": 0.159009,
        "Normalized EBITDA": 66813000.0,
        "Total Unusual Items": -346321000.0,
        "Total Unusual Items Excluding Goodwill": -346321000.0,
        "Net Income From Continuing Operation Net Minority Interest": -311969000.0,
        "Reconciled Depreciation": 53727000.0,
        "Reconciled Cost Of Revenue": 307686000.0,
        "EBITDA": -279508000.0,
        "EBIT": -333235000.0,
        "Net Interest Income": -37719000.0,
        "Interest Expense": 37719000.0,
        "Normalized Income": -20716132.93562,
        "Net Income From Continuing And Discontinued Operation": -311969000.0,
        "Total Expenses": 551031000.0,
        "Total Operating Income As Reported": -318763000.0,
        "Diluted Average Shares": 160424000.0,
        "Basic Average Shares": 160424000.0,
        "Diluted EPS": -1.94,
        "Basic EPS": -1.91,
        "Diluted NI Availto Com Stockholders": -306638000.0,
        "Average Dilution Earnings": NaN,
        "Net Income Common Stockholders": -306638000.0,
        "Net Income": -311969000.0,
        "Minority Interests": NaN,
        "Net Income Including Noncontrolling Interests": -311969000.0,
        "Net Income Discontinuous Operations": NaN,
        "Net Income Continuous Operations": -311969000.0,
        "Tax Provision": -58985000.0,
        "Pretax Income": -370954000.0,
        "Other Income Expense": -346321000.0,
        "Special Income Charges": -331849000.0,
        "Other Special Charges": 0.0,
        "Write Off": 333308000.0,
        "Impairment Of Capital Assets": 0.0,
        "Restructuring And Mergern Acquisition": NaN,
        "Gain On Sale Of Security": -14472000.0,
        "Net Non Operating Interest Income Expense": -37719000.0,
        "Interest Expense Non Operating": 37719000.0,
        "Operating Income": 13086000.0,
        "Operating Expense": 238511000.0,
        "Other Operating Expenses": 23419000.0,
        "Depreciation Amortization Depletion Income Statement": 48893000.0,
        "Depreciation And Amortization In Income Statement": 48893000.0,
        "Selling General And Administration": 193297000.0,
        "Selling And Marketing Expense": 25813000.0,
        "General And Administrative Expense": 167484000.0,
        "Other Gand A": 167484000.0,
        "Gross Profit": 251597000.0,
        "Cost Of Revenue": 312520000.0,
        "Total Revenue": 564117000.0,
        "Operating Revenue": 564117000.0
    },
    "2025-03-31": {
        "Tax Effect Of Unusual Items": -60270.0,
        "Tax Rate For Calcs": 0.287,
        "Normalized EBITDA": 98501000.0,
        "Total Unusual Items": -210000.0,
        "Total Unusual Items Excluding Goodwill": -210000.0,
        "Net Income From Continuing Operation Net Minority Interest": 17490000.0,
        "Reconciled Depreciation": 37236000.0,
        "Reconciled Cost Of Revenue": 249285000.0,
        "EBITDA": 98291000.0,
        "EBIT": 61055000.0,
        "Net Interest Income": -36534000.0,
        "Interest Expense": 36534000.0,
        "Normalized Income": 17639730.0,
        "Net Income From Continuing And Discontinued Operation": 5506000.0,
        "Total Expenses": 454898000.0,
        "Total Operating Income As Reported": 61265000.0,
        "Diluted Average Shares": 161818000.0,
        "Basic Average Shares": 160568000.0,
        "Diluted EPS": 0.04,
        "Basic EPS": 0.04,
        "Diluted NI Availto Com Stockholders": 5493000.0,
        "Average Dilution Earnings": -13000.0,
        "Net Income Common Stockholders": 5506000.0,
        "Net Income": 5506000.0,
        "Minority Interests": NaN,
        "Net Income Including Noncontrolling Interests": 5506000.0,
        "Net Income Discontinuous Operations": -11984000.0,
        "Net Income Continuous Operations": 17490000.0,
        "Tax Provision": 7031000.0,
        "Pretax Income": 24521000.0,
        "Other Income Expense": -210000.0,
        "Special Income Charges": NaN,
        "Other Special Charges": NaN,
        "Write Off": NaN,
        "Impairment Of Capital Assets": NaN,
        "Restructuring And Mergern Acquisition": NaN,
        "Gain On Sale Of Security": -210000.0,
        "Net Non Operating Interest Income Expense": -36534000.0,
        "Interest Expense Non Operating": 36534000.0,
        "Operating Income": 61265000.0,
        "Operating Expense": 201529000.0,
        "Other Operating Expenses": 35028000.0,
        "Depreciation Amortization Depletion Income Statement": 33152000.0,
        "Depreciation And Amortization In Income Statement": 33152000.0,
        "Selling General And Administration": 168377000.0,
        "Selling And Marketing Expense": 25325000.0,
        "General And Administrative Expense": 143052000.0,
        "Other Gand A": 143052000.0,
        "Gross Profit": 262794000.0,
        "Cost Of Revenue": 253369000.0,
        "Total Revenue": 516163000.0,
        "Operating Revenue": 516163000.0
    },
    "2025-06-30": {
        "Tax Effect Of Unusual Items": 4598269.0,
        "Tax Rate For Calcs": 0.377,
        "Normalized EBITDA": 80293000.0,
        "Total Unusual Items": 12197000.0,
        "Total Unusual Items Excluding Goodwill": 12197000.0,
        "Net Income From Continuing Operation Net Minority Interest": 11809000.0,
        "Reconciled Depreciation": 42181000.0,
        "Reconciled Cost Of Revenue": 260537000.0,
        "EBITDA": 92490000.0,
        "EBIT": 50309000.0,
        "Net Interest Income": -31359000.0,
        "Interest Expense": 31359000.0,
        "Normalized Income": 4210269.0,
        "Net Income From Continuing And Discontinued Operation": 47564000.0,
        "Total Expenses": 512876000.0,
        "Total Operating Income As Reported": 38112000.0,
        "Diluted Average Shares": 164150000.0,
        "Basic Average Shares": 162833000.0,
        "Diluted EPS": 0.29,
        "Basic EPS": 0.29,
        "Diluted NI Availto Com Stockholders": 47564000.0,
        "Average Dilution Earnings": NaN,
        "Net Income Common Stockholders": 47564000.0,
        "Net Income": 47564000.0,
        "Minority Interests": NaN,
        "Net Income Including Noncontrolling Interests": 47564000.0,
        "Net Income Discontinuous Operations": 35755000.0,
        "Net Income Continuous Operations": 11809000.0,
        "Tax Provision": 7141000.0,
        "Pretax Income": 18950000.0,
        "Other Income Expense": 12197000.0,
        "Special Income Charges": NaN,
        "Other Special Charges": NaN,
        "Write Off": NaN,
        "Impairment Of Capital Assets": NaN,
        "Restructuring And Mergern Acquisition": NaN,
        "Gain On Sale Of Security": 12197000.0,
        "Net Non Operating Interest Income Expense": -31359000.0,
        "Interest Expense Non Operating": 31359000.0,
        "Operating Income": 38112000.0,
        "Operating Expense": 245061000.0,
        "Other Operating Expenses": NaN,
        "Depreciation Amortization Depletion Income Statement": 34903000.0,
        "Depreciation And Amortization In Income Statement": 34903000.0,
        "Selling General And Administration": 210158000.0,
        "Selling And Marketing Expense": 27040000.0,
        "General And Administrative Expense": 183118000.0,
        "Other Gand A": 183118000.0,
        "Gross Profit": 283173000.0,
        "Cost Of Revenue": 267815000.0,
        "Total Revenue": 550988000.0,
        "Operating Revenue": 550988000.0
    },
    "2025-09-30": {
        "Tax Effect Of Unusual Items": 182700.0,
        "Tax Rate For Calcs": 0.21,
        "Normalized EBITDA": 102818000.0,
        "Total Unusual Items": 870000.0,
        "Total Unusual Items Excluding Goodwill": 870000.0,
        "Net Income From Continuing Operation Net Minority Interest": 60862000.0,
        "Reconciled Depreciation": 40882000.0,
        "Reconciled Cost Of Revenue": 259805000.0,
        "EBITDA": 103688000.0,
        "EBIT": 62806000.0,
        "Net Interest Income": -23603000.0,
        "Interest Expense": 23603000.0,
        "Normalized Income": 60174700.0,
        "Net Income From Continuing And Discontinued Operation": 60862000.0,
        "Total Expenses": 473748000.0,
        "Total Operating Income As Reported": 61936000.0,
        "Diluted Average Shares": 165124000.0,
        "Basic Average Shares": 163900000.0,
        "Diluted EPS": 0.37,
        "Basic EPS": 0.37,
        "Diluted NI Availto Com Stockholders": 60862000.0,
        "Average Dilution Earnings": NaN,
        "Net Income Common Stockholders": 60862000.0,
        "Net Income": 60862000.0,
        "Minority Interests": NaN,
        "Net Income Including Noncontrolling Interests": 60862000.0,
        "Net Income Discontinuous Operations": 0.0,
        "Net Income Continuous Operations": 60862000.0,
        "Tax Provision": -21659000.0,
        "Pretax Income": 39203000.0,
        "Other Income Expense": 870000.0,
        "Special Income Charges": -4549000.0,
        "Other Special Charges": 4549000.0,
        "Write Off": NaN,
        "Impairment Of Capital Assets": NaN,
        "Restructuring And Mergern Acquisition": NaN,
        "Gain On Sale Of Security": 5419000.0,
        "Net Non Operating Interest Income Expense": -23603000.0,
        "Interest Expense Non Operating": 23603000.0,
        "Operating Income": 61936000.0,
        "Operating Expense": 207889000.0,
        "Other Operating Expenses": NaN,
        "Depreciation Amortization Depletion Income Statement": 34828000.0,
        "Depreciation And Amortization In Income Statement": 34828000.0,
        "Selling General And Administration": 173061000.0,
        "Selling And Marketing Expense": 27884000.0,
        "General And Administrative Expense": 145177000.0,
        "Other Gand A": 145177000.0,
        "Gross Profit": 269825000.0,
        "Cost Of Revenue": 265859000.0,
        "Total Revenue": 535684000.0,
        "Operating Revenue": 535684000.0
    }
}