{
    "2023-03-31": {
        "Tax Effect Of Unusual Items": NaN,
        "Tax Rate For Calcs": NaN,
        "Normalized EBITDA": NaN,
        "Net Income From Continuing Operation Net Minority Interest": NaN,
        "Reconciled Depreciation": NaN,
        "EBITDA": NaN,
        "EBIT": NaN,
        "Normalized Income": NaN,
        "Net Income From Continuing And Discontinued Operation": NaN,
        "Total Expenses": NaN,
        "Total Operating Income As Reported": NaN,
        "Diluted Average Shares": 55908033.0,
        "Basic Average Shares": 55908033.0,
        "Diluted EPS": -0.35,
        "Basic EPS": -0.35,
        "Diluted NI Availto Com Stockholders": NaN,
        "Net Income Common Stockholders": NaN,
        "Net Income": NaN,
        "Net Income Including Noncontrolling Interests": NaN,
        "Net Income Continuous Operations": NaN,
        "Pretax Income": NaN,
        "Other Income Expense": NaN,
        "Other Non Operating Income Expenses": NaN,
        "Operating Income": NaN,
        "Operating Expense": NaN,
        "Research And Development": NaN,
        "Selling General And Administration": NaN,
        "General And Administrative Expense": NaN,
        "Other Gand A": NaN,
        "Total Revenue": NaN,
        "Operating Revenue": NaN
    },
    "2022-12-31": {
        "Tax Effect Of Unusual Items": NaN,
        "Tax Rate For Calcs": NaN,
        "Normalized EBITDA": NaN,
        "Net Income From Continuing Operation Net Minority Interest": NaN,
        "Reconciled Depreciation": NaN,
        "EBITDA": NaN,
        "EBIT": NaN,
        "Normalized Income": NaN,
        "Net Income From Continuing And Discontinued Operation": NaN,
        "Total Expenses": NaN,
        "Total Operating Income As Reported": NaN,
        "Diluted Average Shares": 55864872.0,
        "Basic Average Shares": 55864872.0,
        "Diluted EPS": -0.31,
        "Basic EPS": -0.31,
        "Diluted NI Availto Com Stockholders": NaN,
        "Net Income Common Stockholders": NaN,
        "Net Income": NaN,
        "Net Income Including Noncontrolling Interests": NaN,
        "Net Income Continuous Operations": NaN,
        "Pretax Income": NaN,
        "Other Income Expense": NaN,
        "Other Non Operating Income Expenses": NaN,
        "Operating Income": NaN,
        "Operating Expense": NaN,
        "Research And Development": NaN,
        "Selling General And Administration": NaN,
        "General And Administrative Expense": NaN,
        "Other Gand A": NaN,
        "Total Revenue": NaN,
        "Operating Revenue": NaN
    },
    "2022-09-30": {
        "Tax Effect Of Unusual Items": 0.0,
        "Tax Rate For Calcs": 0.0,
        "Normalized EBITDA": -19084000.0,
        "Net Income From Continuing Operation Net Minority Interest": -17704000.0,
        "Reconciled Depreciation": 108000.0,
        "EBITDA": -19084000.0,
        "EBIT": -19192000.0,
        "Normalized Income": -17704000.0,
        "Net Income From Continuing And Discontinued Operation": -17704000.0,
        "Total Expenses": 19192000.0,
        "Total Operating Income As Reported": -19192000.0,
        "Diluted Average Shares": 55782329.0,
        "Basic Average Shares": 55782329.0,
        "Diluted EPS": -0.32,
        "Basic EPS": -0.32,
        "Diluted NI Availto Com Stockholders": -17704000.0,
        "Net Income Common Stockholders": -17704000.0,
        "Net Income": -17704000.0,
        "Net Income Including Noncontrolling Interests": -17704000.0,
        "Net Income Continuous Operations": -17704000.0,
        "Pretax Income": -17704000.0,
        "Other Income Expense": 1488000.0,
        "Other Non Operating Income Expenses": 1488000.0,
        "Operating Income": -19192000.0,
        "Operating Expense": 19192000.0,
        "Research And Development": 14304000.0,
        "Selling General And Administration": 4888000.0,
        "General And Administrative Expense": 4888000.0,
        "Other Gand A": 4888000.0,
        "Total Revenue": 0.0,
        "Operating Revenue": 0.0
    },
    "2022-06-30": {
        "Tax Effect Of Unusual Items": 0.0,
        "Tax Rate For Calcs": 0.0,
        "Normalized EBITDA": -15547000.0,
        "Net Income From Continuing Operation Net Minority Interest": -14999000.0,
        "Reconciled Depreciation": 92000.0,
        "EBITDA": -15547000.0,
        "EBIT": -15639000.0,
        "Normalized Income": -14999000.0,
        "Net Income From Continuing And Discontinued Operation": -14999000.0,
        "Total Expenses": 15639000.0,
        "Total Operating Income As Reported": -15639000.0,
        "Diluted Average Shares": 55670780.0,
        "Basic Average Shares": 55670780.0,
        "Diluted EPS": -0.27,
        "Basic EPS": -0.27,
        "Diluted NI Availto Com Stockholders": -14999000.0,
        "Net Income Common Stockholders": -14999000.0,
        "Net Income": -14999000.0,
        "Net Income Including Noncontrolling Interests": -14999000.0,
        "Net Income Continuous Operations": -14999000.0,
        "Pretax Income": -14999000.0,
        "Other Income Expense": 640000.0,
        "Other Non Operating Income Expenses": 640000.0,
        "Operating Income": -15639000.0,
        "Operating Expense": 15639000.0,
        "Research And Development": 11295000.0,
        "Selling General And Administration": 4344000.0,
        "General And Administrative Expense": 4344000.0,
        "Other Gand A": 4344000.0,
        "Total Revenue": 0.0,
        "Operating Revenue": 0.0
    },
    "2022-03-31": {
        "Diluted EPS": -0.24,
        "Total Revenue": NaN,
        "Gross Profit": NaN,
        "Operating Income": -13,
        "EBIT": -13,
        "Net Income": -13
    },
    "2021-12-31": {
        "Diluted EPS": -0.11,
        "Total Revenue": NaN,
        "Gross Profit": NaN,
        "Operating Income": -11,
        "EBIT": -11,
        "Net Income": -11
    },
    "2021-09-30": {
        "Diluted EPS": -0.21,
        "Total Revenue": NaN,
        "Gross Profit": NaN,
        "Operating Income": -11,
        "EBIT": -11,
        "Net Income": -11
    },
    "2021-06-30": {
        "Diluted EPS": -0.14,
        "Total Revenue": NaN,
        "Gross Profit": NaN,
        "Operating Income": -8,
        "EBIT": -8,
        "Net Income": -8
    },
    "2021-03-31": {
        "Diluted EPS": -0.31,
        "Total Revenue": NaN,
        "Gross Profit": NaN,
        "Operating Income": -6,
        "EBIT": -6,
        "Net Income": -6
    },
    "2020-12-31": {
        "Diluted EPS": -0.33,
        "Total Revenue": 0,
        "Gross Profit": 0,
        "Operating Income": -4,
        "EBIT": -4,
        "Net Income": -4
    },
    "2020-09-30": {
        "Diluted EPS": -0.09,
        "Total Revenue": 0,
        "Gross Profit": 0,
        "Operating Income": -2,
        "EBIT": -2,
        "Net Income": -2
    },
    "2020-06-30": {
        "Diluted EPS": -0.06,
        "Total Revenue": 0,
        "Gross Profit": 0,
        "Operating Income": -1,
        "EBIT": -1,
        "Net Income": -1
    },
    "2020-03-31": {
        "Diluted EPS": -0.04,
        "Total Revenue": 0,
        "Gross Profit": 0,
        "Operating Income": -1,
        "EBIT": -1,
        "Net Income": -1
    },
    "2023-06-30": {
        "Tax Effect Of Unusual Items": NaN,
        "Tax Rate For Calcs": NaN,
        "Normalized EBITDA": NaN,
        "Net Income From Continuing Operation Net Minority Interest": NaN,
        "Reconciled Depreciation": NaN,
        "EBITDA": NaN,
        "EBIT": NaN,
        "Normalized Income": NaN,
        "Net Income From Continuing And Discontinued Operation": NaN,
        "Total Expenses": NaN,
        "Total Operating Income As Reported": NaN,
        "Diluted Average Shares": 55948990.0,
        "Basic Average Shares": 55948990.0,
        "Diluted EPS": -0.36,
        "Basic EPS": -0.36,
        "Diluted NI Availto Com Stockholders": NaN,
        "Net Income Common Stockholders": NaN,
        "Net Income": NaN,
        "Net Income Including Noncontrolling Interests": NaN,
        "Net Income Continuous Operations": NaN,
        "Pretax Income": NaN,
        "Other Income Expense": NaN,
        "Other Non Operating Income Expenses": NaN,
        "Operating Income": NaN,
        "Operating Expense": NaN,
        "Research And Development": NaN,
        "Selling General And Administration": NaN,
        "General And Administrative Expense": NaN,
        "Other Gand A": NaN,
        "Total Revenue": NaN,
        "Operating Revenue": NaN
    },
    "2023-09-30": {
        "Tax Effect Of Unusual Items": NaN,
        "Tax Rate For Calcs": NaN,
        "Normalized EBITDA": NaN,
        "Net Income From Continuing Operation Net Minority Interest": NaN,
        "Reconciled Depreciation": NaN,
        "EBITDA": NaN,
        "EBIT": NaN,
        "Normalized Income": NaN,
        "Net Income From Continuing And Discontinued Operation": NaN,
        "Total Expenses": NaN,
        "Total Operating Income As Reported": NaN,
        "Diluted Average Shares": 55988691.0,
        "Basic Average Shares": 55988691.0,
        "Diluted EPS": -0.28,
        "Basic EPS": -0.28,
        "Diluted NI Availto Com Stockholders": NaN,
        "Net Income Common Stockholders": NaN,
        "Net Income": NaN,
        "Net Income Including Noncontrolling Interests": NaN,
        "Net Income Continuous Operations": NaN,
        "Pretax Income": NaN,
        "Other Income Expense": 3033000.0,
        "Other Non Operating Income Expenses": 3033000.0,
        "Operating Income": NaN,
        "Operating Expense": NaN,
        "Research And Development": NaN,
        "Selling General And Administration": NaN,
        "General And Administrative Expense": NaN,
        "Other Gand A": NaN,
        "Total Revenue": NaN,
        "Operating Revenue": NaN
    },
    "2023-12-31": {
        "Tax Effect Of Unusual Items": NaN,
        "Tax Rate For Calcs": NaN,
        "Normalized EBITDA": NaN,
        "Net Income From Continuing Operation Net Minority Interest": NaN,
        "Reconciled Depreciation": NaN,
        "EBITDA": NaN,
        "EBIT": NaN,
        "Normalized Income": NaN,
        "Net Income From Continuing And Discontinued Operation": NaN,
        "Total Expenses": NaN,
        "Total Operating Income As Reported": NaN,
        "Diluted Average Shares": NaN,
        "Basic Average Shares": NaN,
        "Diluted EPS": NaN,
        "Basic EPS": NaN,
        "Diluted NI Availto Com Stockholders": NaN,
        "Net Income Common Stockholders": NaN,
        "Net Income": NaN,
        "Net Income Including Noncontrolling Interests": NaN,
        "Net Income Continuous Operations": NaN,
        "Pretax Income": NaN,
        "Other Income Expense": 3279000.0,
        "Other Non Operating Income Expenses": 3279000.0,
        "Operating Income": NaN,
        "Operating Expense": NaN,
        "Research And Development": NaN,
        "Selling General And Administration": NaN,
        "General And Administrative Expense": NaN,
        "Other Gand A": NaN,
        "Total Revenue": NaN,
        "Operating Revenue": NaN
    },
    "2024-03-31": {
        "Tax Effect Of Unusual Items": 0.0,
        "Tax Rate For Calcs": 0.0,
        "Normalized EBITDA": -14257000.0,
        "Net Income From Continuing Operation Net Minority Interest": -11105000.0,
        "Reconciled Depreciation": 143000.0,
        "EBITDA": -14257000.0,
        "EBIT": -14400000.0,
        "Normalized Income": -11105000.0,
        "Net Income From Continuing And Discontinued Operation": -11105000.0,
        "Total Expenses": 14400000.0,
        "Total Operating Income As Reported": -14400000.0,
        "Diluted Average Shares": 56488527.0,
        "Basic Average Shares": 56488527.0,
        "Diluted EPS": -0.2,
        "Basic EPS": -0.2,
        "Diluted NI Availto Com Stockholders": -11105000.0,
        "Net Income Common Stockholders": -11105000.0,
        "Net Income": -11105000.0,
        "Net Income Including Noncontrolling Interests": -11105000.0,
        "Net Income Continuous Operations": -11105000.0,
        "Pretax Income": -11105000.0,
        "Other Income Expense": 3295000.0,
        "Other Non Operating Income Expenses": 3295000.0,
        "Operating Income": -14400000.0,
        "Operating Expense": 14400000.0,
        "Research And Development": 9801000.0,
        "Selling General And Administration": 4599000.0,
        "General And Administrative Expense": 4599000.0,
        "Other Gand A": 4599000.0,
        "Total Revenue": 0.0,
        "Operating Revenue": 0.0
    },
    "2024-06-30": {
        "Tax Effect Of Unusual Items": 0.0,
        "Tax Rate For Calcs": 0.0,
        "Normalized EBITDA": -14892000.0,
        "Net Income From Continuing Operation Net Minority Interest": -11793000.0,
        "Reconciled Depreciation": 151000.0,
        "EBITDA": -14892000.0,
        "EBIT": -15043000.0,
        "Normalized Income": -11793000.0,
        "Net Income From Continuing And Discontinued Operation": -11793000.0,
        "Total Expenses": 15043000.0,
        "Total Operating Income As Reported": -15043000.0,
        "Diluted Average Shares": 56555960.0,
        "Basic Average Shares": 56555960.0,
        "Diluted EPS": -0.21,
        "Basic EPS": -0.21,
        "Diluted NI Availto Com Stockholders": -11793000.0,
        "Net Income Common Stockholders": -11793000.0,
        "Net Income": -11793000.0,
        "Net Income Including Noncontrolling Interests": -11793000.0,
        "Net Income Continuous Operations": -11793000.0,
        "Pretax Income": -11793000.0,
        "Other Income Expense": 3250000.0,
        "Other Non Operating Income Expenses": 3250000.0,
        "Operating Income": -15043000.0,
        "Operating Expense": 15043000.0,
        "Research And Development": 10516000.0,
        "Selling General And Administration": 4527000.0,
        "General And Administrative Expense": 4527000.0,
        "Other Gand A": 4527000.0,
        "Total Revenue": 0.0,
        "Operating Revenue": 0.0
    },
    "2024-09-30": {
        "Tax Effect Of Unusual Items": 0.0,
        "Tax Rate For Calcs": 0.0,
        "Normalized EBITDA": -16093000.0,
        "Net Income From Continuing Operation Net Minority Interest": -13039000.0,
        "Reconciled Depreciation": 153000.0,
        "EBITDA": -16093000.0,
        "EBIT": -16246000.0,
        "Normalized Income": -13039000.0,
        "Net Income From Continuing And Discontinued Operation": -13039000.0,
        "Total Expenses": 16246000.0,
        "Total Operating Income As Reported": -16246000.0,
        "Diluted Average Shares": 56620731.0,
        "Basic Average Shares": 56620731.0,
        "Diluted EPS": -0.23,
        "Basic EPS": -0.23,
        "Diluted NI Availto Com Stockholders": -13039000.0,
        "Net Income Common Stockholders": -13039000.0,
        "Net Income": -13039000.0,
        "Net Income Including Noncontrolling Interests": -13039000.0,
        "Net Income Continuous Operations": -13039000.0,
        "Pretax Income": -13039000.0,
        "Other Income Expense": 3207000.0,
        "Other Non Operating Income Expenses": 3207000.0,
        "Operating Income": -16246000.0,
        "Operating Expense": 16246000.0,
        "Research And Development": 11876000.0,
        "Selling General And Administration": 4370000.0,
        "General And Administrative Expense": 4370000.0,
        "Other Gand A": 4370000.0,
        "Total Revenue": 0.0,
        "Operating Revenue": 0.0
    },
    "2024-12-31": {
        "Tax Effect Of Unusual Items": 0.0,
        "Tax Rate For Calcs": 0.0,
        "Normalized EBITDA": -16545000.0,
        "Net Income From Continuing Operation Net Minority Interest": -13651000.0,
        "Reconciled Depreciation": 149000.0,
        "EBITDA": -16545000.0,
        "EBIT": -16694000.0,
        "Normalized Income": -13651000.0,
        "Net Income From Continuing And Discontinued Operation": -13651000.0,
        "Total Expenses": 16694000.0,
        "Total Operating Income As Reported": -16694000.0,
        "Diluted Average Shares": 56681940.0,
        "Basic Average Shares": 56681940.0,
        "Diluted EPS": -0.24,
        "Basic EPS": -0.24,
        "Diluted NI Availto Com Stockholders": -13651000.0,
        "Net Income Common Stockholders": -13651000.0,
        "Net Income": -13651000.0,
        "Net Income Including Noncontrolling Interests": -13651000.0,
        "Net Income Continuous Operations": -13651000.0,
        "Pretax Income": -13651000.0,
        "Other Income Expense": NaN,
        "Other Non Operating Income Expenses": NaN,
        "Operating Income": -16694000.0,
        "Operating Expense": 16694000.0,
        "Research And Development": 12157000.0,
        "Selling General And Administration": 4537000.0,
        "General And Administrative Expense": 4537000.0,
        "Other Gand A": 4537000.0,
        "Total Revenue": 0.0,
        "Operating Revenue": 0.0
    },
    "2025-03-31": {
        "Tax Effect Of Unusual Items": 0.0,
        "Tax Rate For Calcs": 0.0,
        "Normalized EBITDA": -20259000.0,
        "Net Income From Continuing Operation Net Minority Interest": -17715000.0,
        "Reconciled Depreciation": 159000.0,
        "EBITDA": -20259000.0,
        "EBIT": -20418000.0,
        "Normalized Income": -17715000.0,
        "Net Income From Continuing And Discontinued Operation": -17715000.0,
        "Total Expenses": 20418000.0,
        "Total Operating Income As Reported": -20418000.0,
        "Diluted Average Shares": 56757827.0,
        "Basic Average Shares": 56757827.0,
        "Diluted EPS": -0.31,
        "Basic EPS": -0.31,
        "Diluted NI Availto Com Stockholders": -17715000.0,
        "Net Income Common Stockholders": -17715000.0,
        "Net Income": -17715000.0,
        "Net Income Including Noncontrolling Interests": -17715000.0,
        "Net Income Continuous Operations": -17715000.0,
        "Pretax Income": -17715000.0,
        "Other Income Expense": 2703000.0,
        "Other Non Operating Income Expenses": 2703000.0,
        "Operating Income": -20418000.0,
        "Operating Expense": 20418000.0,
        "Research And Development": 15377000.0,
        "Selling General And Administration": 5041000.0,
        "General And Administrative Expense": 5041000.0,
        "Other Gand A": 5041000.0,
        "Total Revenue": 0.0,
        "Operating Revenue": 0.0
    }
}