{
    "2023-03-31": {
        "Tax Effect Of Unusual Items": NaN,
        "Tax Rate For Calcs": NaN,
        "Normalized EBITDA": NaN,
        "Total Unusual Items": NaN,
        "Total Unusual Items Excluding Goodwill": NaN,
        "Net Income From Continuing Operation Net Minority Interest": NaN,
        "Reconciled Depreciation": NaN,
        "Reconciled Cost Of Revenue": NaN,
        "EBITDA": NaN,
        "EBIT": NaN,
        "Net Interest Income": NaN,
        "Interest Expense": NaN,
        "Normalized Income": NaN,
        "Net Income From Continuing And Discontinued Operation": NaN,
        "Total Expenses": NaN,
        "Total Operating Income As Reported": NaN,
        "Diluted Average Shares": NaN,
        "Basic Average Shares": NaN,
        "Diluted EPS": NaN,
        "Basic EPS": NaN,
        "Diluted NI Availto Com Stockholders": NaN,
        "Net Income Common Stockholders": NaN,
        "Net Income": NaN,
        "Net Income Including Noncontrolling Interests": NaN,
        "Net Income Continuous Operations": NaN,
        "Tax Provision": NaN,
        "Pretax Income": NaN,
        "Other Income Expense": NaN,
        "Other Non Operating Income Expenses": NaN,
        "Special Income Charges": NaN,
        "Restructuring And Mergern Acquisition": NaN,
        "Net Non Operating Interest Income Expense": NaN,
        "Interest Expense Non Operating": NaN,
        "Operating Income": NaN,
        "Operating Expense": NaN,
        "Selling General And Administration": NaN,
        "General And Administrative Expense": 116150000.0,
        "Other Gand A": 116150000.0,
        "Gross Profit": NaN,
        "Cost Of Revenue": NaN,
        "Total Revenue": NaN,
        "Operating Revenue": NaN
    },
    "2022-12-31": {
        "Tax Effect Of Unusual Items": NaN,
        "Tax Rate For Calcs": NaN,
        "Normalized EBITDA": NaN,
        "Total Unusual Items": NaN,
        "Total Unusual Items Excluding Goodwill": NaN,
        "Net Income From Continuing Operation Net Minority Interest": NaN,
        "Reconciled Depreciation": NaN,
        "Reconciled Cost Of Revenue": NaN,
        "EBITDA": NaN,
        "EBIT": NaN,
        "Net Interest Income": NaN,
        "Interest Expense": NaN,
        "Normalized Income": NaN,
        "Net Income From Continuing And Discontinued Operation": NaN,
        "Total Expenses": NaN,
        "Total Operating Income As Reported": NaN,
        "Diluted Average Shares": NaN,
        "Basic Average Shares": NaN,
        "Diluted EPS": NaN,
        "Basic EPS": NaN,
        "Diluted NI Availto Com Stockholders": NaN,
        "Net Income Common Stockholders": NaN,
        "Net Income": NaN,
        "Net Income Including Noncontrolling Interests": NaN,
        "Net Income Continuous Operations": NaN,
        "Tax Provision": NaN,
        "Pretax Income": NaN,
        "Other Income Expense": NaN,
        "Other Non Operating Income Expenses": NaN,
        "Special Income Charges": NaN,
        "Other Special Charges": 0.0,
        "Restructuring And Mergern Acquisition": NaN,
        "Net Non Operating Interest Income Expense": NaN,
        "Interest Expense Non Operating": NaN,
        "Operating Income": NaN,
        "Operating Expense": NaN,
        "Selling General And Administration": NaN,
        "General And Administrative Expense": NaN,
        "Other Gand A": NaN,
        "Gross Profit": NaN,
        "Cost Of Revenue": NaN,
        "Total Revenue": NaN,
        "Operating Revenue": NaN
    },
    "2022-09-30": {
        "Tax Effect Of Unusual Items": NaN,
        "Tax Rate For Calcs": NaN,
        "Normalized EBITDA": NaN,
        "Total Unusual Items": NaN,
        "Total Unusual Items Excluding Goodwill": NaN,
        "Net Income From Continuing Operation Net Minority Interest": NaN,
        "Reconciled Depreciation": NaN,
        "Reconciled Cost Of Revenue": NaN,
        "EBITDA": NaN,
        "EBIT": NaN,
        "Net Interest Income": NaN,
        "Interest Expense": NaN,
        "Normalized Income": NaN,
        "Net Income From Continuing And Discontinued Operation": NaN,
        "Total Expenses": NaN,
        "Total Operating Income As Reported": NaN,
        "Diluted Average Shares": NaN,
        "Basic Average Shares": NaN,
        "Diluted EPS": NaN,
        "Basic EPS": NaN,
        "Diluted NI Availto Com Stockholders": NaN,
        "Net Income Common Stockholders": NaN,
        "Net Income": NaN,
        "Net Income Including Noncontrolling Interests": NaN,
        "Net Income Continuous Operations": NaN,
        "Tax Provision": NaN,
        "Pretax Income": NaN,
        "Other Income Expense": NaN,
        "Other Non Operating Income Expenses": NaN,
        "Special Income Charges": NaN,
        "Other Special Charges": NaN,
        "Restructuring And Mergern Acquisition": NaN,
        "Gain On Sale Of Security": 9641000.0,
        "Net Non Operating Interest Income Expense": NaN,
        "Interest Expense Non Operating": NaN,
        "Operating Income": NaN,
        "Operating Expense": NaN,
        "Selling General And Administration": NaN,
        "General And Administrative Expense": NaN,
        "Other Gand A": NaN,
        "Gross Profit": NaN,
        "Cost Of Revenue": NaN,
        "Total Revenue": NaN,
        "Operating Revenue": NaN
    },
    "2022-06-30": {
        "Tax Effect Of Unusual Items": -3402800.0,
        "Tax Rate For Calcs": 0.4,
        "Normalized EBITDA": 24177000.0,
        "Total Unusual Items": -8507000.0,
        "Total Unusual Items Excluding Goodwill": -8507000.0,
        "Net Income From Continuing Operation Net Minority Interest": -4715000.0,
        "Reconciled Depreciation": 20246000.0,
        "Reconciled Cost Of Revenue": 206781000.0,
        "EBITDA": 15670000.0,
        "EBIT": -4576000.0,
        "Net Interest Income": -3751000.0,
        "Interest Expense": 3751000.0,
        "Normalized Income": 389200.0,
        "Net Income From Continuing And Discontinued Operation": -4715000.0,
        "Total Expenses": 317223000.0,
        "Total Operating Income As Reported": 4113000.0,
        "Diluted Average Shares": 40686056.0,
        "Basic Average Shares": 40686056.0,
        "Diluted EPS": -0.115,
        "Basic EPS": -0.115,
        "Diluted NI Availto Com Stockholders": -4715000.0,
        "Net Income Common Stockholders": -4715000.0,
        "Net Income": -4715000.0,
        "Net Income Including Noncontrolling Interests": -4715000.0,
        "Net Income Continuous Operations": -4715000.0,
        "Tax Provision": -3612000.0,
        "Pretax Income": -8327000.0,
        "Other Income Expense": -8689000.0,
        "Other Non Operating Income Expenses": -182000.0,
        "Special Income Charges": -2814000.0,
        "Other Special Charges": 2814000.0,
        "Restructuring And Mergern Acquisition": NaN,
        "Gain On Sale Of Security": -5693000.0,
        "Net Non Operating Interest Income Expense": -3751000.0,
        "Interest Expense Non Operating": 3751000.0,
        "Operating Income": 4113000.0,
        "Operating Expense": 110442000.0,
        "Selling General And Administration": 110442000.0,
        "Gross Profit": 114555000.0,
        "Cost Of Revenue": 206781000.0,
        "Total Revenue": 321336000.0,
        "Operating Revenue": 321336000.0
    },
    "2023-06-30": {
        "Tax Effect Of Unusual Items": NaN,
        "Tax Rate For Calcs": NaN,
        "Normalized EBITDA": NaN,
        "Total Unusual Items": NaN,
        "Total Unusual Items Excluding Goodwill": NaN,
        "Net Income From Continuing Operation Net Minority Interest": NaN,
        "Reconciled Depreciation": NaN,
        "Reconciled Cost Of Revenue": NaN,
        "EBITDA": NaN,
        "EBIT": NaN,
        "Net Interest Income": NaN,
        "Interest Expense": NaN,
        "Normalized Income": NaN,
        "Net Income From Continuing And Discontinued Operation": NaN,
        "Total Expenses": NaN,
        "Total Operating Income As Reported": NaN,
        "Diluted Average Shares": 43995014.0,
        "Basic Average Shares": 43621236.0,
        "Diluted EPS": 0.07,
        "Basic EPS": 0.07,
        "Diluted NI Availto Com Stockholders": NaN,
        "Net Income Common Stockholders": NaN,
        "Net Income": NaN,
        "Net Income Including Noncontrolling Interests": NaN,
        "Net Income Continuous Operations": NaN,
        "Tax Provision": NaN,
        "Pretax Income": NaN,
        "Other Income Expense": NaN,
        "Other Non Operating Income Expenses": NaN,
        "Special Income Charges": NaN,
        "Restructuring And Mergern Acquisition": NaN,
        "Net Non Operating Interest Income Expense": NaN,
        "Interest Expense Non Operating": NaN,
        "Operating Income": NaN,
        "Operating Expense": NaN,
        "Selling General And Administration": NaN,
        "General And Administrative Expense": NaN,
        "Other Gand A": NaN,
        "Gross Profit": NaN,
        "Cost Of Revenue": NaN,
        "Total Revenue": NaN,
        "Operating Revenue": NaN
    },
    "2022-03-31": {
        "Diluted EPS": -0.25,
        "Total Revenue": 154,
        "Gross Profit": 41,
        "Operating Income": 3,
        "EBIT": 11,
        "Net Income": -3
    },
    "2021-12-31": {
        "Diluted EPS": -1.04,
        "Total Revenue": 150,
        "Gross Profit": 7,
        "Operating Income": -4,
        "EBIT": 1,
        "Net Income": -10
    },
    "2021-09-30": {
        "Diluted EPS": 0.12,
        "Total Revenue": 132,
        "Gross Profit": 35,
        "Operating Income": 5,
        "EBIT": 11,
        "Net Income": 1
    },
    "2021-06-30": {
        "Diluted EPS": 0.04,
        "Total Revenue": 134,
        "Gross Profit": 34,
        "Operating Income": 5,
        "EBIT": 13,
        "Net Income": 0
    },
    "2021-03-31": {
        "Diluted EPS": 0.39,
        "Total Revenue": 104,
        "Gross Profit": 55,
        "Operating Income": 5,
        "EBIT": 7,
        "Net Income": 4
    },
    "2020-12-31": {
        "Diluted EPS": 0.02,
        "Total Revenue": 98,
        "Gross Profit": 52,
        "Operating Income": -1,
        "EBIT": 3,
        "Net Income": 0
    },
    "2020-09-30": {
        "Diluted EPS": 0.19,
        "Total Revenue": 90,
        "Gross Profit": 47,
        "Operating Income": 2,
        "EBIT": 4,
        "Net Income": 2
    },
    "2020-06-30": {
        "Diluted EPS": 0.07,
        "Total Revenue": 72,
        "Gross Profit": 38,
        "Operating Income": 1,
        "EBIT": 2,
        "Net Income": 1
    },
    "2020-03-31": {
        "Diluted EPS": 1.34,
        "Total Revenue": 91,
        "Gross Profit": 49,
        "Operating Income": 19,
        "EBIT": 20,
        "Net Income": 13
    },
    "2019-12-31": {
        "Diluted EPS": -0.32,
        "Total Revenue": 89,
        "Gross Profit": 47,
        "Operating Income": -5,
        "EBIT": -3,
        "Net Income": -3
    },
    "2019-09-30": {
        "Diluted EPS": 0.51,
        "Total Revenue": 95,
        "Gross Profit": 51,
        "Operating Income": 6,
        "EBIT": 8,
        "Net Income": 5
    },
    "2019-06-30": {
        "Diluted EPS": 0.14,
        "Total Revenue": 96,
        "Gross Profit": 51,
        "Operating Income": 2,
        "EBIT": 3,
        "Net Income": 1
    },
    "2019-03-31": {
        "Diluted EPS": 0.44,
        "Total Revenue": 91,
        "Gross Profit": 49,
        "Operating Income": 6,
        "EBIT": 7,
        "Net Income": 4
    },
    "2018-12-31": {
        "Diluted EPS": 0.28,
        "Total Revenue": 86,
        "Gross Profit": 46,
        "Operating Income": 4,
        "EBIT": 6,
        "Net Income": 3
    },
    "2018-09-30": {
        "Diluted EPS": -0.09,
        "Total Revenue": 89,
        "Gross Profit": 48,
        "Operating Income": -2,
        "EBIT": -1,
        "Net Income": -1
    },
    "2018-06-30": {
        "Diluted EPS": 0.35,
        "Total Revenue": 90,
        "Gross Profit": 49,
        "Operating Income": 6,
        "EBIT": 7,
        "Net Income": 3
    },
    "2018-03-31": {
        "Diluted EPS": 0.13,
        "Total Revenue": 84,
        "Gross Profit": 46,
        "Operating Income": 2,
        "EBIT": 4,
        "Net Income": 1
    },
    "2017-12-31": {
        "Diluted EPS": 2.22,
        "Total Revenue": 81,
        "Gross Profit": 47,
        "Operating Income": 0,
        "EBIT": 2,
        "Net Income": 20
    },
    "2017-09-30": {
        "Diluted EPS": 0.14,
        "Total Revenue": 76,
        "Gross Profit": 46,
        "Operating Income": 1,
        "EBIT": 3,
        "Net Income": 1
    },
    "2017-06-30": {
        "Diluted EPS": 0.8,
        "Total Revenue": 75,
        "Gross Profit": 45,
        "Operating Income": 8,
        "EBIT": 10,
        "Net Income": 7
    },
    "2017-03-31": {
        "Diluted EPS": 0.09,
        "Total Revenue": 75,
        "Gross Profit": 45,
        "Operating Income": 1,
        "EBIT": 2,
        "Net Income": 1
    },
    "2016-12-31": {
        "Diluted EPS": -0.52,
        "Total Revenue": 67,
        "Gross Profit": 41,
        "Operating Income": -5,
        "EBIT": -3,
        "Net Income": -5
    },
    "2016-09-30": {
        "Diluted EPS": 0.2,
        "Total Revenue": 70,
        "Gross Profit": 43,
        "Operating Income": 2,
        "EBIT": 4,
        "Net Income": 2
    },
    "2016-06-30": {
        "Diluted EPS": 0.02,
        "Total Revenue": 69,
        "Gross Profit": 43,
        "Operating Income": 0,
        "EBIT": 2,
        "Net Income": 0
    },
    "2016-03-31": {
        "Diluted EPS": 0.11,
        "Total Revenue": 70,
        "Gross Profit": 42,
        "Operating Income": 1,
        "EBIT": 3,
        "Net Income": 1
    },
    "2015-12-31": {
        "Diluted EPS": -0.41,
        "Total Revenue": 65,
        "Gross Profit": 39,
        "Operating Income": -3,
        "EBIT": -1,
        "Net Income": -4
    },
    "2015-09-30": {
        "Diluted EPS": 0.27,
        "Total Revenue": 70,
        "Gross Profit": 43,
        "Operating Income": 3,
        "EBIT": 5,
        "Net Income": 2
    },
    "2015-06-30": {
        "Diluted EPS": 0.33,
        "Total Revenue": 71,
        "Gross Profit": 44,
        "Operating Income": 3,
        "EBIT": 5,
        "Net Income": 3
    },
    "2015-03-31": {
        "Diluted EPS": -0.16,
        "Total Revenue": 70,
        "Gross Profit": 43,
        "Operating Income": -1,
        "EBIT": 1,
        "Net Income": -1
    },
    "2014-12-31": {
        "Diluted EPS": -0.3,
        "Total Revenue": 70,
        "Gross Profit": 43,
        "Operating Income": -2,
        "EBIT": 0,
        "Net Income": -3
    },
    "2014-09-30": {
        "Diluted EPS": 0.05,
        "Total Revenue": 74,
        "Gross Profit": 45,
        "Operating Income": 1,
        "EBIT": 3,
        "Net Income": 0
    },
    "2014-06-30": {
        "Diluted EPS": 0.09,
        "Total Revenue": 72,
        "Gross Profit": 44,
        "Operating Income": 1,
        "EBIT": 3,
        "Net Income": 1
    },
    "2014-03-31": {
        "Diluted EPS": -0.34,
        "Total Revenue": 69,
        "Gross Profit": 41,
        "Operating Income": -5,
        "EBIT": -2,
        "Net Income": -3
    },
    "2013-12-31": {
        "Diluted EPS": -0.34,
        "Total Revenue": 66,
        "Gross Profit": 40,
        "Operating Income": -3,
        "EBIT": -1,
        "Net Income": -3
    },
    "2013-09-30": {
        "Diluted EPS": 0.07,
        "Total Revenue": 68,
        "Gross Profit": 41,
        "Operating Income": 1,
        "EBIT": 3,
        "Net Income": 1
    },
    "2013-06-30": {
        "Diluted EPS": 0.05,
        "Total Revenue": 68,
        "Gross Profit": 41,
        "Operating Income": 0,
        "EBIT": 2,
        "Net Income": 0
    },
    "2013-03-31": {
        "Diluted EPS": -0.37,
        "Total Revenue": 67,
        "Gross Profit": 40,
        "Operating Income": -4,
        "EBIT": -1,
        "Net Income": -3
    },
    "2012-12-31": {
        "Diluted EPS": 0.2,
        "Total Revenue": 60,
        "Gross Profit": 38,
        "Operating Income": 1,
        "EBIT": 3,
        "Net Income": 2
    },
    "2012-09-30": {
        "Diluted EPS": -0.15,
        "Total Revenue": 68,
        "Gross Profit": 42,
        "Operating Income": -2,
        "EBIT": 0,
        "Net Income": -1
    },
    "2012-06-30": {
        "Diluted EPS": -7.12,
        "Total Revenue": 70,
        "Gross Profit": 36,
        "Operating Income": -42,
        "EBIT": -12,
        "Net Income": -61
    },
    "2012-03-31": {
        "Diluted EPS": -0.21,
        "Total Revenue": 76,
        "Gross Profit": 41,
        "Operating Income": -3,
        "EBIT": -1,
        "Net Income": -2
    },
    "2011-12-31": {
        "Diluted EPS": -0.64,
        "Total Revenue": 58,
        "Gross Profit": 36,
        "Operating Income": -8,
        "EBIT": -7,
        "Net Income": -6
    },
    "2011-09-30": {
        "Diluted EPS": -0.25,
        "Total Revenue": 75,
        "Gross Profit": 43,
        "Operating Income": -3,
        "EBIT": -2,
        "Net Income": -2
    },
    "2011-06-30": {
        "Diluted EPS": 0.12,
        "Total Revenue": 84,
        "Gross Profit": 48,
        "Operating Income": 2,
        "EBIT": 3,
        "Net Income": 1
    },
    "2011-03-31": {
        "Diluted EPS": 0.23,
        "Total Revenue": 83,
        "Gross Profit": 50,
        "Operating Income": 4,
        "EBIT": 5,
        "Net Income": 2
    },
    "2010-12-31": {
        "Diluted EPS": -0.06,
        "Total Revenue": 80,
        "Gross Profit": 50,
        "Operating Income": 3,
        "EBIT": 5,
        "Net Income": -1
    },
    "2010-09-30": {
        "Diluted EPS": 0.4,
        "Total Revenue": 82,
        "Gross Profit": 50,
        "Operating Income": 9,
        "EBIT": 10,
        "Net Income": 3
    },
    "2010-06-30": {
        "Diluted EPS": 0.2,
        "Total Revenue": 80,
        "Gross Profit": 49,
        "Operating Income": 3,
        "EBIT": 4,
        "Net Income": 2
    },
    "2010-03-31": {
        "Diluted EPS": 0.27,
        "Total Revenue": 75,
        "Gross Profit": 46,
        "Operating Income": 3,
        "EBIT": 4,
        "Net Income": 2
    },
    "2009-12-31": {
        "Diluted EPS": -0.02,
        "Total Revenue": 89,
        "Gross Profit": 51,
        "Operating Income": -3,
        "EBIT": -2,
        "Net Income": 0
    },
    "2009-09-30": {
        "Diluted EPS": 0.18,
        "Total Revenue": 84,
        "Gross Profit": 54,
        "Operating Income": 4,
        "EBIT": 5,
        "Net Income": 2
    },
    "2009-06-30": {
        "Diluted EPS": 0.22,
        "Total Revenue": 95,
        "Gross Profit": 56,
        "Operating Income": 3,
        "EBIT": 5,
        "Net Income": 2
    },
    "2009-03-31": {
        "Diluted EPS": -0.7,
        "Total Revenue": 99,
        "Gross Profit": 54,
        "Operating Income": -9,
        "EBIT": -7,
        "Net Income": -6
    },
    "2023-09-30": {
        "Tax Effect Of Unusual Items": NaN,
        "Tax Rate For Calcs": NaN,
        "Normalized EBITDA": NaN,
        "Total Unusual Items": NaN,
        "Total Unusual Items Excluding Goodwill": NaN,
        "Net Income From Continuing Operation Net Minority Interest": NaN,
        "Reconciled Depreciation": NaN,
        "Reconciled Cost Of Revenue": NaN,
        "EBITDA": NaN,
        "EBIT": NaN,
        "Net Interest Income": NaN,
        "Interest Expense": NaN,
        "Normalized Income": NaN,
        "Net Income From Continuing And Discontinued Operation": NaN,
        "Total Expenses": NaN,
        "Total Operating Income As Reported": NaN,
        "Diluted Average Shares": 46737443.0,
        "Basic Average Shares": 46737443.0,
        "Diluted EPS": -0.03,
        "Basic EPS": -0.03,
        "Diluted NI Availto Com Stockholders": NaN,
        "Net Income Common Stockholders": NaN,
        "Net Income": NaN,
        "Net Income Including Noncontrolling Interests": NaN,
        "Net Income Continuous Operations": NaN,
        "Tax Provision": NaN,
        "Pretax Income": NaN,
        "Other Income Expense": NaN,
        "Other Non Operating Income Expenses": NaN,
        "Special Income Charges": NaN,
        "Restructuring And Mergern Acquisition": NaN,
        "Net Non Operating Interest Income Expense": NaN,
        "Interest Expense Non Operating": NaN,
        "Operating Income": NaN,
        "Operating Expense": NaN,
        "Selling General And Administration": NaN,
        "General And Administrative Expense": NaN,
        "Other Gand A": NaN,
        "Gross Profit": NaN,
        "Cost Of Revenue": NaN,
        "Total Revenue": NaN,
        "Operating Revenue": NaN
    },
    "2023-12-31": {
        "Tax Effect Of Unusual Items": 23520.0,
        "Tax Rate For Calcs": 0.21,
        "Normalized EBITDA": 15870000.0,
        "Total Unusual Items": 112000.0,
        "Total Unusual Items Excluding Goodwill": 112000.0,
        "Net Income From Continuing Operation Net Minority Interest": -16330000.0,
        "Reconciled Depreciation": 16272000.0,
        "Reconciled Cost Of Revenue": 267555000.0,
        "EBITDA": 15982000.0,
        "EBIT": -290000.0,
        "Net Interest Income": -12717000.0,
        "Interest Expense": 12717000.0,
        "Normalized Income": -16418480.0,
        "Net Income From Continuing And Discontinued Operation": -16330000.0,
        "Total Expenses": 405528000.0,
        "Total Operating Income As Reported": -289000.0,
        "Diluted Average Shares": NaN,
        "Basic Average Shares": NaN,
        "Diluted EPS": NaN,
        "Basic EPS": NaN,
        "Diluted NI Availto Com Stockholders": -16330000.0,
        "Net Income Common Stockholders": -16330000.0,
        "Net Income": -16330000.0,
        "Net Income Including Noncontrolling Interests": -16330000.0,
        "Net Income Continuous Operations": -16330000.0,
        "Tax Provision": 3323000.0,
        "Pretax Income": -13007000.0,
        "Other Income Expense": -1000.0,
        "Other Non Operating Income Expenses": -113000.0,
        "Special Income Charges": 112000.0,
        "Restructuring And Mergern Acquisition": -112000.0,
        "Net Non Operating Interest Income Expense": -12717000.0,
        "Interest Expense Non Operating": 12717000.0,
        "Operating Income": -289000.0,
        "Operating Expense": 137973000.0,
        "Selling General And Administration": 137973000.0,
        "General And Administrative Expense": NaN,
        "Other Gand A": NaN,
        "Gross Profit": 137684000.0,
        "Cost Of Revenue": 267555000.0,
        "Total Revenue": 405239000.0,
        "Operating Revenue": 405239000.0
    },
    "2024-03-31": {
        "Tax Effect Of Unusual Items": NaN,
        "Tax Rate For Calcs": NaN,
        "Normalized EBITDA": NaN,
        "Total Unusual Items": NaN,
        "Total Unusual Items Excluding Goodwill": NaN,
        "Net Income From Continuing Operation Net Minority Interest": NaN,
        "Reconciled Depreciation": NaN,
        "Reconciled Cost Of Revenue": NaN,
        "EBITDA": NaN,
        "EBIT": NaN,
        "Net Interest Income": NaN,
        "Interest Expense": NaN,
        "Normalized Income": NaN,
        "Net Income From Continuing And Discontinued Operation": NaN,
        "Total Expenses": NaN,
        "Total Operating Income As Reported": NaN,
        "Diluted Average Shares": NaN,
        "Basic Average Shares": NaN,
        "Diluted EPS": NaN,
        "Basic EPS": NaN,
        "Diluted NI Availto Com Stockholders": NaN,
        "Net Income Common Stockholders": NaN,
        "Net Income": NaN,
        "Net Income Including Noncontrolling Interests": NaN,
        "Net Income Continuous Operations": NaN,
        "Tax Provision": NaN,
        "Pretax Income": NaN,
        "Other Income Expense": NaN,
        "Other Non Operating Income Expenses": NaN,
        "Special Income Charges": NaN,
        "Restructuring And Mergern Acquisition": NaN,
        "Net Non Operating Interest Income Expense": NaN,
        "Interest Expense Non Operating": NaN,
        "Operating Income": NaN,
        "Operating Expense": NaN,
        "Selling General And Administration": NaN,
        "General And Administrative Expense": 140626000.0,
        "Other Gand A": 140626000.0,
        "Gross Profit": NaN,
        "Cost Of Revenue": NaN,
        "Total Revenue": NaN,
        "Operating Revenue": NaN
    },
    "2024-06-30": {
        "Tax Effect Of Unusual Items": -1680.0,
        "Tax Rate For Calcs": 0.21,
        "Normalized EBITDA": 33052000.0,
        "Total Unusual Items": -8000.0,
        "Total Unusual Items Excluding Goodwill": -8000.0,
        "Net Income From Continuing Operation Net Minority Interest": 1896000.0,
        "Reconciled Depreciation": 18535000.0,
        "Reconciled Cost Of Revenue": 288009000.0,
        "EBITDA": 33044000.0,
        "EBIT": 14509000.0,
        "Net Interest Income": -12793000.0,
        "Interest Expense": 12793000.0,
        "Normalized Income": 1902320.0,
        "Net Income From Continuing And Discontinued Operation": 1896000.0,
        "Total Expenses": 425378000.0,
        "Total Operating Income As Reported": 14158000.0,
        "Diluted Average Shares": 47623712.0,
        "Basic Average Shares": 46818932.0,
        "Diluted EPS": 0.04,
        "Basic EPS": 0.04,
        "Diluted NI Availto Com Stockholders": 1896000.0,
        "Net Income Common Stockholders": 1896000.0,
        "Net Income": 1896000.0,
        "Net Income Including Noncontrolling Interests": 1896000.0,
        "Net Income Continuous Operations": 1896000.0,
        "Tax Provision": -180000.0,
        "Pretax Income": 1716000.0,
        "Other Income Expense": 351000.0,
        "Other Non Operating Income Expenses": 359000.0,
        "Special Income Charges": -8000.0,
        "Restructuring And Mergern Acquisition": 8000.0,
        "Net Non Operating Interest Income Expense": -12793000.0,
        "Interest Expense Non Operating": 12793000.0,
        "Operating Income": 14158000.0,
        "Operating Expense": 137369000.0,
        "Selling General And Administration": 137369000.0,
        "General And Administrative Expense": NaN,
        "Other Gand A": NaN,
        "Gross Profit": 151527000.0,
        "Cost Of Revenue": 288009000.0,
        "Total Revenue": 439536000.0,
        "Operating Revenue": 439536000.0
    },
    "2024-09-30": {
        "Tax Effect Of Unusual Items": -180180.0,
        "Tax Rate For Calcs": 0.21,
        "Normalized EBITDA": 37556000.0,
        "Total Unusual Items": -858000.0,
        "Total Unusual Items Excluding Goodwill": -858000.0,
        "Net Income From Continuing Operation Net Minority Interest": 21921000.0,
        "Reconciled Depreciation": 18624000.0,
        "Reconciled Cost Of Revenue": 309171000.0,
        "EBITDA": 36698000.0,
        "EBIT": 18074000.0,
        "Net Interest Income": -15160000.0,
        "Interest Expense": 15160000.0,
        "Normalized Income": 22598820.0,
        "Net Income From Continuing And Discontinued Operation": 21921000.0,
        "Total Expenses": 449072000.0,
        "Total Operating Income As Reported": 18947000.0,
        "Diluted Average Shares": 47560478.0,
        "Basic Average Shares": 46799672.0,
        "Diluted EPS": 0.46,
        "Basic EPS": 0.47,
        "Diluted NI Availto Com Stockholders": 21921000.0,
        "Net Income Common Stockholders": 21921000.0,
        "Net Income": 21921000.0,
        "Net Income Including Noncontrolling Interests": 21921000.0,
        "Net Income Continuous Operations": 21921000.0,
        "Tax Provision": -19007000.0,
        "Pretax Income": 2914000.0,
        "Other Income Expense": -873000.0,
        "Other Non Operating Income Expenses": -15000.0,
        "Special Income Charges": -858000.0,
        "Restructuring And Mergern Acquisition": 858000.0,
        "Net Non Operating Interest Income Expense": -15160000.0,
        "Interest Expense Non Operating": 15160000.0,
        "Operating Income": 18947000.0,
        "Operating Expense": 139901000.0,
        "Selling General And Administration": 139901000.0,
        "Gross Profit": 158848000.0,
        "Cost Of Revenue": 309171000.0,
        "Total Revenue": 468019000.0,
        "Operating Revenue": 468019000.0
    },
    "2024-12-31": {
        "Tax Effect Of Unusual Items": -26670.0,
        "Tax Rate For Calcs": 0.21,
        "Normalized EBITDA": 39792000.0,
        "Total Unusual Items": -127000.0,
        "Total Unusual Items Excluding Goodwill": -127000.0,
        "Net Income From Continuing Operation Net Minority Interest": -25925000.0,
        "Reconciled Depreciation": 20165000.0,
        "Reconciled Cost Of Revenue": 320472000.0,
        "EBITDA": 39665000.0,
        "EBIT": 19500000.0,
        "Net Interest Income": -15365000.0,
        "Interest Expense": 15365000.0,
        "Normalized Income": -25824670.0,
        "Net Income From Continuing And Discontinued Operation": -25925000.0,
        "Total Expenses": 460396000.0,
        "Total Operating Income As Reported": 20067000.0,
        "Diluted Average Shares": 46849345.0,
        "Basic Average Shares": 46849345.0,
        "Diluted EPS": -0.55,
        "Basic EPS": -0.55,
        "Diluted NI Availto Com Stockholders": -25925000.0,
        "Net Income Common Stockholders": -25925000.0,
        "Net Income": -25925000.0,
        "Net Income Including Noncontrolling Interests": -25925000.0,
        "Net Income Continuous Operations": -25925000.0,
        "Tax Provision": 30060000.0,
        "Pretax Income": 4135000.0,
        "Other Income Expense": -567000.0,
        "Other Non Operating Income Expenses": -440000.0,
        "Special Income Charges": -127000.0,
        "Restructuring And Mergern Acquisition": 127000.0,
        "Net Non Operating Interest Income Expense": -15365000.0,
        "Interest Expense Non Operating": 15365000.0,
        "Operating Income": 20067000.0,
        "Operating Expense": 139924000.0,
        "Selling General And Administration": 139924000.0,
        "Gross Profit": 159991000.0,
        "Cost Of Revenue": 320472000.0,
        "Total Revenue": 480463000.0,
        "Operating Revenue": 480463000.0
    },
    "2025-03-31": {
        "Tax Effect Of Unusual Items": -210000.0,
        "Tax Rate For Calcs": 0.21,
        "Normalized EBITDA": 40708000.0,
        "Total Unusual Items": -1000000.0,
        "Total Unusual Items Excluding Goodwill": -1000000.0,
        "Net Income From Continuing Operation Net Minority Interest": 3261000.0,
        "Reconciled Depreciation": 19979000.0,
        "Reconciled Cost Of Revenue": 314049000.0,
        "EBITDA": 39708000.0,
        "EBIT": 19729000.0,
        "Net Interest Income": -14215000.0,
        "Interest Expense": 14215000.0,
        "Normalized Income": 4051000.0,
        "Net Income From Continuing And Discontinued Operation": 3261000.0,
        "Total Expenses": 457932000.0,
        "Total Operating Income As Reported": 20097000.0,
        "Diluted Average Shares": 47400378.0,
        "Basic Average Shares": 46601426.0,
        "Diluted EPS": 0.07,
        "Basic EPS": 0.07,
        "Diluted NI Availto Com Stockholders": 3261000.0,
        "Net Income Common Stockholders": 3261000.0,
        "Net Income": 3261000.0,
        "Net Income Including Noncontrolling Interests": 3261000.0,
        "Net Income Continuous Operations": 3261000.0,
        "Tax Provision": 2253000.0,
        "Pretax Income": 5514000.0,
        "Other Income Expense": -368000.0,
        "Other Non Operating Income Expenses": 632000.0,
        "Special Income Charges": -1000000.0,
        "Restructuring And Mergern Acquisition": 1000000.0,
        "Net Non Operating Interest Income Expense": -14215000.0,
        "Interest Expense Non Operating": 14215000.0,
        "Operating Income": 20097000.0,
        "Operating Expense": 143883000.0,
        "Selling General And Administration": 143883000.0,
        "Gross Profit": 163980000.0,
        "Cost Of Revenue": 314049000.0,
        "Total Revenue": 478029000.0,
        "Operating Revenue": 478029000.0
    },
    "2025-06-30": {
        "Tax Effect Of Unusual Items": 0.0,
        "Tax Rate For Calcs": 0.21,
        "Normalized EBITDA": 46438000.0,
        "Total Unusual Items": 0.0,
        "Total Unusual Items Excluding Goodwill": 0.0,
        "Net Income From Continuing Operation Net Minority Interest": 5003000.0,
        "Reconciled Depreciation": 20338000.0,
        "Reconciled Cost Of Revenue": 332353000.0,
        "EBITDA": 46438000.0,
        "EBIT": 26100000.0,
        "Net Interest Income": -14238000.0,
        "Interest Expense": 14238000.0,
        "Normalized Income": 5003000.0,
        "Net Income From Continuing And Discontinued Operation": 5003000.0,
        "Total Expenses": 475611000.0,
        "Total Operating Income As Reported": 26826000.0,
        "Diluted Average Shares": 46562690.0,
        "Basic Average Shares": 46381194.0,
        "Diluted EPS": 0.11,
        "Basic EPS": 0.11,
        "Diluted NI Availto Com Stockholders": 5003000.0,
        "Net Income Common Stockholders": 5003000.0,
        "Net Income": 5003000.0,
        "Net Income Including Noncontrolling Interests": 5003000.0,
        "Net Income Continuous Operations": 5003000.0,
        "Tax Provision": 6859000.0,
        "Pretax Income": 11862000.0,
        "Other Income Expense": -726000.0,
        "Other Non Operating Income Expenses": -726000.0,
        "Special Income Charges": 0.0,
        "Restructuring And Mergern Acquisition": 0.0,
        "Net Non Operating Interest Income Expense": -14238000.0,
        "Interest Expense Non Operating": 14238000.0,
        "Operating Income": 26826000.0,
        "Operating Expense": 143258000.0,
        "Selling General And Administration": 143258000.0,
        "Gross Profit": 170084000.0,
        "Cost Of Revenue": 332353000.0,
        "Total Revenue": 502437000.0,
        "Operating Revenue": 502437000.0
    },
    "2025-09-30": {
        "Tax Effect Of Unusual Items": 0.0,
        "Tax Rate For Calcs": 0.23,
        "Normalized EBITDA": 42378000.0,
        "Total Unusual Items": 0.0,
        "Total Unusual Items Excluding Goodwill": 0.0,
        "Net Income From Continuing Operation Net Minority Interest": 6452000.0,
        "Reconciled Depreciation": 20042000.0,
        "Reconciled Cost Of Revenue": 347632000.0,
        "EBITDA": 42378000.0,
        "EBIT": 22336000.0,
        "Net Interest Income": -13955000.0,
        "Interest Expense": 13955000.0,
        "Normalized Income": 6452000.0,
        "Net Income From Continuing And Discontinued Operation": 6452000.0,
        "Total Expenses": 494339000.0,
        "Total Operating Income As Reported": 23619000.0,
        "Diluted Average Shares": 47060025.0,
        "Basic Average Shares": 46280811.0,
        "Diluted EPS": 0.14,
        "Basic EPS": 0.14,
        "Diluted NI Availto Com Stockholders": 6452000.0,
        "Net Income Common Stockholders": 6452000.0,
        "Net Income": 6452000.0,
        "Net Income Including Noncontrolling Interests": 6452000.0,
        "Net Income Continuous Operations": 6452000.0,
        "Tax Provision": 1929000.0,
        "Pretax Income": 8381000.0,
        "Other Income Expense": -1283000.0,
        "Other Non Operating Income Expenses": -1283000.0,
        "Special Income Charges": 0.0,
        "Restructuring And Mergern Acquisition": 0.0,
        "Net Non Operating Interest Income Expense": -13955000.0,
        "Interest Expense Non Operating": 13955000.0,
        "Operating Income": 23619000.0,
        "Operating Expense": 146707000.0,
        "Selling General And Administration": 146707000.0,
        "Gross Profit": 170326000.0,
        "Cost Of Revenue": 347632000.0,
        "Total Revenue": 517958000.0,
        "Operating Revenue": 517958000.0
    }
}