{
    "2023-04-30": {
        "Tax Effect Of Unusual Items": NaN,
        "Tax Rate For Calcs": NaN,
        "Normalized EBITDA": NaN,
        "Total Unusual Items": NaN,
        "Total Unusual Items Excluding Goodwill": NaN,
        "Net Income From Continuing Operation Net Minority Interest": NaN,
        "Reconciled Depreciation": NaN,
        "Reconciled Cost Of Revenue": NaN,
        "EBITDA": NaN,
        "EBIT": NaN,
        "Net Interest Income": NaN,
        "Interest Expense": NaN,
        "Normalized Income": NaN,
        "Net Income From Continuing And Discontinued Operation": NaN,
        "Total Expenses": NaN,
        "Total Operating Income As Reported": NaN,
        "Diluted Average Shares": NaN,
        "Basic Average Shares": NaN,
        "Diluted EPS": NaN,
        "Basic EPS": NaN,
        "Diluted NI Availto Com Stockholders": NaN,
        "Net Income Common Stockholders": NaN,
        "Net Income": NaN,
        "Net Income Including Noncontrolling Interests": NaN,
        "Net Income Continuous Operations": NaN,
        "Tax Provision": NaN,
        "Pretax Income": NaN,
        "Other Income Expense": NaN,
        "Other Non Operating Income Expenses": -1933000.0,
        "Special Income Charges": NaN,
        "Restructuring And Mergern Acquisition": NaN,
        "Gain On Sale Of Security": NaN,
        "Net Non Operating Interest Income Expense": NaN,
        "Interest Expense Non Operating": NaN,
        "Operating Income": NaN,
        "Operating Expense": NaN,
        "Depreciation Amortization Depletion Income Statement": NaN,
        "Depreciation And Amortization In Income Statement": NaN,
        "Amortization": NaN,
        "Amortization Of Intangibles Income Statement": NaN,
        "Research And Development": NaN,
        "Selling General And Administration": NaN,
        "Selling And Marketing Expense": NaN,
        "General And Administrative Expense": NaN,
        "Other Gand A": NaN,
        "Gross Profit": NaN,
        "Cost Of Revenue": NaN,
        "Total Revenue": NaN,
        "Operating Revenue": NaN
    },
    "2023-01-31": {
        "Tax Effect Of Unusual Items": NaN,
        "Tax Rate For Calcs": NaN,
        "Normalized EBITDA": NaN,
        "Total Unusual Items": NaN,
        "Total Unusual Items Excluding Goodwill": NaN,
        "Net Income From Continuing Operation Net Minority Interest": NaN,
        "Reconciled Depreciation": NaN,
        "Reconciled Cost Of Revenue": NaN,
        "EBITDA": NaN,
        "EBIT": NaN,
        "Net Interest Income": NaN,
        "Interest Expense": NaN,
        "Normalized Income": NaN,
        "Net Income From Continuing And Discontinued Operation": NaN,
        "Total Expenses": NaN,
        "Total Operating Income As Reported": NaN,
        "Diluted Average Shares": NaN,
        "Basic Average Shares": NaN,
        "Diluted EPS": NaN,
        "Basic EPS": NaN,
        "Diluted NI Availto Com Stockholders": NaN,
        "Net Income Common Stockholders": NaN,
        "Net Income": NaN,
        "Net Income Including Noncontrolling Interests": NaN,
        "Net Income Continuous Operations": NaN,
        "Tax Provision": NaN,
        "Pretax Income": NaN,
        "Other Income Expense": NaN,
        "Other Non Operating Income Expenses": NaN,
        "Special Income Charges": -2470000.0,
        "Restructuring And Mergern Acquisition": 2470000.0,
        "Gain On Sale Of Security": NaN,
        "Net Non Operating Interest Income Expense": NaN,
        "Interest Expense Non Operating": NaN,
        "Operating Income": NaN,
        "Operating Expense": NaN,
        "Depreciation Amortization Depletion Income Statement": NaN,
        "Depreciation And Amortization In Income Statement": NaN,
        "Amortization": NaN,
        "Amortization Of Intangibles Income Statement": NaN,
        "Research And Development": NaN,
        "Selling General And Administration": NaN,
        "Selling And Marketing Expense": NaN,
        "General And Administrative Expense": NaN,
        "Other Gand A": NaN,
        "Gross Profit": NaN,
        "Cost Of Revenue": NaN,
        "Total Revenue": NaN,
        "Operating Revenue": NaN
    },
    "2022-10-31": {
        "Tax Effect Of Unusual Items": NaN,
        "Tax Rate For Calcs": NaN,
        "Normalized EBITDA": NaN,
        "Total Unusual Items": NaN,
        "Total Unusual Items Excluding Goodwill": NaN,
        "Net Income From Continuing Operation Net Minority Interest": NaN,
        "Reconciled Depreciation": NaN,
        "Reconciled Cost Of Revenue": NaN,
        "EBITDA": NaN,
        "EBIT": NaN,
        "Net Interest Income": NaN,
        "Interest Expense": NaN,
        "Normalized Income": NaN,
        "Net Income From Continuing And Discontinued Operation": NaN,
        "Total Expenses": NaN,
        "Total Operating Income As Reported": NaN,
        "Diluted Average Shares": 86483000.0,
        "Basic Average Shares": 84797000.0,
        "Diluted EPS": 0.31,
        "Basic EPS": 0.31,
        "Diluted NI Availto Com Stockholders": NaN,
        "Net Income Common Stockholders": NaN,
        "Net Income": NaN,
        "Net Income Including Noncontrolling Interests": NaN,
        "Net Income Continuous Operations": NaN,
        "Tax Provision": NaN,
        "Pretax Income": NaN,
        "Other Income Expense": NaN,
        "Other Non Operating Income Expenses": NaN,
        "Special Income Charges": -200000.0,
        "Restructuring And Mergern Acquisition": 200000.0,
        "Gain On Sale Of Security": NaN,
        "Net Non Operating Interest Income Expense": NaN,
        "Interest Expense Non Operating": NaN,
        "Operating Income": NaN,
        "Operating Expense": NaN,
        "Depreciation Amortization Depletion Income Statement": NaN,
        "Depreciation And Amortization In Income Statement": NaN,
        "Amortization": NaN,
        "Amortization Of Intangibles Income Statement": NaN,
        "Research And Development": NaN,
        "Selling General And Administration": NaN,
        "Selling And Marketing Expense": NaN,
        "General And Administrative Expense": NaN,
        "Other Gand A": NaN,
        "Gross Profit": NaN,
        "Cost Of Revenue": NaN,
        "Total Revenue": NaN,
        "Operating Revenue": NaN
    },
    "2022-07-31": {
        "Tax Effect Of Unusual Items": -230255.20111,
        "Tax Rate For Calcs": 0.278086,
        "Normalized EBITDA": 50223000.0,
        "Total Unusual Items": -828000.0,
        "Total Unusual Items Excluding Goodwill": -828000.0,
        "Net Income From Continuing Operation Net Minority Interest": 22902000.0,
        "Reconciled Depreciation": 17387000.0,
        "Reconciled Cost Of Revenue": 27618000.0,
        "EBITDA": 49395000.0,
        "EBIT": 32008000.0,
        "Net Interest Income": -284000.0,
        "Interest Expense": 284000.0,
        "Normalized Income": 23499744.79889,
        "Net Income From Continuing And Discontinued Operation": 22902000.0,
        "Total Expenses": 90175000.0,
        "Total Operating Income As Reported": 31547000.0,
        "Diluted Average Shares": 86338000.0,
        "Basic Average Shares": 84783000.0,
        "Diluted EPS": 0.27,
        "Basic EPS": 0.27,
        "Diluted NI Availto Com Stockholders": 22902000.0,
        "Net Income Common Stockholders": 22902000.0,
        "Net Income": 22902000.0,
        "Net Income Including Noncontrolling Interests": 22902000.0,
        "Net Income Continuous Operations": 22902000.0,
        "Tax Provision": 8822000.0,
        "Pretax Income": 31724000.0,
        "Other Income Expense": -828000.0,
        "Other Non Operating Income Expenses": NaN,
        "Special Income Charges": -1289000.0,
        "Restructuring And Mergern Acquisition": 1289000.0,
        "Gain On Sale Of Security": 461000.0,
        "Net Non Operating Interest Income Expense": -284000.0,
        "Interest Expense Non Operating": 284000.0,
        "Operating Income": 32836000.0,
        "Operating Expense": 61256000.0,
        "Depreciation Amortization Depletion Income Statement": 16086000.0,
        "Depreciation And Amortization In Income Statement": 16086000.0,
        "Amortization": 16086000.0,
        "Amortization Of Intangibles Income Statement": 16086000.0,
        "Research And Development": 18155000.0,
        "Selling General And Administration": 27015000.0,
        "Selling And Marketing Expense": 14315000.0,
        "General And Administrative Expense": 12700000.0,
        "Other Gand A": 12700000.0,
        "Gross Profit": 94092000.0,
        "Cost Of Revenue": 28919000.0,
        "Total Revenue": 123011000.0,
        "Operating Revenue": 123011000.0
    },
    "2022-04-30": {
        "Diluted EPS": 0.27,
        "Total Revenue": 116,
        "Gross Profit": 89,
        "Operating Income": 31,
        "EBIT": 47,
        "Net Income": 23
    },
    "2022-01-31": {
        "Diluted EPS": 0.22,
        "Total Revenue": 112,
        "Gross Profit": 85,
        "Operating Income": 26,
        "EBIT": 42,
        "Net Income": 19
    },
    "2021-10-31": {
        "Diluted EPS": 0.3,
        "Total Revenue": 109,
        "Gross Profit": 83,
        "Operating Income": 28,
        "EBIT": 45,
        "Net Income": 25
    },
    "2021-07-31": {
        "Diluted EPS": 0.27,
        "Total Revenue": 105,
        "Gross Profit": 79,
        "Operating Income": 26,
        "EBIT": 42,
        "Net Income": 23
    },
    "2021-04-30": {
        "Diluted EPS": 0.21,
        "Total Revenue": 99,
        "Gross Profit": 75,
        "Operating Income": 23,
        "EBIT": 38,
        "Net Income": 18
    },
    "2021-01-31": {
        "Diluted EPS": 0.21,
        "Total Revenue": 93,
        "Gross Profit": 70,
        "Operating Income": 22,
        "EBIT": 37,
        "Net Income": 17
    },
    "2020-10-31": {
        "Diluted EPS": 0.15,
        "Total Revenue": 88,
        "Gross Profit": 65,
        "Operating Income": 19,
        "EBIT": 34,
        "Net Income": 13
    },
    "2020-07-31": {
        "Diluted EPS": 0.12,
        "Total Revenue": 84,
        "Gross Profit": 62,
        "Operating Income": 15,
        "EBIT": 31,
        "Net Income": 11
    },
    "2020-04-30": {
        "Diluted EPS": 0.13,
        "Total Revenue": 84,
        "Gross Profit": 62,
        "Operating Income": 16,
        "EBIT": 31,
        "Net Income": 11
    },
    "2020-01-31": {
        "Diluted EPS": 0.15,
        "Total Revenue": 84,
        "Gross Profit": 62,
        "Operating Income": 14,
        "EBIT": 31,
        "Net Income": 11
    },
    "2019-10-31": {
        "Diluted EPS": 0.11,
        "Total Revenue": 83,
        "Gross Profit": 61,
        "Operating Income": 14,
        "EBIT": 29,
        "Net Income": 10
    },
    "2019-07-31": {
        "Diluted EPS": 0.1,
        "Total Revenue": 81,
        "Gross Profit": 59,
        "Operating Income": 13,
        "EBIT": 28,
        "Net Income": 9
    },
    "2019-04-30": {
        "Diluted EPS": 0.09,
        "Total Revenue": 78,
        "Gross Profit": 58,
        "Operating Income": 12,
        "EBIT": 26,
        "Net Income": 7
    },
    "2019-01-31": {
        "Diluted EPS": 0.1,
        "Total Revenue": 71,
        "Gross Profit": 52,
        "Operating Income": 11,
        "EBIT": 22,
        "Net Income": 8
    },
    "2018-10-31": {
        "Diluted EPS": 0.1,
        "Total Revenue": 70,
        "Gross Profit": 51,
        "Operating Income": 11,
        "EBIT": 22,
        "Net Income": 8
    },
    "2018-07-31": {
        "Diluted EPS": 0.11,
        "Total Revenue": 67,
        "Gross Profit": 49,
        "Operating Income": 10,
        "EBIT": 21,
        "Net Income": 8
    },
    "2018-04-30": {
        "Diluted EPS": 0.09,
        "Total Revenue": 67,
        "Gross Profit": 48,
        "Operating Income": 10,
        "EBIT": 20,
        "Net Income": 7
    },
    "2018-01-31": {
        "Diluted EPS": 0.09,
        "Total Revenue": 64,
        "Gross Profit": 46,
        "Operating Income": 9,
        "EBIT": 19,
        "Net Income": 7
    },
    "2017-10-31": {
        "Diluted EPS": 0.08,
        "Total Revenue": 62,
        "Gross Profit": 45,
        "Operating Income": 8,
        "EBIT": 18,
        "Net Income": 6
    },
    "2017-07-31": {
        "Diluted EPS": 0.09,
        "Total Revenue": 57,
        "Gross Profit": 42,
        "Operating Income": 9,
        "EBIT": 18,
        "Net Income": 7
    },
    "2017-04-30": {
        "Diluted EPS": 0.09,
        "Total Revenue": 55,
        "Gross Profit": 40,
        "Operating Income": 9,
        "EBIT": 18,
        "Net Income": 7
    },
    "2017-01-31": {
        "Diluted EPS": 0.07,
        "Total Revenue": 53,
        "Gross Profit": 38,
        "Operating Income": 8,
        "EBIT": 17,
        "Net Income": 6
    },
    "2016-10-31": {
        "Diluted EPS": 0.08,
        "Total Revenue": 52,
        "Gross Profit": 38,
        "Operating Income": 8,
        "EBIT": 16,
        "Net Income": 6
    },
    "2016-07-31": {
        "Diluted EPS": 0.08,
        "Total Revenue": 51,
        "Gross Profit": 37,
        "Operating Income": 7,
        "EBIT": 16,
        "Net Income": 6
    },
    "2016-04-30": {
        "Diluted EPS": 0.08,
        "Total Revenue": 49,
        "Gross Profit": 35,
        "Operating Income": 8,
        "EBIT": 15,
        "Net Income": 6
    },
    "2016-01-31": {
        "Diluted EPS": 0.07,
        "Total Revenue": 48,
        "Gross Profit": 34,
        "Operating Income": 7,
        "EBIT": 15,
        "Net Income": 5
    },
    "2015-10-31": {
        "Diluted EPS": 0.07,
        "Total Revenue": 47,
        "Gross Profit": 34,
        "Operating Income": 7,
        "EBIT": 15,
        "Net Income": 5
    },
    "2015-07-31": {
        "Diluted EPS": 0.07,
        "Total Revenue": 45,
        "Gross Profit": 32,
        "Operating Income": 7,
        "EBIT": 14,
        "Net Income": 5
    },
    "2015-04-30": {
        "Diluted EPS": 0.06,
        "Total Revenue": 44,
        "Gross Profit": 31,
        "Operating Income": 7,
        "EBIT": 14,
        "Net Income": 5
    },
    "2015-01-31": {
        "Diluted EPS": 0.05,
        "Total Revenue": 44,
        "Gross Profit": 30,
        "Operating Income": 4,
        "EBIT": 11,
        "Net Income": 4
    },
    "2014-10-31": {
        "Diluted EPS": 0.05,
        "Total Revenue": 43,
        "Gross Profit": 29,
        "Operating Income": 6,
        "EBIT": 13,
        "Net Income": 4
    },
    "2014-07-31": {
        "Diluted EPS": 0.05,
        "Total Revenue": 43,
        "Gross Profit": 29,
        "Operating Income": 6,
        "EBIT": 12,
        "Net Income": 4
    },
    "2014-04-30": {
        "Diluted EPS": 0.06,
        "Total Revenue": 41,
        "Gross Profit": 28,
        "Operating Income": 7,
        "EBIT": 12,
        "Net Income": 4
    },
    "2014-01-31": {
        "Diluted EPS": 0.04,
        "Total Revenue": 40,
        "Gross Profit": 28,
        "Operating Income": 1,
        "EBIT": 7,
        "Net Income": 3
    },
    "2013-10-31": {
        "Diluted EPS": 0.03,
        "Total Revenue": 39,
        "Gross Profit": 26,
        "Operating Income": 5,
        "EBIT": 11,
        "Net Income": 2
    },
    "2013-07-31": {
        "Diluted EPS": 0.03,
        "Total Revenue": 38,
        "Gross Profit": 25,
        "Operating Income": 4,
        "EBIT": 9,
        "Net Income": 2
    },
    "2013-04-30": {
        "Diluted EPS": 0.04,
        "Total Revenue": 34,
        "Gross Profit": 23,
        "Operating Income": 5,
        "EBIT": 10,
        "Net Income": 3
    },
    "2013-01-31": {
        "Diluted EPS": 0.12,
        "Total Revenue": 34,
        "Gross Profit": 23,
        "Operating Income": 6,
        "EBIT": 11,
        "Net Income": 8
    },
    "2012-10-31": {
        "Diluted EPS": 0.05,
        "Total Revenue": 33,
        "Gross Profit": 22,
        "Operating Income": 5,
        "EBIT": 9,
        "Net Income": 3
    },
    "2012-07-31": {
        "Diluted EPS": 0.04,
        "Total Revenue": 31,
        "Gross Profit": 20,
        "Operating Income": 4,
        "EBIT": 8,
        "Net Income": 2
    },
    "2012-04-30": {
        "Diluted EPS": 0.04,
        "Total Revenue": 30,
        "Gross Profit": 19,
        "Operating Income": 4,
        "EBIT": 8,
        "Net Income": 3
    },
    "2012-01-31": {
        "Diluted EPS": 0.07,
        "Total Revenue": 30,
        "Gross Profit": 19,
        "Operating Income": 4,
        "EBIT": 8,
        "Net Income": 5
    },
    "2011-10-31": {
        "Diluted EPS": 0.04,
        "Total Revenue": 29,
        "Gross Profit": 19,
        "Operating Income": 5,
        "EBIT": 8,
        "Net Income": 3
    },
    "2011-07-31": {
        "Diluted EPS": 0.04,
        "Total Revenue": 29,
        "Gross Profit": 19,
        "Operating Income": 5,
        "EBIT": 8,
        "Net Income": 3
    },
    "2011-04-30": {
        "Diluted EPS": 0.03,
        "Total Revenue": 27,
        "Gross Profit": 18,
        "Operating Income": 4,
        "EBIT": 7,
        "Net Income": 2
    },
    "2011-01-31": {
        "Diluted EPS": 0.12,
        "Total Revenue": 27,
        "Gross Profit": 17,
        "Operating Income": 6,
        "EBIT": 10,
        "Net Income": 8
    },
    "2010-10-31": {
        "Diluted EPS": 0.03,
        "Total Revenue": 26,
        "Gross Profit": 17,
        "Operating Income": 3,
        "EBIT": 3,
        "Net Income": 2
    },
    "2010-07-31": {
        "Diluted EPS": 0.03,
        "Total Revenue": 25,
        "Gross Profit": 17,
        "Operating Income": 2,
        "EBIT": 2,
        "Net Income": 2
    },
    "2010-04-30": {
        "Diluted EPS": 0.0,
        "Total Revenue": 21,
        "Gross Profit": 14,
        "Operating Income": 1,
        "EBIT": 4,
        "Net Income": 0
    },
    "2010-01-31": {
        "Diluted EPS": 0.17,
        "Total Revenue": 19,
        "Gross Profit": 13,
        "Operating Income": -1,
        "EBIT": 2,
        "Net Income": 10
    },
    "2009-10-31": {
        "Diluted EPS": 0.02,
        "Total Revenue": 19,
        "Gross Profit": 13,
        "Operating Income": 3,
        "EBIT": 5,
        "Net Income": 1
    },
    "2009-07-31": {
        "Diluted EPS": 0.02,
        "Total Revenue": 19,
        "Gross Profit": 13,
        "Operating Income": 3,
        "EBIT": 5,
        "Net Income": 1
    },
    "2009-04-30": {
        "Diluted EPS": 0.04,
        "Total Revenue": 17,
        "Gross Profit": 12,
        "Operating Income": 2,
        "EBIT": 4,
        "Net Income": 2
    },
    "2009-01-31": {
        "Diluted EPS": 0.29,
        "Total Revenue": 16,
        "Gross Profit": 11,
        "Operating Income": 2,
        "EBIT": 8,
        "Net Income": 16
    },
    "2023-07-31": {
        "Tax Effect Of Unusual Items": NaN,
        "Tax Rate For Calcs": NaN,
        "Normalized EBITDA": NaN,
        "Total Unusual Items": NaN,
        "Total Unusual Items Excluding Goodwill": NaN,
        "Net Income From Continuing Operation Net Minority Interest": NaN,
        "Reconciled Depreciation": NaN,
        "Reconciled Cost Of Revenue": NaN,
        "EBITDA": NaN,
        "EBIT": NaN,
        "Net Interest Income": NaN,
        "Interest Expense": NaN,
        "Normalized Income": NaN,
        "Net Income From Continuing And Discontinued Operation": NaN,
        "Total Expenses": NaN,
        "Total Operating Income As Reported": NaN,
        "Diluted Average Shares": 86783000.0,
        "Basic Average Shares": 85083000.0,
        "Diluted EPS": 0.32,
        "Basic EPS": 0.33,
        "Diluted NI Availto Com Stockholders": NaN,
        "Net Income Common Stockholders": NaN,
        "Net Income": NaN,
        "Net Income Including Noncontrolling Interests": NaN,
        "Net Income Continuous Operations": NaN,
        "Tax Provision": NaN,
        "Pretax Income": NaN,
        "Other Income Expense": NaN,
        "Other Non Operating Income Expenses": NaN,
        "Special Income Charges": -2455000.0,
        "Restructuring And Mergern Acquisition": 2455000.0,
        "Gain On Sale Of Security": NaN,
        "Net Non Operating Interest Income Expense": NaN,
        "Interest Expense Non Operating": NaN,
        "Operating Income": NaN,
        "Operating Expense": NaN,
        "Depreciation Amortization Depletion Income Statement": NaN,
        "Depreciation And Amortization In Income Statement": NaN,
        "Amortization": NaN,
        "Amortization Of Intangibles Income Statement": NaN,
        "Research And Development": NaN,
        "Selling General And Administration": NaN,
        "Selling And Marketing Expense": NaN,
        "General And Administrative Expense": NaN,
        "Other Gand A": NaN,
        "Gross Profit": NaN,
        "Cost Of Revenue": NaN,
        "Total Revenue": NaN,
        "Operating Revenue": NaN
    },
    "2023-10-31": {
        "Tax Effect Of Unusual Items": NaN,
        "Tax Rate For Calcs": NaN,
        "Normalized EBITDA": NaN,
        "Total Unusual Items": NaN,
        "Total Unusual Items Excluding Goodwill": NaN,
        "Net Income From Continuing Operation Net Minority Interest": NaN,
        "Reconciled Depreciation": NaN,
        "Reconciled Cost Of Revenue": NaN,
        "EBITDA": NaN,
        "EBIT": NaN,
        "Net Interest Income": NaN,
        "Interest Expense": NaN,
        "Normalized Income": NaN,
        "Net Income From Continuing And Discontinued Operation": NaN,
        "Total Expenses": NaN,
        "Total Operating Income As Reported": NaN,
        "Diluted Average Shares": 86791000.0,
        "Basic Average Shares": 85101000.0,
        "Diluted EPS": 0.31,
        "Basic EPS": 0.31,
        "Diluted NI Availto Com Stockholders": NaN,
        "Net Income Common Stockholders": NaN,
        "Net Income": NaN,
        "Net Income Including Noncontrolling Interests": NaN,
        "Net Income Continuous Operations": NaN,
        "Tax Provision": NaN,
        "Pretax Income": NaN,
        "Other Income Expense": NaN,
        "Other Non Operating Income Expenses": -9679000.0,
        "Special Income Charges": -9679000.0,
        "Restructuring And Mergern Acquisition": 9679000.0,
        "Gain On Sale Of Security": NaN,
        "Net Non Operating Interest Income Expense": NaN,
        "Interest Expense Non Operating": NaN,
        "Operating Income": NaN,
        "Operating Expense": NaN,
        "Depreciation Amortization Depletion Income Statement": NaN,
        "Depreciation And Amortization In Income Statement": NaN,
        "Amortization": NaN,
        "Amortization Of Intangibles Income Statement": NaN,
        "Research And Development": NaN,
        "Selling General And Administration": NaN,
        "Selling And Marketing Expense": NaN,
        "General And Administrative Expense": NaN,
        "Other Gand A": NaN,
        "Gross Profit": NaN,
        "Cost Of Revenue": NaN,
        "Total Revenue": NaN,
        "Operating Revenue": NaN
    },
    "2024-01-31": {
        "Tax Effect Of Unusual Items": NaN,
        "Tax Rate For Calcs": NaN,
        "Normalized EBITDA": NaN,
        "Total Unusual Items": NaN,
        "Total Unusual Items Excluding Goodwill": NaN,
        "Net Income From Continuing Operation Net Minority Interest": NaN,
        "Reconciled Depreciation": NaN,
        "Reconciled Cost Of Revenue": NaN,
        "EBITDA": NaN,
        "EBIT": NaN,
        "Net Interest Income": NaN,
        "Interest Expense": NaN,
        "Normalized Income": NaN,
        "Net Income From Continuing And Discontinued Operation": NaN,
        "Total Expenses": NaN,
        "Total Operating Income As Reported": NaN,
        "Diluted Average Shares": NaN,
        "Basic Average Shares": NaN,
        "Diluted EPS": NaN,
        "Basic EPS": NaN,
        "Diluted NI Availto Com Stockholders": NaN,
        "Net Income Common Stockholders": NaN,
        "Net Income": NaN,
        "Net Income Including Noncontrolling Interests": NaN,
        "Net Income Continuous Operations": NaN,
        "Tax Provision": NaN,
        "Pretax Income": NaN,
        "Other Income Expense": NaN,
        "Other Non Operating Income Expenses": NaN,
        "Special Income Charges": -7582000.0,
        "Restructuring And Mergern Acquisition": 7582000.0,
        "Gain On Sale Of Security": NaN,
        "Net Non Operating Interest Income Expense": NaN,
        "Interest Expense Non Operating": NaN,
        "Operating Income": NaN,
        "Operating Expense": NaN,
        "Depreciation Amortization Depletion Income Statement": NaN,
        "Depreciation And Amortization In Income Statement": NaN,
        "Amortization": NaN,
        "Amortization Of Intangibles Income Statement": NaN,
        "Research And Development": NaN,
        "Selling General And Administration": NaN,
        "Selling And Marketing Expense": NaN,
        "General And Administrative Expense": NaN,
        "Other Gand A": NaN,
        "Gross Profit": NaN,
        "Cost Of Revenue": NaN,
        "Total Revenue": NaN,
        "Operating Revenue": NaN
    },
    "2024-04-30": {
        "Tax Effect Of Unusual Items": NaN,
        "Tax Rate For Calcs": NaN,
        "Normalized EBITDA": NaN,
        "Total Unusual Items": NaN,
        "Total Unusual Items Excluding Goodwill": NaN,
        "Net Income From Continuing Operation Net Minority Interest": NaN,
        "Reconciled Depreciation": NaN,
        "Reconciled Cost Of Revenue": NaN,
        "EBITDA": NaN,
        "EBIT": NaN,
        "Net Interest Income": NaN,
        "Interest Expense": NaN,
        "Normalized Income": NaN,
        "Net Income From Continuing And Discontinued Operation": NaN,
        "Total Expenses": NaN,
        "Total Operating Income As Reported": NaN,
        "Diluted Average Shares": NaN,
        "Basic Average Shares": NaN,
        "Diluted EPS": NaN,
        "Basic EPS": NaN,
        "Diluted NI Availto Com Stockholders": NaN,
        "Net Income Common Stockholders": NaN,
        "Net Income": NaN,
        "Net Income Including Noncontrolling Interests": NaN,
        "Net Income Continuous Operations": NaN,
        "Tax Provision": NaN,
        "Pretax Income": NaN,
        "Other Income Expense": NaN,
        "Other Non Operating Income Expenses": -3918000.0,
        "Special Income Charges": NaN,
        "Restructuring And Mergern Acquisition": NaN,
        "Gain On Sale Of Security": NaN,
        "Net Non Operating Interest Income Expense": NaN,
        "Interest Expense Non Operating": NaN,
        "Operating Income": NaN,
        "Operating Expense": NaN,
        "Depreciation Amortization Depletion Income Statement": NaN,
        "Depreciation And Amortization In Income Statement": NaN,
        "Amortization": NaN,
        "Amortization Of Intangibles Income Statement": NaN,
        "Research And Development": NaN,
        "Selling General And Administration": NaN,
        "Selling And Marketing Expense": NaN,
        "General And Administrative Expense": NaN,
        "Other Gand A": NaN,
        "Gross Profit": NaN,
        "Cost Of Revenue": NaN,
        "Total Revenue": NaN,
        "Operating Revenue": NaN
    },
    "2024-07-31": {
        "Tax Effect Of Unusual Items": NaN,
        "Tax Rate For Calcs": NaN,
        "Normalized EBITDA": NaN,
        "Total Unusual Items": NaN,
        "Total Unusual Items Excluding Goodwill": NaN,
        "Net Income From Continuing Operation Net Minority Interest": NaN,
        "Reconciled Depreciation": NaN,
        "Reconciled Cost Of Revenue": NaN,
        "EBITDA": NaN,
        "EBIT": NaN,
        "Net Interest Income": NaN,
        "Interest Expense": NaN,
        "Normalized Income": NaN,
        "Net Income From Continuing And Discontinued Operation": NaN,
        "Total Expenses": NaN,
        "Total Operating Income As Reported": NaN,
        "Diluted Average Shares": 87241000.0,
        "Basic Average Shares": 85430000.0,
        "Diluted EPS": 0.4,
        "Basic EPS": 0.41,
        "Diluted NI Availto Com Stockholders": NaN,
        "Net Income Common Stockholders": NaN,
        "Net Income": NaN,
        "Net Income Including Noncontrolling Interests": NaN,
        "Net Income Continuous Operations": NaN,
        "Tax Provision": NaN,
        "Pretax Income": NaN,
        "Other Income Expense": NaN,
        "Other Non Operating Income Expenses": NaN,
        "Special Income Charges": -150000.0,
        "Restructuring And Mergern Acquisition": 150000.0,
        "Gain On Sale Of Security": NaN,
        "Net Non Operating Interest Income Expense": NaN,
        "Interest Expense Non Operating": NaN,
        "Operating Income": NaN,
        "Operating Expense": NaN,
        "Depreciation Amortization Depletion Income Statement": NaN,
        "Depreciation And Amortization In Income Statement": NaN,
        "Amortization": NaN,
        "Amortization Of Intangibles Income Statement": NaN,
        "Research And Development": NaN,
        "Selling General And Administration": NaN,
        "Selling And Marketing Expense": NaN,
        "General And Administrative Expense": NaN,
        "Other Gand A": NaN,
        "Gross Profit": NaN,
        "Cost Of Revenue": NaN,
        "Total Revenue": NaN,
        "Operating Revenue": NaN
    },
    "2024-10-31": {
        "Tax Effect Of Unusual Items": 257985.0,
        "Tax Rate For Calcs": 0.245,
        "Normalized EBITDA": 66531000.0,
        "Total Unusual Items": 1053000.0,
        "Total Unusual Items Excluding Goodwill": 1053000.0,
        "Net Income From Continuing Operation Net Minority Interest": 36558000.0,
        "Reconciled Depreciation": 18912000.0,
        "Reconciled Cost Of Revenue": 41761000.0,
        "EBITDA": 67584000.0,
        "EBIT": 48672000.0,
        "Net Interest Income": -244000.0,
        "Interest Expense": 244000.0,
        "Normalized Income": 35762985.0,
        "Net Income From Continuing And Discontinued Operation": 36558000.0,
        "Total Expenses": 121137000.0,
        "Total Operating Income As Reported": 45789000.0,
        "Diluted Average Shares": 87342000.0,
        "Basic Average Shares": 85501000.0,
        "Diluted EPS": 0.42,
        "Basic EPS": 0.43,
        "Diluted NI Availto Com Stockholders": 36558000.0,
        "Net Income Common Stockholders": 36558000.0,
        "Net Income": 36558000.0,
        "Net Income Including Noncontrolling Interests": 36558000.0,
        "Net Income Continuous Operations": 36558000.0,
        "Tax Provision": 11870000.0,
        "Pretax Income": 48428000.0,
        "Other Income Expense": 1053000.0,
        "Other Non Operating Income Expenses": -1830000.0,
        "Special Income Charges": -1830000.0,
        "Restructuring And Mergern Acquisition": 1830000.0,
        "Gain On Sale Of Security": 2883000.0,
        "Net Non Operating Interest Income Expense": -244000.0,
        "Interest Expense Non Operating": 244000.0,
        "Operating Income": 47619000.0,
        "Operating Expense": 77983000.0,
        "Depreciation Amortization Depletion Income Statement": 17519000.0,
        "Depreciation And Amortization In Income Statement": 17519000.0,
        "Amortization": 17519000.0,
        "Amortization Of Intangibles Income Statement": 17519000.0,
        "Research And Development": 24472000.0,
        "Selling General And Administration": 35992000.0,
        "Selling And Marketing Expense": 19134000.0,
        "General And Administrative Expense": 16858000.0,
        "Other Gand A": 16858000.0,
        "Gross Profit": 125602000.0,
        "Cost Of Revenue": 43154000.0,
        "Total Revenue": 168756000.0,
        "Operating Revenue": 168756000.0
    },
    "2025-01-31": {
        "Tax Effect Of Unusual Items": -1307096.145162,
        "Tax Rate For Calcs": 0.232994,
        "Normalized EBITDA": 75461000.0,
        "Total Unusual Items": -5610000.0,
        "Total Unusual Items Excluding Goodwill": -5610000.0,
        "Net Income From Continuing Operation Net Minority Interest": 37367000.0,
        "Reconciled Depreciation": 20889000.0,
        "Reconciled Cost Of Revenue": 38007000.0,
        "EBITDA": 69851000.0,
        "EBIT": 48962000.0,
        "Net Interest Income": -244000.0,
        "Interest Expense": 244000.0,
        "Normalized Income": 41669903.854838,
        "Net Income From Continuing And Discontinued Operation": 37367000.0,
        "Total Expenses": 118797000.0,
        "Total Operating Income As Reported": 47106000.0,
        "Diluted Average Shares": NaN,
        "Basic Average Shares": NaN,
        "Diluted EPS": NaN,
        "Basic EPS": NaN,
        "Diluted NI Availto Com Stockholders": 37367000.0,
        "Net Income Common Stockholders": 37367000.0,
        "Net Income": 37367000.0,
        "Net Income Including Noncontrolling Interests": 37367000.0,
        "Net Income Continuous Operations": 37367000.0,
        "Tax Provision": 11351000.0,
        "Pretax Income": 48718000.0,
        "Other Income Expense": 288000.0,
        "Other Non Operating Income Expenses": NaN,
        "Special Income Charges": NaN,
        "Restructuring And Mergern Acquisition": NaN,
        "Gain On Sale Of Security": 1856000.0,
        "Net Non Operating Interest Income Expense": -244000.0,
        "Interest Expense Non Operating": 244000.0,
        "Operating Income": 48674000.0,
        "Operating Expense": 79338000.0,
        "Depreciation Amortization Depletion Income Statement": 19437000.0,
        "Depreciation And Amortization In Income Statement": 19437000.0,
        "Amortization": 19437000.0,
        "Amortization Of Intangibles Income Statement": 19437000.0,
        "Research And Development": 24925000.0,
        "Selling General And Administration": 34976000.0,
        "Selling And Marketing Expense": 18056000.0,
        "General And Administrative Expense": 16920000.0,
        "Other Gand A": 16920000.0,
        "Gross Profit": 128012000.0,
        "Cost Of Revenue": 39459000.0,
        "Total Revenue": 167471000.0,
        "Operating Revenue": 167471000.0
    },
    "2025-04-30": {
        "Tax Effect Of Unusual Items": 478728.0,
        "Tax Rate For Calcs": 0.244,
        "Normalized EBITDA": 66762000.0,
        "Total Unusual Items": 1962000.0,
        "Total Unusual Items Excluding Goodwill": 1962000.0,
        "Net Income From Continuing Operation Net Minority Interest": 36244000.0,
        "Reconciled Depreciation": 20564000.0,
        "Reconciled Cost Of Revenue": 38297000.0,
        "EBITDA": 68724000.0,
        "EBIT": 48160000.0,
        "Net Interest Income": -236000.0,
        "Interest Expense": 236000.0,
        "Normalized Income": 34760728.0,
        "Net Income From Continuing And Discontinued Operation": 36244000.0,
        "Total Expenses": 119092000.0,
        "Total Operating Income As Reported": 46198000.0,
        "Diluted Average Shares": 87577000.0,
        "Basic Average Shares": 85677000.0,
        "Diluted EPS": 0.41,
        "Basic EPS": 0.42,
        "Diluted NI Availto Com Stockholders": 36244000.0,
        "Net Income Common Stockholders": 36244000.0,
        "Net Income": 36244000.0,
        "Net Income Including Noncontrolling Interests": 36244000.0,
        "Net Income Continuous Operations": 36244000.0,
        "Tax Provision": 11680000.0,
        "Pretax Income": 47924000.0,
        "Other Income Expense": -1487000.0,
        "Other Non Operating Income Expenses": -3449000.0,
        "Special Income Charges": NaN,
        "Restructuring And Mergern Acquisition": NaN,
        "Gain On Sale Of Security": 1962000.0,
        "Net Non Operating Interest Income Expense": -236000.0,
        "Interest Expense Non Operating": 236000.0,
        "Operating Income": 49647000.0,
        "Operating Expense": 79345000.0,
        "Depreciation Amortization Depletion Income Statement": 19114000.0,
        "Depreciation And Amortization In Income Statement": 19114000.0,
        "Amortization": 19114000.0,
        "Amortization Of Intangibles Income Statement": 19114000.0,
        "Research And Development": 25069000.0,
        "Selling General And Administration": 35162000.0,
        "Selling And Marketing Expense": 18850000.0,
        "General And Administrative Expense": 16312000.0,
        "Other Gand A": 16312000.0,
        "Gross Profit": 128992000.0,
        "Cost Of Revenue": 39747000.0,
        "Total Revenue": 168739000.0,
        "Operating Revenue": 168739000.0
    },
    "2025-07-31": {
        "Tax Effect Of Unusual Items": -828008.0,
        "Tax Rate For Calcs": 0.232,
        "Normalized EBITDA": 75307000.0,
        "Total Unusual Items": -3569000.0,
        "Total Unusual Items Excluding Goodwill": -3569000.0,
        "Net Income From Continuing Operation Net Minority Interest": 38020000.0,
        "Reconciled Depreciation": 22005000.0,
        "Reconciled Cost Of Revenue": 40087000.0,
        "EBITDA": 71738000.0,
        "EBIT": 49733000.0,
        "Net Interest Income": -243000.0,
        "Interest Expense": 243000.0,
        "Normalized Income": 40760992.0,
        "Net Income From Continuing And Discontinued Operation": 38020000.0,
        "Total Expenses": 126513000.0,
        "Total Operating Income As Reported": 48183000.0,
        "Diluted Average Shares": 87590000.0,
        "Basic Average Shares": 85833000.0,
        "Diluted EPS": 0.43,
        "Basic EPS": 0.44,
        "Diluted NI Availto Com Stockholders": 38020000.0,
        "Net Income Common Stockholders": 38020000.0,
        "Net Income": 38020000.0,
        "Net Income Including Noncontrolling Interests": 38020000.0,
        "Net Income Continuous Operations": 38020000.0,
        "Tax Provision": 11470000.0,
        "Pretax Income": 49490000.0,
        "Other Income Expense": -3569000.0,
        "Other Non Operating Income Expenses": NaN,
        "Special Income Charges": -5119000.0,
        "Restructuring And Mergern Acquisition": 5119000.0,
        "Gain On Sale Of Security": 1550000.0,
        "Net Non Operating Interest Income Expense": -243000.0,
        "Interest Expense Non Operating": 243000.0,
        "Operating Income": 53302000.0,
        "Operating Expense": 84925000.0,
        "Depreciation Amortization Depletion Income Statement": 20504000.0,
        "Depreciation And Amortization In Income Statement": 20504000.0,
        "Amortization": 20504000.0,
        "Amortization Of Intangibles Income Statement": 20504000.0,
        "Research And Development": 26752000.0,
        "Selling General And Administration": 37669000.0,
        "Selling And Marketing Expense": 20522000.0,
        "General And Administrative Expense": 17147000.0,
        "Other Gand A": 17147000.0,
        "Gross Profit": 138227000.0,
        "Cost Of Revenue": 41588000.0,
        "Total Revenue": 179815000.0,
        "Operating Revenue": 179815000.0
    },
    "2025-10-31": {
        "Tax Effect Of Unusual Items": 314960.0,
        "Tax Rate For Calcs": 0.248,
        "Normalized EBITDA": 79485000.0,
        "Total Unusual Items": 1270000.0,
        "Total Unusual Items Excluding Goodwill": 1270000.0,
        "Net Income From Continuing Operation Net Minority Interest": 43899000.0,
        "Reconciled Depreciation": 22172000.0,
        "Reconciled Cost Of Revenue": 40993000.0,
        "EBITDA": 80755000.0,
        "EBIT": 58583000.0,
        "Net Interest Income": -244000.0,
        "Interest Expense": 244000.0,
        "Normalized Income": 42943960.0,
        "Net Income From Continuing And Discontinued Operation": 43899000.0,
        "Total Expenses": 130368000.0,
        "Total Operating Income As Reported": 56585000.0,
        "Diluted Average Shares": 87610000.0,
        "Basic Average Shares": 85960000.0,
        "Diluted EPS": 0.5,
        "Basic EPS": 0.51,
        "Diluted NI Availto Com Stockholders": 43899000.0,
        "Net Income Common Stockholders": 43899000.0,
        "Net Income": 43899000.0,
        "Net Income Including Noncontrolling Interests": 43899000.0,
        "Net Income Continuous Operations": 43899000.0,
        "Tax Provision": 14440000.0,
        "Pretax Income": 58339000.0,
        "Other Income Expense": 1270000.0,
        "Other Non Operating Income Expenses": NaN,
        "Special Income Charges": -728000.0,
        "Restructuring And Mergern Acquisition": 728000.0,
        "Gain On Sale Of Security": 1998000.0,
        "Net Non Operating Interest Income Expense": -244000.0,
        "Interest Expense Non Operating": 244000.0,
        "Operating Income": 57313000.0,
        "Operating Expense": 87896000.0,
        "Depreciation Amortization Depletion Income Statement": 20693000.0,
        "Depreciation And Amortization In Income Statement": 20693000.0,
        "Amortization": 20693000.0,
        "Amortization Of Intangibles Income Statement": 20693000.0,
        "Research And Development": 26595000.0,
        "Selling General And Administration": 40608000.0,
        "Selling And Marketing Expense": 22326000.0,
        "General And Administrative Expense": 18282000.0,
        "Other Gand A": 18282000.0,
        "Gross Profit": 145209000.0,
        "Cost Of Revenue": 42472000.0,
        "Total Revenue": 187681000.0,
        "Operating Revenue": 187681000.0
    }
}