{
    "2023-03-31": {
        "Tax Effect Of Unusual Items": NaN,
        "Tax Rate For Calcs": NaN,
        "Normalized EBITDA": NaN,
        "Total Unusual Items": NaN,
        "Total Unusual Items Excluding Goodwill": NaN,
        "Net Income From Continuing Operation Net Minority Interest": NaN,
        "Reconciled Cost Of Revenue": NaN,
        "EBITDA": NaN,
        "EBIT": NaN,
        "Net Interest Income": NaN,
        "Interest Expense": NaN,
        "Interest Income": NaN,
        "Normalized Income": NaN,
        "Net Income From Continuing And Discontinued Operation": NaN,
        "Total Expenses": NaN,
        "Total Operating Income As Reported": NaN,
        "Diluted Average Shares": NaN,
        "Basic Average Shares": NaN,
        "Diluted EPS": NaN,
        "Basic EPS": NaN,
        "Diluted NI Availto Com Stockholders": NaN,
        "Net Income Common Stockholders": NaN,
        "Preferred Stock Dividends": NaN,
        "Net Income": NaN,
        "Net Income Including Noncontrolling Interests": NaN,
        "Net Income Continuous Operations": NaN,
        "Pretax Income": NaN,
        "Other Income Expense": NaN,
        "Special Income Charges": NaN,
        "Gain On Sale Of Ppe": NaN,
        "Gain On Sale Of Business": NaN,
        "Other Special Charges": 44000.0,
        "Earnings From Equity Interest": NaN,
        "Gain On Sale Of Security": NaN,
        "Net Non Operating Interest Income Expense": NaN,
        "Interest Expense Non Operating": NaN,
        "Interest Income Non Operating": NaN,
        "Operating Income": NaN,
        "Operating Expense": NaN,
        "Other Operating Expenses": NaN,
        "Selling General And Administration": NaN,
        "General And Administrative Expense": NaN,
        "Other Gand A": NaN,
        "Gross Profit": NaN,
        "Cost Of Revenue": NaN,
        "Total Revenue": NaN,
        "Operating Revenue": NaN
    },
    "2022-12-31": {
        "Tax Effect Of Unusual Items": NaN,
        "Tax Rate For Calcs": NaN,
        "Normalized EBITDA": NaN,
        "Total Unusual Items": NaN,
        "Total Unusual Items Excluding Goodwill": NaN,
        "Net Income From Continuing Operation Net Minority Interest": NaN,
        "Reconciled Cost Of Revenue": NaN,
        "EBITDA": NaN,
        "EBIT": NaN,
        "Net Interest Income": NaN,
        "Interest Expense": NaN,
        "Interest Income": NaN,
        "Normalized Income": NaN,
        "Net Income From Continuing And Discontinued Operation": NaN,
        "Total Expenses": NaN,
        "Total Operating Income As Reported": NaN,
        "Diluted Average Shares": NaN,
        "Basic Average Shares": NaN,
        "Diluted EPS": NaN,
        "Basic EPS": NaN,
        "Diluted NI Availto Com Stockholders": NaN,
        "Net Income Common Stockholders": NaN,
        "Preferred Stock Dividends": NaN,
        "Net Income": NaN,
        "Net Income Including Noncontrolling Interests": NaN,
        "Net Income Continuous Operations": NaN,
        "Pretax Income": NaN,
        "Other Income Expense": NaN,
        "Special Income Charges": NaN,
        "Gain On Sale Of Ppe": NaN,
        "Gain On Sale Of Business": NaN,
        "Other Special Charges": 223000.0,
        "Earnings From Equity Interest": NaN,
        "Gain On Sale Of Security": NaN,
        "Net Non Operating Interest Income Expense": NaN,
        "Interest Expense Non Operating": NaN,
        "Interest Income Non Operating": NaN,
        "Operating Income": NaN,
        "Operating Expense": NaN,
        "Other Operating Expenses": NaN,
        "Selling General And Administration": NaN,
        "General And Administrative Expense": NaN,
        "Other Gand A": NaN,
        "Gross Profit": NaN,
        "Cost Of Revenue": NaN,
        "Total Revenue": NaN,
        "Operating Revenue": NaN
    },
    "2022-09-30": {
        "Tax Effect Of Unusual Items": NaN,
        "Tax Rate For Calcs": NaN,
        "Normalized EBITDA": NaN,
        "Total Unusual Items": NaN,
        "Total Unusual Items Excluding Goodwill": NaN,
        "Net Income From Continuing Operation Net Minority Interest": NaN,
        "Reconciled Cost Of Revenue": NaN,
        "EBITDA": NaN,
        "EBIT": NaN,
        "Net Interest Income": NaN,
        "Interest Expense": NaN,
        "Interest Income": NaN,
        "Normalized Income": NaN,
        "Net Income From Continuing And Discontinued Operation": NaN,
        "Total Expenses": NaN,
        "Total Operating Income As Reported": NaN,
        "Diluted Average Shares": NaN,
        "Basic Average Shares": NaN,
        "Diluted EPS": NaN,
        "Basic EPS": NaN,
        "Diluted NI Availto Com Stockholders": NaN,
        "Net Income Common Stockholders": NaN,
        "Preferred Stock Dividends": NaN,
        "Net Income": NaN,
        "Net Income Including Noncontrolling Interests": NaN,
        "Net Income Continuous Operations": NaN,
        "Pretax Income": NaN,
        "Other Income Expense": NaN,
        "Special Income Charges": NaN,
        "Gain On Sale Of Ppe": NaN,
        "Gain On Sale Of Business": 0.0,
        "Other Special Charges": 212000.0,
        "Earnings From Equity Interest": -63000.0,
        "Gain On Sale Of Security": NaN,
        "Net Non Operating Interest Income Expense": NaN,
        "Interest Expense Non Operating": NaN,
        "Interest Income Non Operating": NaN,
        "Operating Income": NaN,
        "Operating Expense": NaN,
        "Other Operating Expenses": NaN,
        "Selling General And Administration": NaN,
        "General And Administrative Expense": NaN,
        "Other Gand A": NaN,
        "Gross Profit": NaN,
        "Cost Of Revenue": NaN,
        "Total Revenue": NaN,
        "Operating Revenue": NaN
    },
    "2022-06-30": {
        "Tax Effect Of Unusual Items": 715600.0,
        "Tax Rate For Calcs": 0.4,
        "Normalized EBITDA": 38584000.0,
        "Total Unusual Items": 1789000.0,
        "Total Unusual Items Excluding Goodwill": 1789000.0,
        "Net Income From Continuing Operation Net Minority Interest": 35605000.0,
        "Reconciled Cost Of Revenue": 28008000.0,
        "EBITDA": 40373000.0,
        "EBIT": 40373000.0,
        "Net Interest Income": -5603000.0,
        "Interest Expense": 4768000.0,
        "Interest Income": 384000.0,
        "Normalized Income": 34531600.0,
        "Net Income From Continuing And Discontinued Operation": 35605000.0,
        "Total Expenses": 35906000.0,
        "Total Operating Income As Reported": 40406000.0,
        "Diluted Average Shares": 81918389.0,
        "Basic Average Shares": 78339851.0,
        "Diluted EPS": 0.42,
        "Basic EPS": 0.44,
        "Diluted NI Availto Com Stockholders": 34163000.0,
        "Net Income Common Stockholders": 34163000.0,
        "Preferred Stock Dividends": 1442000.0,
        "Net Income": 35605000.0,
        "Net Income Including Noncontrolling Interests": 35605000.0,
        "Net Income Continuous Operations": 35605000.0,
        "Pretax Income": 35605000.0,
        "Other Income Expense": 2591000.0,
        "Other Non Operating Income Expenses": 420000.0,
        "Special Income Charges": 1789000.0,
        "Gain On Sale Of Ppe": 0.0,
        "Gain On Sale Of Business": 0.0,
        "Other Special Charges": -1471000.0,
        "Earnings From Equity Interest": 802000.0,
        "Gain On Sale Of Security": NaN,
        "Net Non Operating Interest Income Expense": -5603000.0,
        "Interest Expense Non Operating": 4768000.0,
        "Interest Income Non Operating": 384000.0,
        "Operating Income": 38617000.0,
        "Operating Expense": 7898000.0,
        "Other Operating Expenses": -218000.0,
        "Selling General And Administration": 8116000.0,
        "General And Administrative Expense": 8116000.0,
        "Other Gand A": 8116000.0,
        "Gross Profit": 46515000.0,
        "Cost Of Revenue": 28008000.0,
        "Total Revenue": 74523000.0,
        "Operating Revenue": 74523000.0
    },
    "2023-06-30": {
        "Tax Effect Of Unusual Items": NaN,
        "Tax Rate For Calcs": NaN,
        "Normalized EBITDA": NaN,
        "Total Unusual Items": NaN,
        "Total Unusual Items Excluding Goodwill": NaN,
        "Net Income From Continuing Operation Net Minority Interest": NaN,
        "Reconciled Cost Of Revenue": NaN,
        "EBITDA": NaN,
        "EBIT": NaN,
        "Net Interest Income": NaN,
        "Interest Expense": NaN,
        "Interest Income": NaN,
        "Normalized Income": NaN,
        "Net Income From Continuing And Discontinued Operation": NaN,
        "Total Expenses": NaN,
        "Total Operating Income As Reported": NaN,
        "Diluted Average Shares": NaN,
        "Basic Average Shares": NaN,
        "Diluted EPS": NaN,
        "Basic EPS": NaN,
        "Diluted NI Availto Com Stockholders": NaN,
        "Net Income Common Stockholders": NaN,
        "Preferred Stock Dividends": NaN,
        "Net Income": NaN,
        "Net Income Including Noncontrolling Interests": NaN,
        "Net Income Continuous Operations": NaN,
        "Pretax Income": NaN,
        "Other Income Expense": NaN,
        "Special Income Charges": NaN,
        "Gain On Sale Of Ppe": NaN,
        "Gain On Sale Of Business": NaN,
        "Other Special Charges": 704000.0,
        "Earnings From Equity Interest": 224000.0,
        "Gain On Sale Of Security": NaN,
        "Net Non Operating Interest Income Expense": NaN,
        "Interest Expense Non Operating": NaN,
        "Interest Income Non Operating": NaN,
        "Operating Income": NaN,
        "Operating Expense": NaN,
        "Other Operating Expenses": NaN,
        "Selling General And Administration": NaN,
        "General And Administrative Expense": NaN,
        "Other Gand A": NaN,
        "Gross Profit": NaN,
        "Cost Of Revenue": NaN,
        "Total Revenue": NaN,
        "Operating Revenue": NaN
    },
    "2022-03-31": {
        "Diluted EPS": 0.31,
        "Total Revenue": 66,
        "Gross Profit": 48,
        "Operating Income": 31,
        "EBIT": 31,
        "Net Income": 25
    },
    "2021-12-31": {
        "Diluted EPS": 0.46,
        "Total Revenue": 69,
        "Gross Profit": 50,
        "Operating Income": 31,
        "EBIT": 31,
        "Net Income": 40
    },
    "2021-09-30": {
        "Diluted EPS": 0.16,
        "Total Revenue": 57,
        "Gross Profit": 38,
        "Operating Income": 21,
        "EBIT": 21,
        "Net Income": 13
    },
    "2021-06-30": {
        "Diluted EPS": 0.02,
        "Total Revenue": 47,
        "Gross Profit": 26,
        "Operating Income": 8,
        "EBIT": 8,
        "Net Income": 1
    },
    "2021-03-31": {
        "Diluted EPS": -0.03,
        "Total Revenue": 41,
        "Gross Profit": 21,
        "Operating Income": 3,
        "EBIT": 3,
        "Net Income": -3
    },
    "2020-12-31": {
        "Diluted EPS": -0.1,
        "Total Revenue": 43,
        "Gross Profit": 17,
        "Operating Income": -1,
        "EBIT": -1,
        "Net Income": -9
    },
    "2020-09-30": {
        "Diluted EPS": -0.17,
        "Total Revenue": 42,
        "Gross Profit": 18,
        "Operating Income": -8,
        "EBIT": -8,
        "Net Income": -15
    },
    "2020-06-30": {
        "Diluted EPS": -0.14,
        "Total Revenue": 41,
        "Gross Profit": 16,
        "Operating Income": -5,
        "EBIT": -5,
        "Net Income": -12
    },
    "2020-03-31": {
        "Diluted EPS": -1.21,
        "Total Revenue": 44,
        "Gross Profit": 19,
        "Operating Income": -97,
        "EBIT": -97,
        "Net Income": -104
    },
    "2019-12-31": {
        "Diluted EPS": -0.16,
        "Total Revenue": 52,
        "Gross Profit": 24,
        "Operating Income": 0,
        "EBIT": 0,
        "Net Income": -15
    },
    "2019-09-30": {
        "Diluted EPS": 0.0,
        "Total Revenue": 54,
        "Gross Profit": 28,
        "Operating Income": 8,
        "EBIT": 8,
        "Net Income": 0
    },
    "2019-06-30": {
        "Diluted EPS": -0.03,
        "Total Revenue": 55,
        "Gross Profit": 30,
        "Operating Income": 6,
        "EBIT": 6,
        "Net Income": -3
    },
    "2019-03-31": {
        "Diluted EPS": 0.02,
        "Total Revenue": 60,
        "Gross Profit": 35,
        "Operating Income": 10,
        "EBIT": 10,
        "Net Income": 2
    },
    "2018-12-31": {
        "Diluted EPS": 0.01,
        "Total Revenue": 63,
        "Gross Profit": 35,
        "Operating Income": 11,
        "EBIT": 11,
        "Net Income": 1
    },
    "2018-09-30": {
        "Diluted EPS": 0.13,
        "Total Revenue": 62,
        "Gross Profit": 37,
        "Operating Income": 16,
        "EBIT": 16,
        "Net Income": 13
    },
    "2018-06-30": {
        "Diluted EPS": 0.01,
        "Total Revenue": 53,
        "Gross Profit": 28,
        "Operating Income": 8,
        "EBIT": 8,
        "Net Income": 1
    },
    "2018-03-31": {
        "Diluted EPS": -0.04,
        "Total Revenue": 48,
        "Gross Profit": 23,
        "Operating Income": 2,
        "EBIT": 2,
        "Net Income": -4
    },
    "2017-12-31": {
        "Diluted EPS": -4.56,
        "Total Revenue": 49,
        "Gross Profit": 22,
        "Operating Income": -443,
        "EBIT": -443,
        "Net Income": -438
    },
    "2017-09-30": {
        "Diluted EPS": -0.25,
        "Total Revenue": 44,
        "Gross Profit": 19,
        "Operating Income": -18,
        "EBIT": -18,
        "Net Income": -26
    },
    "2017-06-30": {
        "Diluted EPS": -0.26,
        "Total Revenue": 38,
        "Gross Profit": 13,
        "Operating Income": -16,
        "EBIT": -16,
        "Net Income": -25
    },
    "2017-03-31": {
        "Diluted EPS": -0.34,
        "Total Revenue": 31,
        "Gross Profit": 9,
        "Operating Income": -18,
        "EBIT": -18,
        "Net Income": -28
    },
    "2016-12-31": {
        "Diluted EPS": -0.3,
        "Total Revenue": 28,
        "Gross Profit": 6,
        "Operating Income": -16,
        "EBIT": -16,
        "Net Income": -25
    },
    "2016-09-30": {
        "Diluted EPS": -0.99,
        "Total Revenue": 27,
        "Gross Profit": 4,
        "Operating Income": -23,
        "EBIT": -23,
        "Net Income": -80
    },
    "2016-06-30": {
        "Diluted EPS": -0.41,
        "Total Revenue": 28,
        "Gross Profit": 3,
        "Operating Income": -24,
        "EBIT": -24,
        "Net Income": -33
    },
    "2016-03-31": {
        "Diluted EPS": -0.41,
        "Total Revenue": 31,
        "Gross Profit": 2,
        "Operating Income": -25,
        "EBIT": -25,
        "Net Income": -33
    },
    "2015-12-31": {
        "Diluted EPS": -0.31,
        "Total Revenue": 38,
        "Gross Profit": 11,
        "Operating Income": -16,
        "EBIT": -16,
        "Net Income": -24
    },
    "2015-09-30": {
        "Diluted EPS": -0.24,
        "Total Revenue": 39,
        "Gross Profit": 14,
        "Operating Income": -11,
        "EBIT": -11,
        "Net Income": -19
    },
    "2015-06-30": {
        "Diluted EPS": -0.19,
        "Total Revenue": 39,
        "Gross Profit": 13,
        "Operating Income": -12,
        "EBIT": -12,
        "Net Income": -16
    },
    "2015-03-31": {
        "Diluted EPS": -0.15,
        "Total Revenue": 42,
        "Gross Profit": 15,
        "Operating Income": -8,
        "EBIT": -8,
        "Net Income": -12
    },
    "2014-12-31": {
        "Diluted EPS": -0.1,
        "Total Revenue": 46,
        "Gross Profit": 20,
        "Operating Income": -5,
        "EBIT": -5,
        "Net Income": -8
    },
    "2014-09-30": {
        "Diluted EPS": 0.08,
        "Total Revenue": 45,
        "Gross Profit": 21,
        "Operating Income": -3,
        "EBIT": -3,
        "Net Income": 6
    },
    "2014-06-30": {
        "Diluted EPS": -0.09,
        "Total Revenue": 43,
        "Gross Profit": 19,
        "Operating Income": -5,
        "EBIT": -5,
        "Net Income": -7
    },
    "2014-03-31": {
        "Diluted EPS": -0.08,
        "Total Revenue": 41,
        "Gross Profit": 18,
        "Operating Income": -5,
        "EBIT": -5,
        "Net Income": -7
    },
    "2013-12-31": {
        "Diluted EPS": -0.12,
        "Total Revenue": 39,
        "Gross Profit": 18,
        "Operating Income": -6,
        "EBIT": -6,
        "Net Income": -10
    },
    "2013-09-30": {
        "Diluted EPS": -0.04,
        "Total Revenue": 42,
        "Gross Profit": 20,
        "Operating Income": -1,
        "EBIT": -1,
        "Net Income": -3
    },
    "2013-06-30": {
        "Diluted EPS": -0.06,
        "Total Revenue": 40,
        "Gross Profit": 18,
        "Operating Income": -3,
        "EBIT": -3,
        "Net Income": -5
    },
    "2013-03-31": {
        "Diluted EPS": -0.04,
        "Total Revenue": 43,
        "Gross Profit": 23,
        "Operating Income": 2,
        "EBIT": 2,
        "Net Income": -3
    },
    "2012-12-31": {
        "Diluted EPS": 0.06,
        "Total Revenue": 50,
        "Gross Profit": 29,
        "Operating Income": 7,
        "EBIT": 7,
        "Net Income": 5
    },
    "2012-09-30": {
        "Diluted EPS": 0.15,
        "Total Revenue": 57,
        "Gross Profit": 39,
        "Operating Income": 17,
        "EBIT": 17,
        "Net Income": 12
    },
    "2012-06-30": {
        "Diluted EPS": 0.21,
        "Total Revenue": 58,
        "Gross Profit": 40,
        "Operating Income": 18,
        "EBIT": 18,
        "Net Income": 17
    },
    "2012-03-31": {
        "Diluted EPS": 0.25,
        "Total Revenue": 58,
        "Gross Profit": 41,
        "Operating Income": 21,
        "EBIT": 21,
        "Net Income": 20
    },
    "2011-12-31": {
        "Diluted EPS": 0.25,
        "Total Revenue": 58,
        "Gross Profit": 41,
        "Operating Income": 21,
        "EBIT": 21,
        "Net Income": 20
    },
    "2011-09-30": {
        "Diluted EPS": 0.33,
        "Total Revenue": 65,
        "Gross Profit": 47,
        "Operating Income": 27,
        "EBIT": 27,
        "Net Income": 26
    },
    "2011-06-30": {
        "Diluted EPS": 0.34,
        "Total Revenue": 65,
        "Gross Profit": 48,
        "Operating Income": 29,
        "EBIT": 29,
        "Net Income": 28
    },
    "2011-03-31": {
        "Diluted EPS": 0.41,
        "Total Revenue": 70,
        "Gross Profit": 54,
        "Operating Income": 34,
        "EBIT": 34,
        "Net Income": 33
    },
    "2010-12-31": {
        "Diluted EPS": 0.39,
        "Total Revenue": 73,
        "Gross Profit": 55,
        "Operating Income": 33,
        "EBIT": 33,
        "Net Income": 32
    },
    "2010-09-30": {
        "Diluted EPS": 0.42,
        "Total Revenue": 72,
        "Gross Profit": 55,
        "Operating Income": 36,
        "EBIT": 36,
        "Net Income": 34
    },
    "2010-06-30": {
        "Diluted EPS": 0.42,
        "Total Revenue": 69,
        "Gross Profit": 54,
        "Operating Income": 34,
        "EBIT": 34,
        "Net Income": 34
    },
    "2010-03-31": {
        "Diluted EPS": 0.36,
        "Total Revenue": 62,
        "Gross Profit": 47,
        "Operating Income": 30,
        "EBIT": 30,
        "Net Income": 29
    },
    "2009-12-31": {
        "Diluted EPS": 0.33,
        "Total Revenue": 59,
        "Gross Profit": 44,
        "Operating Income": 28,
        "EBIT": 28,
        "Net Income": 28
    },
    "2009-09-30": {
        "Diluted EPS": 0.36,
        "Total Revenue": 58,
        "Gross Profit": 45,
        "Operating Income": 30,
        "EBIT": 30,
        "Net Income": 29
    },
    "2009-06-30": {
        "Diluted EPS": 0.39,
        "Total Revenue": 60,
        "Gross Profit": 46,
        "Operating Income": 31,
        "EBIT": 31,
        "Net Income": 30
    },
    "2009-03-31": {
        "Diluted EPS": 0.47,
        "Total Revenue": 63,
        "Gross Profit": 50,
        "Operating Income": 35,
        "EBIT": 35,
        "Net Income": 35
    },
    "2023-09-30": {
        "Tax Effect Of Unusual Items": NaN,
        "Tax Rate For Calcs": NaN,
        "Normalized EBITDA": NaN,
        "Total Unusual Items": NaN,
        "Total Unusual Items Excluding Goodwill": NaN,
        "Net Income From Continuing Operation Net Minority Interest": NaN,
        "Reconciled Cost Of Revenue": NaN,
        "EBITDA": NaN,
        "EBIT": NaN,
        "Net Interest Income": NaN,
        "Interest Expense": NaN,
        "Interest Income": NaN,
        "Normalized Income": NaN,
        "Net Income From Continuing And Discontinued Operation": NaN,
        "Total Expenses": NaN,
        "Total Operating Income As Reported": NaN,
        "Diluted Average Shares": NaN,
        "Basic Average Shares": NaN,
        "Diluted EPS": NaN,
        "Basic EPS": NaN,
        "Diluted NI Availto Com Stockholders": NaN,
        "Net Income Common Stockholders": NaN,
        "Preferred Stock Dividends": NaN,
        "Net Income": NaN,
        "Net Income Including Noncontrolling Interests": NaN,
        "Net Income Continuous Operations": NaN,
        "Pretax Income": NaN,
        "Other Income Expense": NaN,
        "Special Income Charges": NaN,
        "Gain On Sale Of Ppe": NaN,
        "Gain On Sale Of Business": 0.0,
        "Other Special Charges": NaN,
        "Earnings From Equity Interest": 2000.0,
        "Gain On Sale Of Security": NaN,
        "Net Non Operating Interest Income Expense": NaN,
        "Interest Expense Non Operating": NaN,
        "Interest Income Non Operating": NaN,
        "Operating Income": NaN,
        "Operating Expense": NaN,
        "Other Operating Expenses": NaN,
        "Selling General And Administration": NaN,
        "General And Administrative Expense": NaN,
        "Other Gand A": NaN,
        "Gross Profit": NaN,
        "Cost Of Revenue": NaN,
        "Total Revenue": NaN,
        "Operating Revenue": NaN
    },
    "2023-12-31": {
        "Tax Effect Of Unusual Items": NaN,
        "Tax Rate For Calcs": NaN,
        "Normalized EBITDA": NaN,
        "Total Unusual Items": NaN,
        "Total Unusual Items Excluding Goodwill": NaN,
        "Net Income From Continuing Operation Net Minority Interest": NaN,
        "Reconciled Cost Of Revenue": NaN,
        "EBITDA": NaN,
        "EBIT": NaN,
        "Net Interest Income": NaN,
        "Interest Expense": NaN,
        "Interest Income": NaN,
        "Normalized Income": NaN,
        "Net Income From Continuing And Discontinued Operation": NaN,
        "Total Expenses": NaN,
        "Total Operating Income As Reported": NaN,
        "Diluted Average Shares": NaN,
        "Basic Average Shares": NaN,
        "Diluted EPS": NaN,
        "Basic EPS": NaN,
        "Diluted NI Availto Com Stockholders": NaN,
        "Net Income Common Stockholders": NaN,
        "Preferred Stock Dividends": NaN,
        "Net Income": NaN,
        "Net Income Including Noncontrolling Interests": NaN,
        "Net Income Continuous Operations": NaN,
        "Pretax Income": NaN,
        "Other Income Expense": NaN,
        "Special Income Charges": NaN,
        "Gain On Sale Of Ppe": NaN,
        "Gain On Sale Of Business": 0.0,
        "Other Special Charges": 0.0,
        "Earnings From Equity Interest": NaN,
        "Gain On Sale Of Security": NaN,
        "Net Non Operating Interest Income Expense": NaN,
        "Interest Expense Non Operating": NaN,
        "Interest Income Non Operating": NaN,
        "Operating Income": NaN,
        "Operating Expense": NaN,
        "Other Operating Expenses": NaN,
        "Selling General And Administration": NaN,
        "General And Administrative Expense": NaN,
        "Other Gand A": NaN,
        "Gross Profit": NaN,
        "Cost Of Revenue": NaN,
        "Total Revenue": NaN,
        "Operating Revenue": NaN
    },
    "2024-03-31": {
        "Tax Effect Of Unusual Items": NaN,
        "Tax Rate For Calcs": NaN,
        "Normalized EBITDA": NaN,
        "Total Unusual Items": NaN,
        "Total Unusual Items Excluding Goodwill": NaN,
        "Net Income From Continuing Operation Net Minority Interest": NaN,
        "Reconciled Cost Of Revenue": NaN,
        "EBITDA": NaN,
        "EBIT": NaN,
        "Net Interest Income": NaN,
        "Interest Expense": NaN,
        "Interest Income": NaN,
        "Normalized Income": NaN,
        "Net Income From Continuing And Discontinued Operation": NaN,
        "Total Expenses": NaN,
        "Total Operating Income As Reported": 15405000.0,
        "Diluted Average Shares": NaN,
        "Basic Average Shares": NaN,
        "Diluted EPS": NaN,
        "Basic EPS": NaN,
        "Diluted NI Availto Com Stockholders": NaN,
        "Net Income Common Stockholders": NaN,
        "Preferred Stock Dividends": NaN,
        "Net Income": NaN,
        "Net Income Including Noncontrolling Interests": NaN,
        "Net Income Continuous Operations": NaN,
        "Pretax Income": NaN,
        "Other Income Expense": NaN,
        "Special Income Charges": NaN,
        "Gain On Sale Of Ppe": NaN,
        "Gain On Sale Of Business": NaN,
        "Other Special Charges": NaN,
        "Earnings From Equity Interest": -397000.0,
        "Gain On Sale Of Security": NaN,
        "Net Non Operating Interest Income Expense": NaN,
        "Interest Expense Non Operating": NaN,
        "Interest Income Non Operating": NaN,
        "Operating Income": NaN,
        "Operating Expense": NaN,
        "Other Operating Expenses": NaN,
        "Selling General And Administration": NaN,
        "General And Administrative Expense": NaN,
        "Other Gand A": NaN,
        "Gross Profit": NaN,
        "Cost Of Revenue": NaN,
        "Total Revenue": NaN,
        "Operating Revenue": NaN
    },
    "2024-06-30": {
        "Tax Effect Of Unusual Items": 0.0,
        "Tax Rate For Calcs": 0.0,
        "Normalized EBITDA": 14364000.0,
        "Total Unusual Items": -5534000.0,
        "Total Unusual Items Excluding Goodwill": -5534000.0,
        "Net Income From Continuing Operation Net Minority Interest": -2764000.0,
        "Reconciled Cost Of Revenue": 35418000.0,
        "EBITDA": 8830000.0,
        "EBIT": 8830000.0,
        "Net Interest Income": -9553000.0,
        "Interest Expense": 11594000.0,
        "Interest Income": 2041000.0,
        "Normalized Income": 2770000.0,
        "Net Income From Continuing And Discontinued Operation": -2764000.0,
        "Total Expenses": 43844000.0,
        "Total Operating Income As Reported": 12156000.0,
        "Diluted Average Shares": 115236048.0,
        "Basic Average Shares": 115236048.0,
        "Diluted EPS": -0.04,
        "Basic EPS": -0.04,
        "Diluted NI Availto Com Stockholders": -4206000.0,
        "Net Income Common Stockholders": -4206000.0,
        "Preferred Stock Dividends": 1442000.0,
        "Net Income": -2764000.0,
        "Net Income Including Noncontrolling Interests": -2764000.0,
        "Net Income Continuous Operations": -2764000.0,
        "Pretax Income": -2764000.0,
        "Other Income Expense": -5367000.0,
        "Special Income Charges": 0.0,
        "Gain On Sale Of Ppe": 0.0,
        "Gain On Sale Of Business": 0.0,
        "Other Special Charges": NaN,
        "Earnings From Equity Interest": 167000.0,
        "Gain On Sale Of Security": -5534000.0,
        "Net Non Operating Interest Income Expense": -9553000.0,
        "Interest Expense Non Operating": 11594000.0,
        "Interest Income Non Operating": 2041000.0,
        "Operating Income": 12156000.0,
        "Operating Expense": 8426000.0,
        "Other Operating Expenses": 229000.0,
        "Selling General And Administration": 8197000.0,
        "General And Administrative Expense": 8197000.0,
        "Other Gand A": 8197000.0,
        "Gross Profit": 20582000.0,
        "Cost Of Revenue": 35418000.0,
        "Total Revenue": 56000000.0,
        "Operating Revenue": 56000000.0
    },
    "2024-09-30": {
        "Tax Effect Of Unusual Items": 270380.0,
        "Tax Rate For Calcs": 0.22,
        "Normalized EBITDA": 14684000.0,
        "Total Unusual Items": 1229000.0,
        "Total Unusual Items Excluding Goodwill": 1229000.0,
        "Net Income From Continuing Operation Net Minority Interest": 3715000.0,
        "Reconciled Cost Of Revenue": 36110000.0,
        "EBITDA": 15913000.0,
        "EBIT": 15913000.0,
        "Net Interest Income": -9966000.0,
        "Interest Expense": 12198000.0,
        "Interest Income": 2232000.0,
        "Normalized Income": 2756380.0,
        "Net Income From Continuing And Discontinued Operation": 3715000.0,
        "Total Expenses": 45009000.0,
        "Total Operating Income As Reported": 16706000.0,
        "Diluted Average Shares": 120212686.0,
        "Basic Average Shares": 119032441.0,
        "Diluted EPS": 0.0189,
        "Basic EPS": 0.02,
        "Diluted NI Availto Com Stockholders": 2272000.0,
        "Net Income Common Stockholders": 2272000.0,
        "Preferred Stock Dividends": 1443000.0,
        "Net Income": 3715000.0,
        "Net Income Including Noncontrolling Interests": 3715000.0,
        "Net Income Continuous Operations": 3715000.0,
        "Pretax Income": 3715000.0,
        "Other Income Expense": 1202000.0,
        "Special Income Charges": 752000.0,
        "Gain On Sale Of Ppe": 4227000.0,
        "Gain On Sale Of Business": 0.0,
        "Other Special Charges": 3475000.0,
        "Earnings From Equity Interest": -27000.0,
        "Gain On Sale Of Security": 477000.0,
        "Net Non Operating Interest Income Expense": -9966000.0,
        "Interest Expense Non Operating": 12198000.0,
        "Interest Income Non Operating": 2232000.0,
        "Operating Income": 12479000.0,
        "Operating Expense": 8899000.0,
        "Other Operating Expenses": 515000.0,
        "Selling General And Administration": 8384000.0,
        "General And Administrative Expense": 8384000.0,
        "Other Gand A": 8384000.0,
        "Gross Profit": 21378000.0,
        "Cost Of Revenue": 36110000.0,
        "Total Revenue": 57488000.0,
        "Operating Revenue": 57488000.0
    },
    "2024-12-31": {
        "Tax Effect Of Unusual Items": 930160.0,
        "Tax Rate For Calcs": 0.22,
        "Normalized EBITDA": 14399000.0,
        "Total Unusual Items": 4228000.0,
        "Total Unusual Items Excluding Goodwill": 4228000.0,
        "Net Income From Continuing Operation Net Minority Interest": 9737000.0,
        "Reconciled Cost Of Revenue": 34123000.0,
        "EBITDA": 18627000.0,
        "EBIT": 18627000.0,
        "Net Interest Income": -9259000.0,
        "Interest Expense": 8890000.0,
        "Interest Income": 2361000.0,
        "Normalized Income": 6439160.0,
        "Net Income From Continuing And Discontinued Operation": 9737000.0,
        "Total Expenses": 42563000.0,
        "Total Operating Income As Reported": NaN,
        "Diluted Average Shares": 119685417.0,
        "Basic Average Shares": 119087512.0,
        "Diluted EPS": 0.02,
        "Basic EPS": 0.07,
        "Diluted NI Availto Com Stockholders": 8295000.0,
        "Net Income Common Stockholders": 8295000.0,
        "Preferred Stock Dividends": 1442000.0,
        "Net Income": 9737000.0,
        "Net Income Including Noncontrolling Interests": 9737000.0,
        "Net Income Continuous Operations": 9737000.0,
        "Pretax Income": 9737000.0,
        "Other Income Expense": 4486000.0,
        "Special Income Charges": 0.0,
        "Gain On Sale Of Ppe": 0.0,
        "Gain On Sale Of Business": 0.0,
        "Other Special Charges": 0.0,
        "Earnings From Equity Interest": NaN,
        "Gain On Sale Of Security": 4228000.0,
        "Net Non Operating Interest Income Expense": -9259000.0,
        "Interest Expense Non Operating": 8890000.0,
        "Interest Income Non Operating": 2361000.0,
        "Operating Income": 14510000.0,
        "Operating Expense": 8440000.0,
        "Other Operating Expenses": 118000.0,
        "Selling General And Administration": 8322000.0,
        "General And Administrative Expense": 8322000.0,
        "Other Gand A": 8322000.0,
        "Gross Profit": 22950000.0,
        "Cost Of Revenue": 34123000.0,
        "Total Revenue": 57073000.0,
        "Operating Revenue": 57073000.0
    },
    "2025-03-31": {
        "Tax Effect Of Unusual Items": 70180.0,
        "Tax Rate For Calcs": 0.22,
        "Normalized EBITDA": 13756000.0,
        "Total Unusual Items": 319000.0,
        "Total Unusual Items Excluding Goodwill": 319000.0,
        "Net Income From Continuing Operation Net Minority Interest": 2997000.0,
        "Reconciled Cost Of Revenue": 34143000.0,
        "EBITDA": 14075000.0,
        "EBIT": 14075000.0,
        "Net Interest Income": -9215000.0,
        "Interest Expense": 11078000.0,
        "Interest Income": 1863000.0,
        "Normalized Income": 2748180.0,
        "Net Income From Continuing And Discontinued Operation": 2997000.0,
        "Total Expenses": 42826000.0,
        "Total Operating Income As Reported": 13607000.0,
        "Diluted Average Shares": 109520824.0,
        "Basic Average Shares": 109520824.0,
        "Diluted EPS": 0.01,
        "Basic EPS": 0.01,
        "Diluted NI Availto Com Stockholders": 1555000.0,
        "Net Income Common Stockholders": 1555000.0,
        "Preferred Stock Dividends": 1442000.0,
        "Net Income": 2997000.0,
        "Net Income Including Noncontrolling Interests": 2997000.0,
        "Net Income Continuous Operations": 2997000.0,
        "Pretax Income": 2997000.0,
        "Other Income Expense": 101000.0,
        "Special Income Charges": 1496000.0,
        "Gain On Sale Of Ppe": 1496000.0,
        "Gain On Sale Of Business": NaN,
        "Other Special Charges": NaN,
        "Earnings From Equity Interest": -218000.0,
        "Gain On Sale Of Security": -1177000.0,
        "Net Non Operating Interest Income Expense": -9215000.0,
        "Interest Expense Non Operating": 11078000.0,
        "Interest Income Non Operating": 1863000.0,
        "Operating Income": 12111000.0,
        "Operating Expense": 8683000.0,
        "Other Operating Expenses": 493000.0,
        "Selling General And Administration": 8190000.0,
        "General And Administrative Expense": 8190000.0,
        "Other Gand A": 8190000.0,
        "Gross Profit": 20794000.0,
        "Cost Of Revenue": 34143000.0,
        "Total Revenue": 54937000.0,
        "Operating Revenue": 54937000.0
    },
    "2025-06-30": {
        "Tax Effect Of Unusual Items": 780560.0,
        "Tax Rate For Calcs": 0.22,
        "Normalized EBITDA": 10733000.0,
        "Total Unusual Items": 3548000.0,
        "Total Unusual Items Excluding Goodwill": 3548000.0,
        "Net Income From Continuing Operation Net Minority Interest": 4542000.0,
        "Reconciled Cost Of Revenue": 34722000.0,
        "EBITDA": 14281000.0,
        "EBIT": 14281000.0,
        "Net Interest Income": -8897000.0,
        "Interest Expense": 9739000.0,
        "Interest Income": 1915000.0,
        "Normalized Income": 1774560.0,
        "Net Income From Continuing And Discontinued Operation": 4542000.0,
        "Total Expenses": 44268000.0,
        "Total Operating Income As Reported": 10424000.0,
        "Diluted Average Shares": 110664067.0,
        "Basic Average Shares": 110664067.0,
        "Diluted EPS": 0.03,
        "Basic EPS": 0.03,
        "Diluted NI Availto Com Stockholders": 3100000.0,
        "Net Income Common Stockholders": 3100000.0,
        "Preferred Stock Dividends": 1442000.0,
        "Net Income": 4542000.0,
        "Net Income Including Noncontrolling Interests": 4542000.0,
        "Net Income Continuous Operations": 4542000.0,
        "Pretax Income": 4542000.0,
        "Other Income Expense": 3019000.0,
        "Special Income Charges": 4000.0,
        "Gain On Sale Of Ppe": 4000.0,
        "Gain On Sale Of Business": NaN,
        "Other Special Charges": NaN,
        "Earnings From Equity Interest": -529000.0,
        "Gain On Sale Of Security": 3544000.0,
        "Net Non Operating Interest Income Expense": -8897000.0,
        "Interest Expense Non Operating": 9739000.0,
        "Interest Income Non Operating": 1915000.0,
        "Operating Income": 10420000.0,
        "Operating Expense": 9546000.0,
        "Other Operating Expenses": 603000.0,
        "Selling General And Administration": 8943000.0,
        "General And Administrative Expense": 8943000.0,
        "Other Gand A": 8943000.0,
        "Gross Profit": 19966000.0,
        "Cost Of Revenue": 34722000.0,
        "Total Revenue": 54688000.0,
        "Operating Revenue": 54688000.0
    }
}