{
    "2023-03-31": {
        "Tax Effect Of Unusual Items": NaN,
        "Tax Rate For Calcs": NaN,
        "Normalized EBITDA": NaN,
        "Total Unusual Items": NaN,
        "Total Unusual Items Excluding Goodwill": NaN,
        "Net Income From Continuing Operation Net Minority Interest": NaN,
        "Reconciled Depreciation": NaN,
        "Reconciled Cost Of Revenue": NaN,
        "EBITDA": NaN,
        "EBIT": NaN,
        "Net Interest Income": NaN,
        "Interest Expense": 2286000.0,
        "Normalized Income": NaN,
        "Net Income From Continuing And Discontinued Operation": NaN,
        "Total Expenses": NaN,
        "Total Operating Income As Reported": NaN,
        "Diluted Average Shares": 63890000.0,
        "Basic Average Shares": 63670000.0,
        "Diluted EPS": 0.01,
        "Basic EPS": 0.01,
        "Diluted NI Availto Com Stockholders": NaN,
        "Net Income Common Stockholders": NaN,
        "Net Income": NaN,
        "Minority Interests": NaN,
        "Net Income Including Noncontrolling Interests": NaN,
        "Net Income Continuous Operations": NaN,
        "Tax Provision": NaN,
        "Pretax Income": NaN,
        "Other Income Expense": NaN,
        "Other Non Operating Income Expenses": NaN,
        "Special Income Charges": NaN,
        "Impairment Of Capital Assets": NaN,
        "Net Non Operating Interest Income Expense": NaN,
        "Interest Expense Non Operating": 2286000.0,
        "Operating Income": NaN,
        "Operating Expense": NaN,
        "Other Operating Expenses": NaN,
        "Depreciation Amortization Depletion Income Statement": NaN,
        "Depreciation And Amortization In Income Statement": NaN,
        "Selling General And Administration": NaN,
        "Gross Profit": NaN,
        "Cost Of Revenue": NaN,
        "Total Revenue": NaN,
        "Operating Revenue": NaN
    },
    "2022-12-31": {
        "Tax Effect Of Unusual Items": NaN,
        "Tax Rate For Calcs": NaN,
        "Normalized EBITDA": NaN,
        "Total Unusual Items": 0.0,
        "Total Unusual Items Excluding Goodwill": 0.0,
        "Net Income From Continuing Operation Net Minority Interest": NaN,
        "Reconciled Depreciation": NaN,
        "Reconciled Cost Of Revenue": NaN,
        "EBITDA": NaN,
        "EBIT": NaN,
        "Net Interest Income": NaN,
        "Interest Expense": NaN,
        "Normalized Income": NaN,
        "Net Income From Continuing And Discontinued Operation": NaN,
        "Total Expenses": NaN,
        "Total Operating Income As Reported": NaN,
        "Diluted Average Shares": NaN,
        "Basic Average Shares": NaN,
        "Diluted EPS": NaN,
        "Basic EPS": NaN,
        "Diluted NI Availto Com Stockholders": NaN,
        "Net Income Common Stockholders": NaN,
        "Net Income": NaN,
        "Minority Interests": NaN,
        "Net Income Including Noncontrolling Interests": NaN,
        "Net Income Continuous Operations": NaN,
        "Tax Provision": NaN,
        "Pretax Income": NaN,
        "Other Income Expense": NaN,
        "Other Non Operating Income Expenses": NaN,
        "Special Income Charges": 0.0,
        "Impairment Of Capital Assets": 0.0,
        "Net Non Operating Interest Income Expense": NaN,
        "Interest Expense Non Operating": NaN,
        "Operating Income": NaN,
        "Operating Expense": NaN,
        "Other Operating Expenses": NaN,
        "Depreciation Amortization Depletion Income Statement": NaN,
        "Depreciation And Amortization In Income Statement": NaN,
        "Selling General And Administration": NaN,
        "Gross Profit": NaN,
        "Cost Of Revenue": NaN,
        "Total Revenue": NaN,
        "Operating Revenue": NaN
    },
    "2022-09-30": {
        "Tax Effect Of Unusual Items": NaN,
        "Tax Rate For Calcs": NaN,
        "Normalized EBITDA": NaN,
        "Total Unusual Items": 0.0,
        "Total Unusual Items Excluding Goodwill": 0.0,
        "Net Income From Continuing Operation Net Minority Interest": NaN,
        "Reconciled Depreciation": NaN,
        "Reconciled Cost Of Revenue": NaN,
        "EBITDA": NaN,
        "EBIT": NaN,
        "Net Interest Income": NaN,
        "Interest Expense": 1805000.0,
        "Normalized Income": NaN,
        "Net Income From Continuing And Discontinued Operation": NaN,
        "Total Expenses": NaN,
        "Total Operating Income As Reported": NaN,
        "Diluted Average Shares": NaN,
        "Basic Average Shares": NaN,
        "Diluted EPS": NaN,
        "Basic EPS": NaN,
        "Diluted NI Availto Com Stockholders": NaN,
        "Net Income Common Stockholders": NaN,
        "Net Income": NaN,
        "Minority Interests": NaN,
        "Net Income Including Noncontrolling Interests": NaN,
        "Net Income Continuous Operations": NaN,
        "Tax Provision": NaN,
        "Pretax Income": NaN,
        "Other Income Expense": NaN,
        "Other Non Operating Income Expenses": NaN,
        "Special Income Charges": 0.0,
        "Impairment Of Capital Assets": 0.0,
        "Net Non Operating Interest Income Expense": NaN,
        "Interest Expense Non Operating": 1805000.0,
        "Operating Income": NaN,
        "Operating Expense": NaN,
        "Other Operating Expenses": NaN,
        "Depreciation Amortization Depletion Income Statement": NaN,
        "Depreciation And Amortization In Income Statement": NaN,
        "Selling General And Administration": NaN,
        "Gross Profit": NaN,
        "Cost Of Revenue": NaN,
        "Total Revenue": NaN,
        "Operating Revenue": NaN
    },
    "2022-06-30": {
        "Tax Effect Of Unusual Items": -2569476.0,
        "Tax Rate For Calcs": 0.084,
        "Normalized EBITDA": 16177000.0,
        "Total Unusual Items": -30589000.0,
        "Total Unusual Items Excluding Goodwill": -30589000.0,
        "Net Income From Continuing Operation Net Minority Interest": -12039000.0,
        "Reconciled Depreciation": 6043000.0,
        "Reconciled Cost Of Revenue": 49343000.0,
        "EBITDA": -14412000.0,
        "EBIT": -20455000.0,
        "Net Interest Income": -1237000.0,
        "Interest Expense": 1237000.0,
        "Normalized Income": 15980524.0,
        "Net Income From Continuing And Discontinued Operation": -12039000.0,
        "Total Expenses": 125372000.0,
        "Total Operating Income As Reported": -19942000.0,
        "Diluted Average Shares": 63416000.0,
        "Basic Average Shares": 63416000.0,
        "Diluted EPS": -0.19,
        "Basic EPS": -0.19,
        "Diluted NI Availto Com Stockholders": -12039000.0,
        "Net Income Common Stockholders": -12039000.0,
        "Otherunder Preferred Stock Dividend": NaN,
        "Net Income": -12039000.0,
        "Minority Interests": 7834000.0,
        "Net Income Including Noncontrolling Interests": -19873000.0,
        "Net Income Continuous Operations": -19873000.0,
        "Tax Provision": -1819000.0,
        "Pretax Income": -21692000.0,
        "Other Income Expense": -31102000.0,
        "Other Non Operating Income Expenses": -513000.0,
        "Special Income Charges": -30589000.0,
        "Write Off": NaN,
        "Impairment Of Capital Assets": 30589000.0,
        "Net Non Operating Interest Income Expense": -1237000.0,
        "Total Other Finance Cost": NaN,
        "Interest Expense Non Operating": 1237000.0,
        "Operating Income": 10647000.0,
        "Operating Expense": 76029000.0,
        "Other Operating Expenses": 820000.0,
        "Depreciation Amortization Depletion Income Statement": 6043000.0,
        "Depreciation And Amortization In Income Statement": 6043000.0,
        "Selling General And Administration": 69166000.0,
        "Gross Profit": 86676000.0,
        "Cost Of Revenue": 49343000.0,
        "Total Revenue": 136019000.0,
        "Operating Revenue": 136019000.0
    },
    "2022-03-31": {
        "Diluted EPS": -0.03,
        "Total Revenue": 82,
        "Gross Profit": 49,
        "Operating Income": -3,
        "EBIT": 3,
        "Net Income": -2
    },
    "2021-12-31": {
        "Diluted EPS": 0.0,
        "Total Revenue": 176,
        "Gross Profit": 112,
        "Operating Income": 17,
        "EBIT": 23,
        "Net Income": -32
    },
    "2021-09-30": {
        "Diluted EPS": 0.0,
        "Total Revenue": 69,
        "Gross Profit": 41,
        "Operating Income": 4,
        "EBIT": 9,
        "Net Income": 1
    },
    "2021-06-30": {
        "Diluted EPS": 0.0,
        "Total Revenue": 89,
        "Gross Profit": 60,
        "Operating Income": 23,
        "EBIT": 27,
        "Net Income": 19
    },
    "2021-03-31": {
        "Diluted EPS": 0.0,
        "Total Revenue": 69,
        "Gross Profit": 46,
        "Operating Income": 24,
        "EBIT": 28,
        "Net Income": 22
    },
    "2020-12-31": {
        "Diluted EPS": 0.0,
        "Total Revenue": NaN,
        "Gross Profit": NaN,
        "Operating Income": NaN,
        "EBIT": NaN,
        "Net Income": NaN
    },
    "2020-09-30": {
        "Diluted EPS": 0.13,
        "Total Revenue": 29,
        "Gross Profit": 21,
        "Operating Income": 11,
        "EBIT": 11,
        "Net Income": 10
    },
    "2023-06-30": {
        "Tax Effect Of Unusual Items": NaN,
        "Tax Rate For Calcs": NaN,
        "Normalized EBITDA": NaN,
        "Total Unusual Items": 0.0,
        "Total Unusual Items Excluding Goodwill": 0.0,
        "Net Income From Continuing Operation Net Minority Interest": NaN,
        "Reconciled Depreciation": NaN,
        "Reconciled Cost Of Revenue": NaN,
        "EBITDA": NaN,
        "EBIT": NaN,
        "Net Interest Income": NaN,
        "Interest Expense": 2490000.0,
        "Normalized Income": NaN,
        "Net Income From Continuing And Discontinued Operation": NaN,
        "Total Expenses": NaN,
        "Total Operating Income As Reported": NaN,
        "Diluted Average Shares": 64081000.0,
        "Basic Average Shares": 63620000.0,
        "Diluted EPS": 0.12,
        "Basic EPS": 0.12,
        "Diluted NI Availto Com Stockholders": NaN,
        "Net Income Common Stockholders": NaN,
        "Net Income": NaN,
        "Minority Interests": NaN,
        "Net Income Including Noncontrolling Interests": NaN,
        "Net Income Continuous Operations": NaN,
        "Tax Provision": NaN,
        "Pretax Income": NaN,
        "Other Income Expense": NaN,
        "Other Non Operating Income Expenses": NaN,
        "Special Income Charges": 0.0,
        "Impairment Of Capital Assets": 0.0,
        "Restructuring And Mergern Acquisition": NaN,
        "Net Non Operating Interest Income Expense": NaN,
        "Interest Expense Non Operating": 2490000.0,
        "Operating Income": NaN,
        "Operating Expense": NaN,
        "Other Operating Expenses": NaN,
        "Depreciation Amortization Depletion Income Statement": NaN,
        "Depreciation And Amortization In Income Statement": NaN,
        "Selling General And Administration": NaN,
        "Gross Profit": NaN,
        "Cost Of Revenue": NaN,
        "Total Revenue": NaN,
        "Operating Revenue": NaN
    },
    "2023-09-30": {
        "Tax Effect Of Unusual Items": -906570.0,
        "Tax Rate For Calcs": 0.21,
        "Normalized EBITDA": 11213000.0,
        "Total Unusual Items": -4317000.0,
        "Total Unusual Items Excluding Goodwill": -4317000.0,
        "Net Income From Continuing Operation Net Minority Interest": 4128000.0,
        "Reconciled Depreciation": 7238000.0,
        "Reconciled Cost Of Revenue": 41879000.0,
        "EBITDA": 6896000.0,
        "EBIT": -342000.0,
        "Net Interest Income": -2766000.0,
        "Interest Expense": 2766000.0,
        "Normalized Income": 7538430.0,
        "Net Income From Continuing And Discontinued Operation": 4128000.0,
        "Total Expenses": 107332000.0,
        "Total Operating Income As Reported": -1325000.0,
        "Diluted Average Shares": 58368000.0,
        "Basic Average Shares": 57883000.0,
        "Diluted EPS": 0.07,
        "Basic EPS": 0.07,
        "Diluted NI Availto Com Stockholders": 4128000.0,
        "Net Income Common Stockholders": 4128000.0,
        "Net Income": 4128000.0,
        "Minority Interests": 1045000.0,
        "Net Income Including Noncontrolling Interests": 3083000.0,
        "Net Income Continuous Operations": 3083000.0,
        "Tax Provision": -6191000.0,
        "Pretax Income": -3108000.0,
        "Other Income Expense": -3334000.0,
        "Other Non Operating Income Expenses": 983000.0,
        "Special Income Charges": -4317000.0,
        "Impairment Of Capital Assets": 0.0,
        "Restructuring And Mergern Acquisition": 4317000.0,
        "Net Non Operating Interest Income Expense": -2766000.0,
        "Interest Expense Non Operating": 2766000.0,
        "Operating Income": 2992000.0,
        "Operating Expense": 65267000.0,
        "Other Operating Expenses": 1199000.0,
        "Depreciation Amortization Depletion Income Statement": 7052000.0,
        "Depreciation And Amortization In Income Statement": 7052000.0,
        "Selling General And Administration": 57016000.0,
        "Gross Profit": 68259000.0,
        "Cost Of Revenue": 42065000.0,
        "Total Revenue": 110324000.0,
        "Operating Revenue": 110324000.0
    },
    "2023-12-31": {
        "Tax Effect Of Unusual Items": -33649322.441195,
        "Tax Rate For Calcs": 0.135156,
        "Normalized EBITDA": 257508000.0,
        "Total Unusual Items": -248967000.0,
        "Total Unusual Items Excluding Goodwill": -248967000.0,
        "Net Income From Continuing Operation Net Minority Interest": -123823000.0,
        "Reconciled Depreciation": 7224000.0,
        "Reconciled Cost Of Revenue": 68689000.0,
        "EBITDA": 8541000.0,
        "EBIT": 1317000.0,
        "Net Interest Income": -3462000.0,
        "Interest Expense": NaN,
        "Normalized Income": 91494677.558805,
        "Net Income From Continuing And Discontinued Operation": -123823000.0,
        "Total Expenses": 157140000.0,
        "Total Operating Income As Reported": -240789000.0,
        "Diluted Average Shares": NaN,
        "Basic Average Shares": NaN,
        "Diluted EPS": NaN,
        "Basic EPS": NaN,
        "Diluted NI Availto Com Stockholders": -123823000.0,
        "Net Income Common Stockholders": -123823000.0,
        "Net Income": -123823000.0,
        "Minority Interests": 87039000.0,
        "Net Income Including Noncontrolling Interests": -210862000.0,
        "Net Income Continuous Operations": -210862000.0,
        "Tax Provision": -32953000.0,
        "Pretax Income": -243815000.0,
        "Other Income Expense": -248531000.0,
        "Other Non Operating Income Expenses": 436000.0,
        "Special Income Charges": -248967000.0,
        "Impairment Of Capital Assets": 248967000.0,
        "Restructuring And Mergern Acquisition": NaN,
        "Net Non Operating Interest Income Expense": -3462000.0,
        "Interest Expense Non Operating": NaN,
        "Operating Income": 8178000.0,
        "Operating Expense": 88241000.0,
        "Other Operating Expenses": 1274000.0,
        "Depreciation Amortization Depletion Income Statement": 7014000.0,
        "Depreciation And Amortization In Income Statement": 7014000.0,
        "Selling General And Administration": 79953000.0,
        "Gross Profit": 96419000.0,
        "Cost Of Revenue": 68899000.0,
        "Total Revenue": 165318000.0,
        "Operating Revenue": 165318000.0
    },
    "2024-03-31": {
        "Tax Effect Of Unusual Items": 0.0,
        "Tax Rate For Calcs": 0.33,
        "Normalized EBITDA": -76000.0,
        "Total Unusual Items": NaN,
        "Total Unusual Items Excluding Goodwill": NaN,
        "Net Income From Continuing Operation Net Minority Interest": -3402000.0,
        "Reconciled Depreciation": 6497000.0,
        "Reconciled Cost Of Revenue": 34558000.0,
        "EBITDA": -76000.0,
        "EBIT": -6573000.0,
        "Net Interest Income": -3106000.0,
        "Interest Expense": 3106000.0,
        "Normalized Income": -3402000.0,
        "Net Income From Continuing And Discontinued Operation": -3402000.0,
        "Total Expenses": 91676000.0,
        "Total Operating Income As Reported": -6352000.0,
        "Diluted Average Shares": 58068000.0,
        "Basic Average Shares": 58068000.0,
        "Diluted EPS": -0.06,
        "Basic EPS": -0.06,
        "Diluted NI Availto Com Stockholders": -3402000.0,
        "Net Income Common Stockholders": -3402000.0,
        "Net Income": -3402000.0,
        "Minority Interests": 3082000.0,
        "Net Income Including Noncontrolling Interests": -6484000.0,
        "Net Income Continuous Operations": -6484000.0,
        "Tax Provision": -3195000.0,
        "Pretax Income": -9679000.0,
        "Other Income Expense": -221000.0,
        "Other Non Operating Income Expenses": -221000.0,
        "Special Income Charges": NaN,
        "Impairment Of Capital Assets": NaN,
        "Restructuring And Mergern Acquisition": NaN,
        "Net Non Operating Interest Income Expense": -3106000.0,
        "Interest Expense Non Operating": 3106000.0,
        "Operating Income": -6352000.0,
        "Operating Expense": 56896000.0,
        "Other Operating Expenses": 2211000.0,
        "Depreciation Amortization Depletion Income Statement": 6275000.0,
        "Depreciation And Amortization In Income Statement": 6275000.0,
        "Selling General And Administration": 48410000.0,
        "Gross Profit": 50544000.0,
        "Cost Of Revenue": 34780000.0,
        "Total Revenue": 85324000.0,
        "Operating Revenue": 85324000.0
    },
    "2024-06-30": {
        "Tax Effect Of Unusual Items": 0.0,
        "Tax Rate For Calcs": 0.21,
        "Normalized EBITDA": 8850000.0,
        "Total Unusual Items": NaN,
        "Total Unusual Items Excluding Goodwill": NaN,
        "Net Income From Continuing Operation Net Minority Interest": -3111000.0,
        "Reconciled Depreciation": 6630000.0,
        "Reconciled Cost Of Revenue": 48689000.0,
        "EBITDA": 8850000.0,
        "EBIT": 2220000.0,
        "Net Interest Income": -3563000.0,
        "Interest Expense": 3563000.0,
        "Normalized Income": -3111000.0,
        "Net Income From Continuing And Discontinued Operation": -3111000.0,
        "Total Expenses": 129310000.0,
        "Total Operating Income As Reported": 2240000.0,
        "Diluted Average Shares": 58291000.0,
        "Basic Average Shares": 58291000.0,
        "Diluted EPS": -0.05,
        "Basic EPS": -0.05,
        "Diluted NI Availto Com Stockholders": -3111000.0,
        "Net Income Common Stockholders": -3111000.0,
        "Net Income": -3111000.0,
        "Minority Interests": 926000.0,
        "Net Income Including Noncontrolling Interests": -4037000.0,
        "Net Income Continuous Operations": -4037000.0,
        "Tax Provision": 2694000.0,
        "Pretax Income": -1343000.0,
        "Other Income Expense": -20000.0,
        "Other Non Operating Income Expenses": -20000.0,
        "Special Income Charges": NaN,
        "Impairment Of Capital Assets": NaN,
        "Restructuring And Mergern Acquisition": NaN,
        "Net Non Operating Interest Income Expense": -3563000.0,
        "Interest Expense Non Operating": 3563000.0,
        "Operating Income": 2240000.0,
        "Operating Expense": 80397000.0,
        "Other Operating Expenses": 3183000.0,
        "Depreciation Amortization Depletion Income Statement": 6406000.0,
        "Depreciation And Amortization In Income Statement": 6406000.0,
        "Selling General And Administration": 70808000.0,
        "Gross Profit": 82637000.0,
        "Cost Of Revenue": 48913000.0,
        "Total Revenue": 131550000.0,
        "Operating Revenue": 131550000.0
    },
    "2024-09-30": {
        "Tax Effect Of Unusual Items": -4849844.0,
        "Tax Rate For Calcs": 0.058,
        "Normalized EBITDA": -24234000.0,
        "Total Unusual Items": -83618000.0,
        "Total Unusual Items Excluding Goodwill": -83618000.0,
        "Net Income From Continuing Operation Net Minority Interest": -69864000.0,
        "Reconciled Depreciation": 6815000.0,
        "Reconciled Cost Of Revenue": 54579000.0,
        "EBITDA": -107852000.0,
        "EBIT": -114667000.0,
        "Net Interest Income": -3683000.0,
        "Interest Expense": 3683000.0,
        "Normalized Income": 8904156.0,
        "Net Income From Continuing And Discontinued Operation": -69864000.0,
        "Total Expenses": 125807000.0,
        "Total Operating Income As Reported": -115286000.0,
        "Diluted Average Shares": 58545000.0,
        "Basic Average Shares": 58545000.0,
        "Diluted EPS": -1.19,
        "Basic EPS": -1.19,
        "Diluted NI Availto Com Stockholders": -69864000.0,
        "Net Income Common Stockholders": -69864000.0,
        "Net Income": -69864000.0,
        "Minority Interests": 41589000.0,
        "Net Income Including Noncontrolling Interests": -111453000.0,
        "Net Income Continuous Operations": -111453000.0,
        "Tax Provision": -6897000.0,
        "Pretax Income": -118350000.0,
        "Other Income Expense": -82999000.0,
        "Other Non Operating Income Expenses": 619000.0,
        "Special Income Charges": -83618000.0,
        "Impairment Of Capital Assets": NaN,
        "Restructuring And Mergern Acquisition": 83618000.0,
        "Net Non Operating Interest Income Expense": -3683000.0,
        "Interest Expense Non Operating": 3683000.0,
        "Operating Income": -31668000.0,
        "Operating Expense": 70987000.0,
        "Other Operating Expenses": 3294000.0,
        "Depreciation Amortization Depletion Income Statement": 6574000.0,
        "Depreciation And Amortization In Income Statement": 6574000.0,
        "Selling General And Administration": 61119000.0,
        "Gross Profit": 39319000.0,
        "Cost Of Revenue": 54820000.0,
        "Total Revenue": 94139000.0,
        "Operating Revenue": 94139000.0
    }
}