{
    "2023-03-31": {
        "Tax Effect Of Unusual Items": NaN,
        "Tax Rate For Calcs": NaN,
        "Normalized EBITDA": NaN,
        "Total Unusual Items": NaN,
        "Total Unusual Items Excluding Goodwill": NaN,
        "Net Income From Continuing Operation Net Minority Interest": NaN,
        "Reconciled Depreciation": NaN,
        "Reconciled Cost Of Revenue": NaN,
        "EBITDA": NaN,
        "EBIT": NaN,
        "Net Interest Income": NaN,
        "Interest Expense": NaN,
        "Interest Income": NaN,
        "Normalized Income": NaN,
        "Net Income From Continuing And Discontinued Operation": NaN,
        "Total Expenses": NaN,
        "Total Operating Income As Reported": NaN,
        "Diluted Average Shares": NaN,
        "Basic Average Shares": NaN,
        "Diluted EPS": NaN,
        "Basic EPS": NaN,
        "Diluted NI Availto Com Stockholders": NaN,
        "Net Income Common Stockholders": NaN,
        "Net Income": NaN,
        "Minority Interests": NaN,
        "Net Income Including Noncontrolling Interests": NaN,
        "Net Income Continuous Operations": NaN,
        "Tax Provision": NaN,
        "Pretax Income": NaN,
        "Other Income Expense": NaN,
        "Other Non Operating Income Expenses": 1000000.0,
        "Special Income Charges": NaN,
        "Gain On Sale Of Ppe": NaN,
        "Earnings From Equity Interest": NaN,
        "Net Non Operating Interest Income Expense": NaN,
        "Total Other Finance Cost": NaN,
        "Interest Expense Non Operating": NaN,
        "Interest Income Non Operating": NaN,
        "Operating Income": NaN,
        "Operating Expense": NaN,
        "Other Taxes": NaN,
        "Depreciation Amortization Depletion Income Statement": 43000000.0,
        "Depreciation And Amortization In Income Statement": 43000000.0,
        "Gross Profit": NaN,
        "Cost Of Revenue": NaN,
        "Total Revenue": NaN,
        "Operating Revenue": NaN
    },
    "2022-12-31": {
        "Tax Effect Of Unusual Items": NaN,
        "Tax Rate For Calcs": NaN,
        "Normalized EBITDA": NaN,
        "Total Unusual Items": 0.0,
        "Total Unusual Items Excluding Goodwill": 0.0,
        "Net Income From Continuing Operation Net Minority Interest": NaN,
        "Reconciled Depreciation": NaN,
        "Reconciled Cost Of Revenue": NaN,
        "EBITDA": NaN,
        "EBIT": NaN,
        "Net Interest Income": NaN,
        "Interest Expense": NaN,
        "Interest Income": NaN,
        "Normalized Income": NaN,
        "Net Income From Continuing And Discontinued Operation": NaN,
        "Total Expenses": NaN,
        "Total Operating Income As Reported": NaN,
        "Diluted Average Shares": NaN,
        "Basic Average Shares": NaN,
        "Diluted EPS": NaN,
        "Basic EPS": NaN,
        "Diluted NI Availto Com Stockholders": NaN,
        "Net Income Common Stockholders": NaN,
        "Net Income": NaN,
        "Minority Interests": NaN,
        "Net Income Including Noncontrolling Interests": NaN,
        "Net Income Continuous Operations": NaN,
        "Tax Provision": NaN,
        "Pretax Income": NaN,
        "Other Income Expense": NaN,
        "Other Non Operating Income Expenses": NaN,
        "Special Income Charges": 0.0,
        "Gain On Sale Of Ppe": 0.0,
        "Earnings From Equity Interest": NaN,
        "Net Non Operating Interest Income Expense": NaN,
        "Total Other Finance Cost": 0.0,
        "Interest Expense Non Operating": NaN,
        "Interest Income Non Operating": NaN,
        "Operating Income": NaN,
        "Operating Expense": NaN,
        "Other Taxes": NaN,
        "Depreciation Amortization Depletion Income Statement": NaN,
        "Depreciation And Amortization In Income Statement": NaN,
        "Gross Profit": NaN,
        "Cost Of Revenue": NaN,
        "Total Revenue": NaN,
        "Operating Revenue": NaN
    },
    "2022-09-30": {
        "Tax Effect Of Unusual Items": NaN,
        "Tax Rate For Calcs": NaN,
        "Normalized EBITDA": NaN,
        "Total Unusual Items": 0.0,
        "Total Unusual Items Excluding Goodwill": 0.0,
        "Net Income From Continuing Operation Net Minority Interest": NaN,
        "Reconciled Depreciation": NaN,
        "EBITDA": NaN,
        "EBIT": NaN,
        "Net Interest Income": NaN,
        "Interest Expense": NaN,
        "Interest Income": NaN,
        "Normalized Income": NaN,
        "Net Income From Continuing And Discontinued Operation": NaN,
        "Total Expenses": NaN,
        "Total Operating Income As Reported": NaN,
        "Diluted Average Shares": 97000000.0,
        "Basic Average Shares": 96700000.0,
        "Diluted EPS": 1.16,
        "Basic EPS": 1.17,
        "Diluted NI Availto Com Stockholders": NaN,
        "Net Income Common Stockholders": NaN,
        "Net Income": NaN,
        "Minority Interests": NaN,
        "Net Income Including Noncontrolling Interests": NaN,
        "Net Income Continuous Operations": NaN,
        "Tax Provision": NaN,
        "Pretax Income": NaN,
        "Other Income Expense": NaN,
        "Other Non Operating Income Expenses": NaN,
        "Special Income Charges": 0.0,
        "Gain On Sale Of Ppe": 0.0,
        "Earnings From Equity Interest": NaN,
        "Net Non Operating Interest Income Expense": NaN,
        "Total Other Finance Cost": NaN,
        "Interest Expense Non Operating": NaN,
        "Interest Income Non Operating": NaN,
        "Operating Income": NaN,
        "Operating Expense": NaN,
        "Other Taxes": NaN,
        "Depreciation Amortization Depletion Income Statement": NaN,
        "Depreciation And Amortization In Income Statement": NaN,
        "Total Revenue": NaN,
        "Operating Revenue": NaN
    },
    "2022-06-30": {
        "Tax Effect Of Unusual Items": 5980000.0,
        "Tax Rate For Calcs": 0.26,
        "Normalized EBITDA": 183000000.0,
        "Total Unusual Items": 23000000.0,
        "Total Unusual Items Excluding Goodwill": 23000000.0,
        "Net Income From Continuing Operation Net Minority Interest": 91000000.0,
        "Reconciled Depreciation": 46000000.0,
        "EBITDA": 206000000.0,
        "EBIT": 160000000.0,
        "Net Interest Income": -45000000.0,
        "Interest Expense": 33000000.0,
        "Interest Income": 1000000.0,
        "Normalized Income": 73980000.0,
        "Net Income From Continuing And Discontinued Operation": 91000000.0,
        "Total Expenses": 113000000.0,
        "Total Operating Income As Reported": 137000000.0,
        "Diluted Average Shares": 97100000.0,
        "Basic Average Shares": 96700000.0,
        "Diluted EPS": 0.93,
        "Basic EPS": 0.93,
        "Diluted NI Availto Com Stockholders": 91000000.0,
        "Net Income Common Stockholders": 91000000.0,
        "Net Income": 91000000.0,
        "Minority Interests": -3000000.0,
        "Net Income Including Noncontrolling Interests": 94000000.0,
        "Net Income Continuous Operations": 94000000.0,
        "Tax Provision": 33000000.0,
        "Pretax Income": 127000000.0,
        "Other Income Expense": 58000000.0,
        "Other Non Operating Income Expenses": NaN,
        "Special Income Charges": 23000000.0,
        "Gain On Sale Of Ppe": 23000000.0,
        "Earnings From Equity Interest": 35000000.0,
        "Net Non Operating Interest Income Expense": -45000000.0,
        "Total Other Finance Cost": 13000000.0,
        "Interest Expense Non Operating": 33000000.0,
        "Interest Income Non Operating": 1000000.0,
        "Operating Income": 114000000.0,
        "Operating Expense": 113000000.0,
        "Other Taxes": 8000000.0,
        "Depreciation Amortization Depletion Income Statement": 42000000.0,
        "Depreciation And Amortization In Income Statement": 42000000.0,
        "Total Revenue": 227000000.0,
        "Operating Revenue": 227000000.0
    },
    "2023-06-30": {
        "Tax Effect Of Unusual Items": NaN,
        "Tax Rate For Calcs": NaN,
        "Normalized EBITDA": NaN,
        "Total Unusual Items": NaN,
        "Total Unusual Items Excluding Goodwill": NaN,
        "Net Income From Continuing Operation Net Minority Interest": NaN,
        "Reconciled Depreciation": NaN,
        "Reconciled Cost Of Revenue": NaN,
        "EBITDA": NaN,
        "EBIT": NaN,
        "Net Interest Income": NaN,
        "Interest Expense": NaN,
        "Interest Income": NaN,
        "Normalized Income": NaN,
        "Net Income From Continuing And Discontinued Operation": NaN,
        "Total Expenses": NaN,
        "Total Operating Income As Reported": NaN,
        "Diluted Average Shares": 97400000.0,
        "Basic Average Shares": 96900000.0,
        "Diluted EPS": 0.93,
        "Basic EPS": 0.93,
        "Diluted NI Availto Com Stockholders": NaN,
        "Net Income Common Stockholders": NaN,
        "Net Income": NaN,
        "Minority Interests": NaN,
        "Net Income Including Noncontrolling Interests": NaN,
        "Net Income Continuous Operations": NaN,
        "Tax Provision": NaN,
        "Pretax Income": NaN,
        "Other Income Expense": NaN,
        "Other Non Operating Income Expenses": NaN,
        "Special Income Charges": NaN,
        "Gain On Sale Of Ppe": NaN,
        "Earnings From Equity Interest": NaN,
        "Net Non Operating Interest Income Expense": NaN,
        "Total Other Finance Cost": NaN,
        "Interest Expense Non Operating": NaN,
        "Interest Income Non Operating": NaN,
        "Operating Income": NaN,
        "Operating Expense": NaN,
        "Other Taxes": NaN,
        "Depreciation Amortization Depletion Income Statement": 44000000.0,
        "Depreciation And Amortization In Income Statement": 44000000.0,
        "Gross Profit": NaN,
        "Cost Of Revenue": NaN,
        "Total Revenue": NaN,
        "Operating Revenue": NaN
    },
    "2022-03-31": {
        "Diluted EPS": 0.84,
        "Total Revenue": 215,
        "Gross Profit": 215,
        "Operating Income": 104,
        "EBIT": 151,
        "Net Income": 81
    },
    "2021-12-31": {
        "Diluted EPS": 0.89,
        "Total Revenue": 223,
        "Gross Profit": 223,
        "Operating Income": 110,
        "EBIT": 157,
        "Net Income": 87
    },
    "2021-09-30": {
        "Diluted EPS": 0.77,
        "Total Revenue": 212,
        "Gross Profit": 212,
        "Operating Income": 106,
        "EBIT": 152,
        "Net Income": 74
    },
    "2021-06-30": {
        "Diluted EPS": 0.7,
        "Total Revenue": 208,
        "Gross Profit": 208,
        "Operating Income": 86,
        "EBIT": 132,
        "Net Income": 68
    },
    "2021-03-31": {
        "Diluted EPS": 0.8,
        "Total Revenue": 197,
        "Gross Profit": 197,
        "Operating Income": 100,
        "EBIT": 145,
        "Net Income": 78
    },
    "2020-12-31": {
        "Diluted EPS": 0.0,
        "Total Revenue": NaN,
        "Gross Profit": NaN,
        "Operating Income": NaN,
        "EBIT": NaN,
        "Net Income": NaN
    },
    "2020-09-30": {
        "Diluted EPS": 1.05,
        "Total Revenue": 203,
        "Gross Profit": 203,
        "Operating Income": 124,
        "EBIT": 162,
        "Net Income": 101
    },
    "2020-06-30": {
        "Diluted EPS": 0.73,
        "Total Revenue": 174,
        "Gross Profit": 174,
        "Operating Income": 100,
        "EBIT": 100,
        "Net Income": 71
    },
    "2019-12-31": {
        "Diluted EPS": 0.0,
        "Total Revenue": NaN,
        "Gross Profit": NaN,
        "Operating Income": NaN,
        "EBIT": NaN,
        "Net Income": NaN
    },
    "2018-12-31": {
        "Diluted EPS": 0.0,
        "Total Revenue": NaN,
        "Gross Profit": NaN,
        "Operating Income": NaN,
        "EBIT": NaN,
        "Net Income": NaN
    },
    "2023-09-30": {
        "Tax Effect Of Unusual Items": NaN,
        "Tax Rate For Calcs": NaN,
        "Normalized EBITDA": NaN,
        "Total Unusual Items": 1000000.0,
        "Total Unusual Items Excluding Goodwill": 1000000.0,
        "Net Income From Continuing Operation Net Minority Interest": NaN,
        "Reconciled Depreciation": NaN,
        "Reconciled Cost Of Revenue": NaN,
        "EBITDA": NaN,
        "EBIT": NaN,
        "Net Interest Income": NaN,
        "Interest Expense": NaN,
        "Interest Income": NaN,
        "Normalized Income": NaN,
        "Net Income From Continuing And Discontinued Operation": NaN,
        "Total Expenses": NaN,
        "Total Operating Income As Reported": NaN,
        "Diluted Average Shares": 97500000.0,
        "Basic Average Shares": 97000000.0,
        "Diluted EPS": 0.94,
        "Basic EPS": 0.94,
        "Diluted NI Availto Com Stockholders": NaN,
        "Net Income Common Stockholders": NaN,
        "Net Income": NaN,
        "Minority Interests": NaN,
        "Net Income Including Noncontrolling Interests": NaN,
        "Net Income Continuous Operations": NaN,
        "Tax Provision": NaN,
        "Pretax Income": NaN,
        "Other Income Expense": NaN,
        "Other Non Operating Income Expenses": NaN,
        "Special Income Charges": 1000000.0,
        "Gain On Sale Of Ppe": 1000000.0,
        "Earnings From Equity Interest": NaN,
        "Net Non Operating Interest Income Expense": NaN,
        "Total Other Finance Cost": NaN,
        "Interest Expense Non Operating": NaN,
        "Interest Income Non Operating": NaN,
        "Operating Income": NaN,
        "Operating Expense": NaN,
        "Other Taxes": NaN,
        "Depreciation Amortization Depletion Income Statement": 46000000.0,
        "Depreciation And Amortization In Income Statement": 46000000.0,
        "Gross Profit": NaN,
        "Cost Of Revenue": NaN,
        "Total Revenue": NaN,
        "Operating Revenue": NaN
    },
    "2023-12-31": {
        "Tax Effect Of Unusual Items": NaN,
        "Tax Rate For Calcs": NaN,
        "Normalized EBITDA": NaN,
        "Total Unusual Items": 0.0,
        "Total Unusual Items Excluding Goodwill": 0.0,
        "Net Income From Continuing Operation Net Minority Interest": NaN,
        "Reconciled Depreciation": NaN,
        "Reconciled Cost Of Revenue": NaN,
        "EBITDA": NaN,
        "EBIT": NaN,
        "Net Interest Income": NaN,
        "Interest Expense": NaN,
        "Interest Income": NaN,
        "Normalized Income": NaN,
        "Net Income From Continuing And Discontinued Operation": NaN,
        "Total Expenses": NaN,
        "Total Operating Income As Reported": NaN,
        "Diluted Average Shares": NaN,
        "Basic Average Shares": NaN,
        "Diluted EPS": NaN,
        "Basic EPS": NaN,
        "Diluted NI Availto Com Stockholders": NaN,
        "Net Income Common Stockholders": NaN,
        "Net Income": NaN,
        "Minority Interests": NaN,
        "Net Income Including Noncontrolling Interests": NaN,
        "Net Income Continuous Operations": NaN,
        "Tax Provision": NaN,
        "Pretax Income": NaN,
        "Other Income Expense": NaN,
        "Other Non Operating Income Expenses": 0.0,
        "Special Income Charges": 0.0,
        "Gain On Sale Of Ppe": 0.0,
        "Earnings From Equity Interest": NaN,
        "Net Non Operating Interest Income Expense": NaN,
        "Total Other Finance Cost": NaN,
        "Interest Expense Non Operating": NaN,
        "Interest Income Non Operating": NaN,
        "Operating Income": NaN,
        "Operating Expense": NaN,
        "Other Taxes": NaN,
        "Depreciation Amortization Depletion Income Statement": 49000000.0,
        "Depreciation And Amortization In Income Statement": 49000000.0,
        "Gross Profit": NaN,
        "Cost Of Revenue": NaN,
        "Total Revenue": NaN,
        "Operating Revenue": NaN
    },
    "2024-03-31": {
        "Tax Effect Of Unusual Items": NaN,
        "Tax Rate For Calcs": NaN,
        "Normalized EBITDA": NaN,
        "Total Unusual Items": NaN,
        "Total Unusual Items Excluding Goodwill": NaN,
        "Net Income From Continuing Operation Net Minority Interest": NaN,
        "Reconciled Depreciation": NaN,
        "Reconciled Cost Of Revenue": NaN,
        "EBITDA": NaN,
        "EBIT": NaN,
        "Net Interest Income": NaN,
        "Interest Expense": NaN,
        "Interest Income": NaN,
        "Normalized Income": NaN,
        "Net Income From Continuing And Discontinued Operation": NaN,
        "Total Expenses": NaN,
        "Total Operating Income As Reported": NaN,
        "Diluted Average Shares": 97700000.0,
        "Basic Average Shares": 97000000.0,
        "Diluted EPS": 0.99,
        "Basic EPS": 1.0,
        "Diluted NI Availto Com Stockholders": NaN,
        "Net Income Common Stockholders": NaN,
        "Net Income": NaN,
        "Minority Interests": NaN,
        "Net Income Including Noncontrolling Interests": NaN,
        "Net Income Continuous Operations": NaN,
        "Tax Provision": NaN,
        "Pretax Income": NaN,
        "Other Income Expense": NaN,
        "Other Non Operating Income Expenses": NaN,
        "Special Income Charges": NaN,
        "Gain On Sale Of Ppe": NaN,
        "Earnings From Equity Interest": NaN,
        "Net Non Operating Interest Income Expense": NaN,
        "Total Other Finance Cost": NaN,
        "Interest Expense Non Operating": NaN,
        "Interest Income Non Operating": NaN,
        "Operating Income": NaN,
        "Operating Expense": NaN,
        "Other Taxes": NaN,
        "Depreciation Amortization Depletion Income Statement": 50000000.0,
        "Depreciation And Amortization In Income Statement": 50000000.0,
        "Gross Profit": NaN,
        "Cost Of Revenue": NaN,
        "Total Revenue": NaN,
        "Operating Revenue": NaN
    },
    "2024-06-30": {
        "Tax Effect Of Unusual Items": 0.0,
        "Tax Rate For Calcs": 0.25,
        "Normalized EBITDA": 230000000.0,
        "Total Unusual Items": 0.0,
        "Total Unusual Items Excluding Goodwill": 0.0,
        "Net Income From Continuing Operation Net Minority Interest": 96000000.0,
        "Reconciled Depreciation": 58000000.0,
        "Reconciled Cost Of Revenue": 53000000.0,
        "EBITDA": 230000000.0,
        "EBIT": 172000000.0,
        "Net Interest Income": -39000000.0,
        "Interest Expense": 39000000.0,
        "Interest Income": 0.0,
        "Normalized Income": 96000000.0,
        "Net Income From Continuing And Discontinued Operation": 96000000.0,
        "Total Expenses": 114000000.0,
        "Total Operating Income As Reported": 130000000.0,
        "Diluted Average Shares": 97900000.0,
        "Basic Average Shares": 97100000.0,
        "Diluted EPS": 0.98,
        "Basic EPS": 0.99,
        "Diluted NI Availto Com Stockholders": 96000000.0,
        "Net Income Common Stockholders": 96000000.0,
        "Net Income": 96000000.0,
        "Minority Interests": -4000000.0,
        "Net Income Including Noncontrolling Interests": 100000000.0,
        "Net Income Continuous Operations": 100000000.0,
        "Tax Provision": 33000000.0,
        "Pretax Income": 133000000.0,
        "Other Income Expense": 42000000.0,
        "Other Non Operating Income Expenses": 3000000.0,
        "Special Income Charges": 0.0,
        "Gain On Sale Of Ppe": 0.0,
        "Earnings From Equity Interest": 39000000.0,
        "Net Non Operating Interest Income Expense": -39000000.0,
        "Total Other Finance Cost": NaN,
        "Interest Expense Non Operating": 39000000.0,
        "Interest Income Non Operating": 0.0,
        "Operating Income": 130000000.0,
        "Operating Expense": 61000000.0,
        "Other Taxes": 9000000.0,
        "Depreciation Amortization Depletion Income Statement": NaN,
        "Depreciation And Amortization In Income Statement": NaN,
        "Gross Profit": 191000000.0,
        "Cost Of Revenue": 53000000.0,
        "Total Revenue": 244000000.0,
        "Operating Revenue": 244000000.0
    },
    "2024-09-30": {
        "Tax Effect Of Unusual Items": 0.0,
        "Tax Rate For Calcs": 0.24,
        "Normalized EBITDA": 216000000.0,
        "Total Unusual Items": 0.0,
        "Total Unusual Items Excluding Goodwill": 0.0,
        "Net Income From Continuing Operation Net Minority Interest": 88000000.0,
        "Reconciled Depreciation": 57000000.0,
        "Reconciled Cost Of Revenue": 53000000.0,
        "EBITDA": 216000000.0,
        "EBIT": 159000000.0,
        "Net Interest Income": -41000000.0,
        "Interest Expense": 38000000.0,
        "Interest Income": 1000000.0,
        "Normalized Income": 88000000.0,
        "Net Income From Continuing And Discontinued Operation": 88000000.0,
        "Total Expenses": 126000000.0,
        "Total Operating Income As Reported": 122000000.0,
        "Diluted Average Shares": 98000000.0,
        "Basic Average Shares": 97100000.0,
        "Diluted EPS": 0.9,
        "Basic EPS": 0.91,
        "Diluted NI Availto Com Stockholders": 88000000.0,
        "Net Income Common Stockholders": 88000000.0,
        "Net Income": 88000000.0,
        "Minority Interests": -3000000.0,
        "Net Income Including Noncontrolling Interests": 91000000.0,
        "Net Income Continuous Operations": 91000000.0,
        "Tax Provision": 30000000.0,
        "Pretax Income": 121000000.0,
        "Other Income Expense": 40000000.0,
        "Other Non Operating Income Expenses": NaN,
        "Special Income Charges": 0.0,
        "Gain On Sale Of Ppe": 0.0,
        "Earnings From Equity Interest": 40000000.0,
        "Net Non Operating Interest Income Expense": -41000000.0,
        "Total Other Finance Cost": 4000000.0,
        "Interest Expense Non Operating": 38000000.0,
        "Interest Income Non Operating": 1000000.0,
        "Operating Income": 122000000.0,
        "Operating Expense": 73000000.0,
        "Other Taxes": 10000000.0,
        "Depreciation Amortization Depletion Income Statement": NaN,
        "Depreciation And Amortization In Income Statement": NaN,
        "Gross Profit": 195000000.0,
        "Cost Of Revenue": 53000000.0,
        "Total Revenue": 248000000.0,
        "Operating Revenue": 248000000.0
    },
    "2024-12-31": {
        "Tax Effect Of Unusual Items": 0.0,
        "Tax Rate For Calcs": 0.361345,
        "Normalized EBITDA": 213000000.0,
        "Total Unusual Items": 0.0,
        "Total Unusual Items Excluding Goodwill": 0.0,
        "Net Income From Continuing Operation Net Minority Interest": 73000000.0,
        "Reconciled Depreciation": 58000000.0,
        "Reconciled Cost Of Revenue": 53000000.0,
        "EBITDA": 213000000.0,
        "EBIT": 155000000.0,
        "Net Interest Income": -32000000.0,
        "Interest Expense": 36000000.0,
        "Interest Income": 5000000.0,
        "Normalized Income": 73000000.0,
        "Net Income From Continuing And Discontinued Operation": 73000000.0,
        "Total Expenses": 136000000.0,
        "Total Operating Income As Reported": 113000000.0,
        "Diluted Average Shares": NaN,
        "Basic Average Shares": NaN,
        "Diluted EPS": NaN,
        "Basic EPS": NaN,
        "Diluted NI Availto Com Stockholders": 73000000.0,
        "Net Income Common Stockholders": 73000000.0,
        "Net Income": 73000000.0,
        "Minority Interests": -3000000.0,
        "Net Income Including Noncontrolling Interests": 76000000.0,
        "Net Income Continuous Operations": 76000000.0,
        "Tax Provision": 43000000.0,
        "Pretax Income": 119000000.0,
        "Other Income Expense": 38000000.0,
        "Other Non Operating Income Expenses": 1000000.0,
        "Special Income Charges": 0.0,
        "Gain On Sale Of Ppe": 0.0,
        "Earnings From Equity Interest": 37000000.0,
        "Net Non Operating Interest Income Expense": -32000000.0,
        "Total Other Finance Cost": 1000000.0,
        "Interest Expense Non Operating": 36000000.0,
        "Interest Income Non Operating": 5000000.0,
        "Operating Income": 113000000.0,
        "Operating Expense": 83000000.0,
        "Other Taxes": 8000000.0,
        "Depreciation Amortization Depletion Income Statement": NaN,
        "Depreciation And Amortization In Income Statement": NaN,
        "Gross Profit": 196000000.0,
        "Cost Of Revenue": 53000000.0,
        "Total Revenue": 249000000.0,
        "Operating Revenue": 249000000.0
    },
    "2025-03-31": {
        "Tax Effect Of Unusual Items": 0.0,
        "Tax Rate For Calcs": 0.24,
        "Normalized EBITDA": 253000000.0,
        "Total Unusual Items": NaN,
        "Total Unusual Items Excluding Goodwill": NaN,
        "Net Income From Continuing Operation Net Minority Interest": 108000000.0,
        "Reconciled Depreciation": 67000000.0,
        "Reconciled Cost Of Revenue": 63000000.0,
        "EBITDA": 253000000.0,
        "EBIT": 186000000.0,
        "Net Interest Income": -39000000.0,
        "Interest Expense": 40000000.0,
        "Interest Income": 1000000.0,
        "Normalized Income": 108000000.0,
        "Net Income From Continuing And Discontinued Operation": 108000000.0,
        "Total Expenses": 155000000.0,
        "Total Operating Income As Reported": 148000000.0,
        "Diluted Average Shares": 102500000.0,
        "Basic Average Shares": 101400000.0,
        "Diluted EPS": 1.06,
        "Basic EPS": 1.07,
        "Diluted NI Availto Com Stockholders": 108000000.0,
        "Net Income Common Stockholders": 108000000.0,
        "Net Income": 108000000.0,
        "Minority Interests": -3000000.0,
        "Net Income Including Noncontrolling Interests": 111000000.0,
        "Net Income Continuous Operations": 111000000.0,
        "Tax Provision": 35000000.0,
        "Pretax Income": 146000000.0,
        "Other Income Expense": 37000000.0,
        "Other Non Operating Income Expenses": NaN,
        "Special Income Charges": NaN,
        "Gain On Sale Of Ppe": NaN,
        "Earnings From Equity Interest": 37000000.0,
        "Net Non Operating Interest Income Expense": -39000000.0,
        "Total Other Finance Cost": NaN,
        "Interest Expense Non Operating": 40000000.0,
        "Interest Income Non Operating": 1000000.0,
        "Operating Income": 148000000.0,
        "Operating Expense": 92000000.0,
        "Other Taxes": 14000000.0,
        "Depreciation Amortization Depletion Income Statement": NaN,
        "Depreciation And Amortization In Income Statement": NaN,
        "Gross Profit": 240000000.0,
        "Cost Of Revenue": 63000000.0,
        "Total Revenue": 303000000.0,
        "Operating Revenue": 303000000.0
    },
    "2025-06-30": {
        "Tax Effect Of Unusual Items": 0.0,
        "Tax Rate For Calcs": 0.24,
        "Normalized EBITDA": 253000000.0,
        "Total Unusual Items": NaN,
        "Total Unusual Items Excluding Goodwill": NaN,
        "Net Income From Continuing Operation Net Minority Interest": 107000000.0,
        "Reconciled Depreciation": 68000000.0,
        "Reconciled Cost Of Revenue": 63000000.0,
        "EBITDA": 253000000.0,
        "EBIT": 185000000.0,
        "Net Interest Income": -40000000.0,
        "Interest Expense": 40000000.0,
        "Interest Income": 0.0,
        "Normalized Income": 107000000.0,
        "Net Income From Continuing And Discontinued Operation": 107000000.0,
        "Total Expenses": 154000000.0,
        "Total Operating Income As Reported": 155000000.0,
        "Diluted Average Shares": 102500000.0,
        "Basic Average Shares": 101600000.0,
        "Diluted EPS": 1.04,
        "Basic EPS": 1.05,
        "Diluted NI Availto Com Stockholders": 107000000.0,
        "Net Income Common Stockholders": 107000000.0,
        "Net Income": 107000000.0,
        "Minority Interests": -4000000.0,
        "Net Income Including Noncontrolling Interests": 111000000.0,
        "Net Income Continuous Operations": 111000000.0,
        "Tax Provision": 34000000.0,
        "Pretax Income": 145000000.0,
        "Other Income Expense": 30000000.0,
        "Other Non Operating Income Expenses": NaN,
        "Special Income Charges": NaN,
        "Gain On Sale Of Ppe": NaN,
        "Earnings From Equity Interest": 30000000.0,
        "Net Non Operating Interest Income Expense": -40000000.0,
        "Total Other Finance Cost": NaN,
        "Interest Expense Non Operating": 40000000.0,
        "Interest Income Non Operating": 0.0,
        "Operating Income": 155000000.0,
        "Operating Expense": 91000000.0,
        "Other Taxes": 11000000.0,
        "Depreciation Amortization Depletion Income Statement": NaN,
        "Depreciation And Amortization In Income Statement": NaN,
        "Gross Profit": 246000000.0,
        "Cost Of Revenue": 63000000.0,
        "Total Revenue": 309000000.0,
        "Operating Revenue": 309000000.0
    }
}