{
    "2023-03-31": {
        "Tax Effect Of Unusual Items": 0.0,
        "Tax Rate For Calcs": 0.043,
        "Normalized EBITDA": -6757000.0,
        "Net Income From Continuing Operation Net Minority Interest": -2582000.0,
        "Reconciled Depreciation": 1762000.0,
        "Reconciled Cost Of Revenue": 31492000.0,
        "EBITDA": -6757000.0,
        "EBIT": -8519000.0,
        "Net Interest Income": 5639000.0,
        "Interest Income": 5639000.0,
        "Normalized Income": -2582000.0,
        "Net Income From Continuing And Discontinued Operation": -2582000.0,
        "Total Expenses": 124180000.0,
        "Total Operating Income As Reported": -8519000.0,
        "Diluted Average Shares": 40618000.0,
        "Basic Average Shares": 40618000.0,
        "Diluted EPS": -0.06,
        "Basic EPS": -0.06,
        "Diluted NI Availto Com Stockholders": -2582000.0,
        "Net Income Common Stockholders": -2582000.0,
        "Net Income": -2582000.0,
        "Net Income Including Noncontrolling Interests": -2582000.0,
        "Net Income Continuous Operations": -2582000.0,
        "Tax Provision": -116000.0,
        "Pretax Income": -2698000.0,
        "Other Income Expense": 182000.0,
        "Other Non Operating Income Expenses": 182000.0,
        "Net Non Operating Interest Income Expense": 5639000.0,
        "Interest Income Non Operating": 5639000.0,
        "Operating Income": -8519000.0,
        "Operating Expense": 92688000.0,
        "Research And Development": 45844000.0,
        "Selling General And Administration": 46844000.0,
        "Selling And Marketing Expense": 16601000.0,
        "General And Administrative Expense": 30243000.0,
        "Other Gand A": 30243000.0,
        "Gross Profit": 84169000.0,
        "Cost Of Revenue": 31492000.0,
        "Total Revenue": 115661000.0,
        "Operating Revenue": 115644000.0
    },
    "2022-12-31": {
        "Tax Effect Of Unusual Items": 0.0,
        "Tax Rate For Calcs": 0.21,
        "Normalized EBITDA": -16708000.0,
        "Net Income From Continuing Operation Net Minority Interest": -13930000.0,
        "Reconciled Depreciation": 1444000.0,
        "Reconciled Cost Of Revenue": 27770000.0,
        "EBITDA": -16708000.0,
        "EBIT": -18152000.0,
        "Net Interest Income": NaN,
        "Interest Income": NaN,
        "Normalized Income": -13930000.0,
        "Net Income From Continuing And Discontinued Operation": -13930000.0,
        "Total Expenses": 121976000.0,
        "Total Operating Income As Reported": -18152000.0,
        "Diluted Average Shares": 39800000.0,
        "Basic Average Shares": 39800000.0,
        "Diluted EPS": -0.35,
        "Basic EPS": -0.35,
        "Diluted NI Availto Com Stockholders": -13930000.0,
        "Net Income Common Stockholders": -13930000.0,
        "Net Income": -13930000.0,
        "Net Income Including Noncontrolling Interests": -13930000.0,
        "Net Income Continuous Operations": -13930000.0,
        "Tax Provision": 716000.0,
        "Pretax Income": -13214000.0,
        "Other Income Expense": -2297000.0,
        "Other Non Operating Income Expenses": -2297000.0,
        "Net Non Operating Interest Income Expense": NaN,
        "Interest Income Non Operating": NaN,
        "Operating Income": -18152000.0,
        "Operating Expense": 94206000.0,
        "Research And Development": 44470000.0,
        "Selling General And Administration": 49736000.0,
        "Selling And Marketing Expense": 19029000.0,
        "General And Administrative Expense": 30707000.0,
        "Other Gand A": 30707000.0,
        "Gross Profit": 76054000.0,
        "Cost Of Revenue": 27770000.0,
        "Total Revenue": 103824000.0,
        "Operating Revenue": 97687000.0
    },
    "2022-09-30": {
        "Tax Effect Of Unusual Items": 0.0,
        "Tax Rate For Calcs": 0.21,
        "Normalized EBITDA": -20162000.0,
        "Net Income From Continuing Operation Net Minority Interest": -18445000.0,
        "Reconciled Depreciation": 1482000.0,
        "Reconciled Cost Of Revenue": 26302000.0,
        "EBITDA": -20162000.0,
        "EBIT": -20162000.0,
        "Net Interest Income": NaN,
        "Interest Income": NaN,
        "Normalized Income": -18445000.0,
        "Net Income From Continuing And Discontinued Operation": -18445000.0,
        "Total Expenses": 116227000.0,
        "Total Operating Income As Reported": -20162000.0,
        "Diluted Average Shares": 39753000.0,
        "Basic Average Shares": 39753000.0,
        "Diluted EPS": -0.46,
        "Basic EPS": -0.46,
        "Diluted NI Availto Com Stockholders": -18445000.0,
        "Net Income Common Stockholders": -18445000.0,
        "Net Income": -18445000.0,
        "Net Income Including Noncontrolling Interests": -18445000.0,
        "Net Income Continuous Operations": -18445000.0,
        "Tax Provision": 53000.0,
        "Pretax Income": -18392000.0,
        "Other Income Expense": 1770000.0,
        "Other Non Operating Income Expenses": 1770000.0,
        "Net Non Operating Interest Income Expense": NaN,
        "Interest Income Non Operating": NaN,
        "Operating Income": -20162000.0,
        "Operating Expense": 89925000.0,
        "Research And Development": 41976000.0,
        "Selling General And Administration": 47949000.0,
        "Selling And Marketing Expense": 17721000.0,
        "General And Administrative Expense": 30228000.0,
        "Other Gand A": 30228000.0,
        "Gross Profit": 69763000.0,
        "Cost Of Revenue": 26302000.0,
        "Total Revenue": 96065000.0,
        "Operating Revenue": 90983000.0
    },
    "2022-06-30": {
        "Tax Effect Of Unusual Items": 0.0,
        "Tax Rate For Calcs": 0.4,
        "Normalized EBITDA": -13864000.0,
        "Net Income From Continuing Operation Net Minority Interest": -15045000.0,
        "Reconciled Depreciation": 1170000.0,
        "Reconciled Cost Of Revenue": 23869000.0,
        "EBITDA": -13864000.0,
        "EBIT": -15034000.0,
        "Net Interest Income": NaN,
        "Interest Income": NaN,
        "Normalized Income": -15045000.0,
        "Net Income From Continuing And Discontinued Operation": -15045000.0,
        "Total Expenses": 103420000.0,
        "Total Operating Income As Reported": -15034000.0,
        "Diluted Average Shares": 39274000.0,
        "Basic Average Shares": 39274000.0,
        "Diluted EPS": -0.38,
        "Basic EPS": -0.38,
        "Diluted NI Availto Com Stockholders": -15045000.0,
        "Net Income Common Stockholders": -15045000.0,
        "Net Income": -15045000.0,
        "Net Income Including Noncontrolling Interests": -15045000.0,
        "Net Income Continuous Operations": -15045000.0,
        "Tax Provision": 141000.0,
        "Pretax Income": -14904000.0,
        "Other Income Expense": 130000.0,
        "Other Non Operating Income Expenses": 130000.0,
        "Net Non Operating Interest Income Expense": NaN,
        "Interest Income Non Operating": NaN,
        "Operating Income": -15034000.0,
        "Operating Expense": 79551000.0,
        "Research And Development": 34217000.0,
        "Selling General And Administration": 45334000.0,
        "Selling And Marketing Expense": 15277000.0,
        "General And Administrative Expense": 30057000.0,
        "Other Gand A": 30057000.0,
        "Gross Profit": 64517000.0,
        "Cost Of Revenue": 23869000.0,
        "Total Revenue": 88386000.0,
        "Operating Revenue": 84448000.0
    },
    "2022-03-31": {
        "Diluted EPS": -0.31,
        "Total Revenue": 81,
        "Gross Profit": 60,
        "Operating Income": -12,
        "EBIT": -11,
        "Net Income": -12
    },
    "2021-12-31": {
        "Diluted EPS": -0.54,
        "Total Revenue": 73,
        "Gross Profit": 53,
        "Operating Income": -17,
        "EBIT": -17,
        "Net Income": -18
    },
    "2021-09-30": {
        "Diluted EPS": -0.98,
        "Total Revenue": 64,
        "Gross Profit": 46,
        "Operating Income": -29,
        "EBIT": -28,
        "Net Income": -29
    },
    "2021-06-30": {
        "Diluted EPS": -0.01,
        "Total Revenue": 59,
        "Gross Profit": 43,
        "Operating Income": 0,
        "EBIT": 0,
        "Net Income": 0
    },
    "2021-03-31": {
        "Diluted EPS": -1.04,
        "Total Revenue": 55,
        "Gross Profit": 40,
        "Operating Income": -13,
        "EBIT": -13,
        "Net Income": -13
    },
    "2020-12-31": {
        "Diluted EPS": -0.81,
        "Total Revenue": 48,
        "Gross Profit": 35,
        "Operating Income": -11,
        "EBIT": -10,
        "Net Income": -10
    },
    "2020-09-30": {
        "Diluted EPS": -0.25,
        "Total Revenue": 45,
        "Gross Profit": 32,
        "Operating Income": -3,
        "EBIT": -2,
        "Net Income": -3
    },
    "2020-06-30": {
        "Diluted EPS": 0.0,
        "Total Revenue": 40,
        "Gross Profit": 28,
        "Operating Income": 0,
        "EBIT": 1,
        "Net Income": 0
    },
    "2020-03-31": {
        "Diluted EPS": -0.18,
        "Total Revenue": 28,
        "Gross Profit": 20,
        "Operating Income": -2,
        "EBIT": -2,
        "Net Income": -2
    },
    "2019-12-31": {
        "Diluted EPS": 0.0,
        "Total Revenue": NaN,
        "Gross Profit": NaN,
        "Operating Income": NaN,
        "EBIT": NaN,
        "Net Income": NaN
    },
    "2023-06-30": {
        "Tax Effect Of Unusual Items": 0.0,
        "Tax Rate For Calcs": 0.21,
        "Normalized EBITDA": -3231000.0,
        "Net Income From Continuing Operation Net Minority Interest": 3725000.0,
        "Reconciled Depreciation": 1634000.0,
        "Reconciled Cost Of Revenue": 33788000.0,
        "EBITDA": -3231000.0,
        "EBIT": -4865000.0,
        "Net Interest Income": 7543000.0,
        "Interest Income": 7543000.0,
        "Normalized Income": 3725000.0,
        "Net Income From Continuing And Discontinued Operation": 3725000.0,
        "Total Expenses": 131704000.0,
        "Total Operating Income As Reported": -4865000.0,
        "Diluted Average Shares": 46562500.0,
        "Basic Average Shares": 41388889.0,
        "Diluted EPS": 0.08,
        "Basic EPS": 0.09,
        "Diluted NI Availto Com Stockholders": 3725000.0,
        "Net Income Common Stockholders": 3725000.0,
        "Net Income": 3725000.0,
        "Net Income Including Noncontrolling Interests": 3725000.0,
        "Net Income Continuous Operations": 3725000.0,
        "Tax Provision": -1315000.0,
        "Pretax Income": 2410000.0,
        "Other Income Expense": -268000.0,
        "Other Non Operating Income Expenses": -268000.0,
        "Net Non Operating Interest Income Expense": 7543000.0,
        "Interest Income Non Operating": 7543000.0,
        "Operating Income": -4865000.0,
        "Operating Expense": 97916000.0,
        "Research And Development": 47947000.0,
        "Selling General And Administration": 49969000.0,
        "Selling And Marketing Expense": 17734000.0,
        "General And Administrative Expense": 32235000.0,
        "Other Gand A": 32235000.0,
        "Gross Profit": 93051000.0,
        "Cost Of Revenue": 33788000.0,
        "Total Revenue": 126839000.0,
        "Operating Revenue": 118028000.0
    },
    "2023-09-30": {
        "Tax Effect Of Unusual Items": 0.0,
        "Tax Rate For Calcs": 0.043,
        "Normalized EBITDA": -3013000.0,
        "Net Income From Continuing Operation Net Minority Interest": 2807000.0,
        "Reconciled Depreciation": 1657000.0,
        "Reconciled Cost Of Revenue": 36254000.0,
        "EBITDA": -3013000.0,
        "EBIT": -4670000.0,
        "Net Interest Income": 8625000.0,
        "Interest Income": 8625000.0,
        "Normalized Income": 2807000.0,
        "Net Income From Continuing And Discontinued Operation": 2807000.0,
        "Total Expenses": 142294000.0,
        "Total Operating Income As Reported": -4670000.0,
        "Diluted Average Shares": 46783333.0,
        "Basic Average Shares": 40100000.0,
        "Diluted EPS": 0.06,
        "Basic EPS": 0.07,
        "Diluted NI Availto Com Stockholders": 2807000.0,
        "Net Income Common Stockholders": 2807000.0,
        "Net Income": 2807000.0,
        "Net Income Including Noncontrolling Interests": 2807000.0,
        "Net Income Continuous Operations": 2807000.0,
        "Tax Provision": 125000.0,
        "Pretax Income": 2932000.0,
        "Other Income Expense": -1023000.0,
        "Other Non Operating Income Expenses": -1023000.0,
        "Net Non Operating Interest Income Expense": 8625000.0,
        "Interest Income Non Operating": 8625000.0,
        "Operating Income": -4670000.0,
        "Operating Expense": 106040000.0,
        "Research And Development": 50305000.0,
        "Selling General And Administration": 55735000.0,
        "Selling And Marketing Expense": 22335000.0,
        "General And Administrative Expense": 33400000.0,
        "Other Gand A": 33400000.0,
        "Gross Profit": 101370000.0,
        "Cost Of Revenue": 36254000.0,
        "Total Revenue": 137624000.0,
        "Operating Revenue": 137410000.0
    },
    "2023-12-31": {
        "Tax Effect Of Unusual Items": 0.0,
        "Tax Rate For Calcs": 0.1993,
        "Normalized EBITDA": 6837000.0,
        "Net Income From Continuing Operation Net Minority Interest": 12117000.0,
        "Reconciled Depreciation": 2042000.0,
        "Reconciled Cost Of Revenue": 40571000.0,
        "EBITDA": 6837000.0,
        "EBIT": 4795000.0,
        "Net Interest Income": 9284000.0,
        "Interest Income": 9284000.0,
        "Normalized Income": 12117000.0,
        "Net Income From Continuing And Discontinued Operation": 12117000.0,
        "Total Expenses": 146190000.0,
        "Total Operating Income As Reported": 4795000.0,
        "Diluted Average Shares": 46603846.0,
        "Basic Average Shares": 41782759.0,
        "Diluted EPS": 0.26,
        "Basic EPS": 0.29,
        "Diluted NI Availto Com Stockholders": 12117000.0,
        "Net Income Common Stockholders": 12117000.0,
        "Net Income": 12117000.0,
        "Net Income Including Noncontrolling Interests": 12117000.0,
        "Net Income Continuous Operations": 12117000.0,
        "Tax Provision": 3016000.0,
        "Pretax Income": 15133000.0,
        "Other Income Expense": 1054000.0,
        "Other Non Operating Income Expenses": 1054000.0,
        "Net Non Operating Interest Income Expense": 9284000.0,
        "Interest Income Non Operating": 9284000.0,
        "Operating Income": 4795000.0,
        "Operating Expense": 105619000.0,
        "Research And Development": 50256000.0,
        "Selling General And Administration": 55363000.0,
        "Selling And Marketing Expense": 19118000.0,
        "General And Administrative Expense": 36245000.0,
        "Other Gand A": 36245000.0,
        "Gross Profit": 110414000.0,
        "Cost Of Revenue": 40571000.0,
        "Total Revenue": 150985000.0,
        "Operating Revenue": 176430000.0
    },
    "2024-03-31": {
        "Tax Effect Of Unusual Items": 0.0,
        "Tax Rate For Calcs": 0.21,
        "Normalized EBITDA": 18513000.0,
        "Net Income From Continuing Operation Net Minority Interest": 26956000.0,
        "Reconciled Depreciation": 2074000.0,
        "Reconciled Cost Of Revenue": 45191000.0,
        "EBITDA": 18513000.0,
        "EBIT": 16439000.0,
        "Net Interest Income": 10033000.0,
        "Interest Income": 10033000.0,
        "Normalized Income": 26956000.0,
        "Net Income From Continuing And Discontinued Operation": 26956000.0,
        "Total Expenses": 151114000.0,
        "Total Operating Income As Reported": 16439000.0,
        "Diluted Average Shares": 47291228.0,
        "Basic Average Shares": 42787302.0,
        "Diluted EPS": 0.57,
        "Basic EPS": 0.63,
        "Diluted NI Availto Com Stockholders": 26956000.0,
        "Net Income Common Stockholders": 26956000.0,
        "Net Income": 26956000.0,
        "Net Income Including Noncontrolling Interests": 26956000.0,
        "Net Income Continuous Operations": 26956000.0,
        "Tax Provision": -1105000.0,
        "Pretax Income": 25851000.0,
        "Other Income Expense": -621000.0,
        "Other Non Operating Income Expenses": -621000.0,
        "Net Non Operating Interest Income Expense": 10033000.0,
        "Interest Income Non Operating": 10033000.0,
        "Operating Income": 16439000.0,
        "Operating Expense": 105923000.0,
        "Research And Development": 50878000.0,
        "Selling General And Administration": 55045000.0,
        "Selling And Marketing Expense": 19931000.0,
        "General And Administrative Expense": 35114000.0,
        "Other Gand A": 35114000.0,
        "Gross Profit": 122362000.0,
        "Cost Of Revenue": 45191000.0,
        "Total Revenue": 167553000.0,
        "Operating Revenue": 167319000.0
    },
    "2024-06-30": {
        "Tax Effect Of Unusual Items": 0.0,
        "Tax Rate For Calcs": 0.152,
        "Normalized EBITDA": 20943000.0,
        "Net Income From Continuing Operation Net Minority Interest": 24351000.0,
        "Reconciled Depreciation": 2243000.0,
        "Reconciled Cost Of Revenue": 47349000.0,
        "EBITDA": 20943000.0,
        "EBIT": 18700000.0,
        "Net Interest Income": 10721000.0,
        "Interest Income": 10721000.0,
        "Normalized Income": 24351000.0,
        "Net Income From Continuing And Discontinued Operation": 24351000.0,
        "Total Expenses": 159627000.0,
        "Total Operating Income As Reported": 18700000.0,
        "Diluted Average Shares": 47747059.0,
        "Basic Average Shares": 43483929.0,
        "Diluted EPS": 0.51,
        "Basic EPS": 0.56,
        "Diluted NI Availto Com Stockholders": 24351000.0,
        "Net Income Common Stockholders": 24351000.0,
        "Net Income": 24351000.0,
        "Net Income Including Noncontrolling Interests": 24351000.0,
        "Net Income Continuous Operations": 24351000.0,
        "Tax Provision": 4363000.0,
        "Pretax Income": 28714000.0,
        "Other Income Expense": -707000.0,
        "Other Non Operating Income Expenses": -707000.0,
        "Net Non Operating Interest Income Expense": 10721000.0,
        "Interest Income Non Operating": 10721000.0,
        "Operating Income": 18700000.0,
        "Operating Expense": 112278000.0,
        "Research And Development": 55147000.0,
        "Selling General And Administration": 57131000.0,
        "Selling And Marketing Expense": 20174000.0,
        "General And Administrative Expense": 36957000.0,
        "Other Gand A": 36957000.0,
        "Gross Profit": 130978000.0,
        "Cost Of Revenue": 47349000.0,
        "Total Revenue": 178327000.0,
        "Operating Revenue": 143909000.0
    },
    "2024-09-30": {
        "Tax Effect Of Unusual Items": 0.0,
        "Tax Rate For Calcs": 0.079916,
        "Normalized EBITDA": 16450000.0,
        "Net Income From Continuing Operation Net Minority Interest": 23360000.0,
        "Reconciled Depreciation": 2876000.0,
        "Reconciled Cost Of Revenue": 52180000.0,
        "EBITDA": 16450000.0,
        "EBIT": 13574000.0,
        "Net Interest Income": 11246000.0,
        "Interest Income": 11246000.0,
        "Normalized Income": 23360000.0,
        "Net Income From Continuing And Discontinued Operation": 23360000.0,
        "Total Expenses": 179020000.0,
        "Total Operating Income As Reported": 13574000.0,
        "Diluted Average Shares": 47673469.0,
        "Basic Average Shares": 44075472.0,
        "Diluted EPS": 0.49,
        "Basic EPS": 0.53,
        "Diluted NI Availto Com Stockholders": 23360000.0,
        "Net Income Common Stockholders": 23360000.0,
        "Net Income": 23360000.0,
        "Net Income Including Noncontrolling Interests": 23360000.0,
        "Net Income Continuous Operations": 23360000.0,
        "Tax Provision": 2029000.0,
        "Pretax Income": 25389000.0,
        "Other Income Expense": 569000.0,
        "Other Non Operating Income Expenses": 569000.0,
        "Net Non Operating Interest Income Expense": 11246000.0,
        "Interest Income Non Operating": 11246000.0,
        "Operating Income": 13574000.0,
        "Operating Expense": 126840000.0,
        "Research And Development": 62878000.0,
        "Selling General And Administration": 63962000.0,
        "Selling And Marketing Expense": 25574000.0,
        "General And Administrative Expense": 38388000.0,
        "Other Gand A": 38388000.0,
        "Gross Profit": 140414000.0,
        "Cost Of Revenue": 52180000.0,
        "Total Revenue": 192594000.0,
        "Operating Revenue": 192205000.0
    },
    "2024-12-31": {
        "Tax Effect Of Unusual Items": 0.0,
        "Tax Rate For Calcs": 0.377819,
        "Normalized EBITDA": 17543000.0,
        "Net Income From Continuing Operation Net Minority Interest": 13907000.0,
        "Reconciled Depreciation": 3661000.0,
        "Reconciled Cost Of Revenue": 58925000.0,
        "EBITDA": 17543000.0,
        "EBIT": 13882000.0,
        "Net Interest Income": 10697000.0,
        "Interest Income": 10697000.0,
        "Normalized Income": 13907000.0,
        "Net Income From Continuing And Discontinued Operation": 13907000.0,
        "Total Expenses": 195668000.0,
        "Total Operating Income As Reported": 13882000.0,
        "Diluted Average Shares": 44936000.0,
        "Basic Average Shares": 44936000.0,
        "Diluted EPS": 0.309485,
        "Basic EPS": 0.309485,
        "Diluted NI Availto Com Stockholders": 13907000.0,
        "Net Income Common Stockholders": 13907000.0,
        "Net Income": 13907000.0,
        "Net Income Including Noncontrolling Interests": 13907000.0,
        "Net Income Continuous Operations": 13907000.0,
        "Tax Provision": 8445000.0,
        "Pretax Income": 22352000.0,
        "Other Income Expense": -2227000.0,
        "Other Non Operating Income Expenses": -2227000.0,
        "Net Non Operating Interest Income Expense": 10697000.0,
        "Interest Income Non Operating": 10697000.0,
        "Operating Income": 13882000.0,
        "Operating Expense": 136743000.0,
        "Research And Development": 66395000.0,
        "Selling General And Administration": 70348000.0,
        "Selling And Marketing Expense": 24815000.0,
        "General And Administrative Expense": 45533000.0,
        "Other Gand A": 45533000.0,
        "Gross Profit": 150625000.0,
        "Cost Of Revenue": 58925000.0,
        "Total Revenue": 209550000.0,
        "Operating Revenue": 209166000.0
    },
    "2025-03-31": {
        "Tax Effect Of Unusual Items": 0.0,
        "Tax Rate For Calcs": 0.21,
        "Normalized EBITDA": 27184000.0,
        "Net Income From Continuing Operation Net Minority Interest": 35135000.0,
        "Reconciled Depreciation": 3590000.0,
        "Reconciled Cost Of Revenue": 66647000.0,
        "EBITDA": 27184000.0,
        "EBIT": 23594000.0,
        "Net Interest Income": 10415000.0,
        "Interest Income": 10415000.0,
        "Normalized Income": 35135000.0,
        "Net Income From Continuing And Discontinued Operation": 35135000.0,
        "Total Expenses": 207149000.0,
        "Total Operating Income As Reported": 23594000.0,
        "Diluted Average Shares": 48798611.0,
        "Basic Average Shares": 45044872.0,
        "Diluted EPS": 0.72,
        "Basic EPS": 0.78,
        "Diluted NI Availto Com Stockholders": 35135000.0,
        "Net Income Common Stockholders": 35135000.0,
        "Net Income": 35135000.0,
        "Net Income Including Noncontrolling Interests": 35135000.0,
        "Net Income Continuous Operations": 35135000.0,
        "Tax Provision": -125000.0,
        "Pretax Income": 35010000.0,
        "Other Income Expense": 1001000.0,
        "Other Non Operating Income Expenses": 1001000.0,
        "Net Non Operating Interest Income Expense": 10415000.0,
        "Interest Income Non Operating": 10415000.0,
        "Operating Income": 23594000.0,
        "Operating Expense": 140502000.0,
        "Research And Development": 70390000.0,
        "Selling General And Administration": 70112000.0,
        "Selling And Marketing Expense": 26662000.0,
        "General And Administrative Expense": 43450000.0,
        "Other Gand A": 43450000.0,
        "Gross Profit": 164096000.0,
        "Cost Of Revenue": 66647000.0,
        "Total Revenue": 230743000.0,
        "Operating Revenue": 230297000.0
    },
    "2025-06-30": {
        "Tax Effect Of Unusual Items": 0.0,
        "Tax Rate For Calcs": 0.036,
        "Normalized EBITDA": 36803000.0,
        "Net Income From Continuing Operation Net Minority Interest": 44781000.0,
        "Reconciled Depreciation": 3440000.0,
        "Reconciled Cost Of Revenue": 69684000.0,
        "EBITDA": 36803000.0,
        "EBIT": 33363000.0,
        "Net Interest Income": 11427000.0,
        "Interest Income": 11427000.0,
        "Normalized Income": 44781000.0,
        "Net Income From Continuing And Discontinued Operation": 44781000.0,
        "Total Expenses": 218902000.0,
        "Total Operating Income As Reported": 33363000.0,
        "Diluted Average Shares": 49209890.0,
        "Basic Average Shares": 45694898.0,
        "Diluted EPS": 0.91,
        "Basic EPS": 0.98,
        "Diluted NI Availto Com Stockholders": 44781000.0,
        "Net Income Common Stockholders": 44781000.0,
        "Net Income": 44781000.0,
        "Net Income Including Noncontrolling Interests": 44781000.0,
        "Net Income Continuous Operations": 44781000.0,
        "Tax Provision": 1669000.0,
        "Pretax Income": 46450000.0,
        "Other Income Expense": 1660000.0,
        "Other Non Operating Income Expenses": 1660000.0,
        "Net Non Operating Interest Income Expense": 11427000.0,
        "Interest Income Non Operating": 11427000.0,
        "Operating Income": 33363000.0,
        "Operating Expense": 149218000.0,
        "Research And Development": 73670000.0,
        "Selling General And Administration": 75548000.0,
        "Selling And Marketing Expense": 29563000.0,
        "General And Administrative Expense": 45985000.0,
        "Other Gand A": 45985000.0,
        "Gross Profit": 182581000.0,
        "Cost Of Revenue": 69684000.0,
        "Total Revenue": 252265000.0,
        "Operating Revenue": 210678000.0
    }
}