{
    "2024-06-30": {
        "Tax Effect Of Unusual Items": 0.0,
        "Tax Rate For Calcs": 0.0,
        "Normalized EBITDA": -1069824.0,
        "Total Unusual Items": 0.0,
        "Total Unusual Items Excluding Goodwill": 0.0,
        "Net Income From Continuing Operation Net Minority Interest": -1049833.0,
        "Reconciled Depreciation": 0.0,
        "EBITDA": -1069824.0,
        "EBIT": -1069824.0,
        "Net Interest Income": 19991.0,
        "Interest Income": 19991.0,
        "Normalized Income": -1049833.0,
        "Net Income From Continuing And Discontinued Operation": -1049833.0,
        "Total Expenses": 1069824.0,
        "Total Operating Income As Reported": -1069824.0,
        "Diluted Average Shares": 916031.0,
        "Basic Average Shares": 916031.0,
        "Diluted EPS": -1.25,
        "Basic EPS": -1.25,
        "Diluted NI Availto Com Stockholders": -1049833.0,
        "Net Income Common Stockholders": -1049833.0,
        "Preferred Stock Dividends": NaN,
        "Net Income": -1049833.0,
        "Net Income Including Noncontrolling Interests": -1049833.0,
        "Net Income Continuous Operations": -1049833.0,
        "Tax Provision": 0.0,
        "Pretax Income": -1049833.0,
        "Other Income Expense": NaN,
        "Special Income Charges": 0.0,
        "Other Special Charges": NaN,
        "Gain On Sale Of Security": NaN,
        "Net Non Operating Interest Income Expense": 19991.0,
        "Total Other Finance Cost": -19991.0,
        "Interest Income Non Operating": 19991.0,
        "Operating Income": -1069824.0,
        "Operating Expense": 1069824.0,
        "Research And Development": 336084.0,
        "Selling General And Administration": 733740.0,
        "General And Administrative Expense": 733740.0,
        "Other Gand A": 733740.0,
        "Total Revenue": 0.0,
        "Operating Revenue": 0.0
    },
    "2024-03-31": {
        "Tax Effect Of Unusual Items": NaN,
        "Tax Rate For Calcs": NaN,
        "Normalized EBITDA": NaN,
        "Total Unusual Items": 0.0,
        "Total Unusual Items Excluding Goodwill": 0.0,
        "Net Income From Continuing Operation Net Minority Interest": NaN,
        "Reconciled Depreciation": 0.0,
        "EBITDA": NaN,
        "EBIT": NaN,
        "Net Interest Income": NaN,
        "Interest Income": 22766.0,
        "Normalized Income": NaN,
        "Net Income From Continuing And Discontinued Operation": NaN,
        "Total Expenses": NaN,
        "Total Operating Income As Reported": NaN,
        "Diluted Average Shares": NaN,
        "Basic Average Shares": NaN,
        "Diluted EPS": NaN,
        "Basic EPS": NaN,
        "Diluted NI Availto Com Stockholders": NaN,
        "Net Income Common Stockholders": NaN,
        "Preferred Stock Dividends": NaN,
        "Net Income": NaN,
        "Net Income Including Noncontrolling Interests": NaN,
        "Net Income Continuous Operations": NaN,
        "Tax Provision": NaN,
        "Pretax Income": NaN,
        "Other Income Expense": NaN,
        "Special Income Charges": 0.0,
        "Other Special Charges": NaN,
        "Gain On Sale Of Security": NaN,
        "Net Non Operating Interest Income Expense": NaN,
        "Total Other Finance Cost": -22766.0,
        "Interest Income Non Operating": 22766.0,
        "Operating Income": NaN,
        "Operating Expense": NaN,
        "Research And Development": NaN,
        "Selling General And Administration": NaN,
        "General And Administrative Expense": NaN,
        "Other Gand A": NaN,
        "Total Revenue": NaN,
        "Operating Revenue": NaN
    },
    "2023-12-31": {
        "Tax Effect Of Unusual Items": NaN,
        "Tax Rate For Calcs": NaN,
        "Normalized EBITDA": NaN,
        "Total Unusual Items": NaN,
        "Total Unusual Items Excluding Goodwill": NaN,
        "Net Income From Continuing Operation Net Minority Interest": NaN,
        "Reconciled Depreciation": NaN,
        "EBITDA": NaN,
        "EBIT": NaN,
        "Net Interest Income": NaN,
        "Interest Income": 34953.0,
        "Normalized Income": NaN,
        "Net Income From Continuing And Discontinued Operation": NaN,
        "Total Expenses": NaN,
        "Total Operating Income As Reported": NaN,
        "Diluted Average Shares": NaN,
        "Basic Average Shares": NaN,
        "Diluted EPS": NaN,
        "Basic EPS": NaN,
        "Diluted NI Availto Com Stockholders": NaN,
        "Net Income Common Stockholders": NaN,
        "Preferred Stock Dividends": NaN,
        "Net Income": NaN,
        "Net Income Including Noncontrolling Interests": NaN,
        "Net Income Continuous Operations": NaN,
        "Tax Provision": NaN,
        "Pretax Income": NaN,
        "Other Income Expense": NaN,
        "Special Income Charges": NaN,
        "Other Special Charges": NaN,
        "Gain On Sale Of Security": NaN,
        "Net Non Operating Interest Income Expense": NaN,
        "Total Other Finance Cost": NaN,
        "Interest Income Non Operating": 34953.0,
        "Operating Income": NaN,
        "Operating Expense": NaN,
        "Research And Development": NaN,
        "Selling General And Administration": NaN,
        "General And Administrative Expense": NaN,
        "Other Gand A": NaN,
        "Total Revenue": NaN,
        "Operating Revenue": NaN
    },
    "2023-09-30": {
        "Tax Effect Of Unusual Items": NaN,
        "Tax Rate For Calcs": NaN,
        "Normalized EBITDA": NaN,
        "Total Unusual Items": NaN,
        "Total Unusual Items Excluding Goodwill": NaN,
        "Net Income From Continuing Operation Net Minority Interest": NaN,
        "Reconciled Depreciation": NaN,
        "EBITDA": NaN,
        "EBIT": NaN,
        "Net Interest Income": NaN,
        "Interest Income": 39215.0,
        "Normalized Income": NaN,
        "Net Income From Continuing And Discontinued Operation": NaN,
        "Total Expenses": NaN,
        "Total Operating Income As Reported": NaN,
        "Diluted Average Shares": NaN,
        "Basic Average Shares": NaN,
        "Diluted EPS": NaN,
        "Basic EPS": NaN,
        "Diluted NI Availto Com Stockholders": NaN,
        "Net Income Common Stockholders": NaN,
        "Preferred Stock Dividends": NaN,
        "Net Income": NaN,
        "Net Income Including Noncontrolling Interests": NaN,
        "Net Income Continuous Operations": NaN,
        "Tax Provision": NaN,
        "Pretax Income": NaN,
        "Other Income Expense": NaN,
        "Special Income Charges": NaN,
        "Other Special Charges": NaN,
        "Gain On Sale Of Security": NaN,
        "Net Non Operating Interest Income Expense": NaN,
        "Total Other Finance Cost": NaN,
        "Interest Income Non Operating": 39215.0,
        "Operating Income": NaN,
        "Operating Expense": NaN,
        "Research And Development": NaN,
        "Selling General And Administration": NaN,
        "General And Administrative Expense": NaN,
        "Other Gand A": NaN,
        "Total Revenue": NaN,
        "Operating Revenue": NaN
    },
    "2023-06-30": {
        "Tax Effect Of Unusual Items": 0.0,
        "Tax Rate For Calcs": 0.0,
        "Normalized EBITDA": -1477217.0,
        "Net Income From Continuing Operation Net Minority Interest": -1440904.0,
        "EBITDA": -1477217.0,
        "EBIT": -1477217.0,
        "Net Interest Income": 36313.0,
        "Interest Income": 36313.0,
        "Normalized Income": -1440904.0,
        "Net Income From Continuing And Discontinued Operation": -1440904.0,
        "Total Expenses": 1477217.0,
        "Total Operating Income As Reported": -1477217.0,
        "Diluted Average Shares": 18411399.0,
        "Basic Average Shares": 18411399.0,
        "Diluted EPS": -0.08,
        "Basic EPS": -0.08,
        "Diluted NI Availto Com Stockholders": -1440904.0,
        "Net Income Common Stockholders": -1440904.0,
        "Net Income": -1440904.0,
        "Net Income Including Noncontrolling Interests": -1440904.0,
        "Net Income Continuous Operations": -1440904.0,
        "Tax Provision": 0.0,
        "Pretax Income": -1440904.0,
        "Other Income Expense": NaN,
        "Other Non Operating Income Expenses": NaN,
        "Net Non Operating Interest Income Expense": 36313.0,
        "Interest Income Non Operating": 36313.0,
        "Operating Income": -1477217.0,
        "Operating Expense": 1477217.0,
        "Research And Development": 557843.0,
        "Selling General And Administration": 919374.0,
        "General And Administrative Expense": 919374.0,
        "Other Gand A": 919374.0,
        "Total Revenue": 0.0,
        "Operating Revenue": 0.0
    },
    "2023-03-31": {
        "Tax Effect Of Unusual Items": NaN,
        "Tax Rate For Calcs": NaN,
        "Normalized EBITDA": NaN,
        "Net Income From Continuing Operation Net Minority Interest": NaN,
        "EBITDA": NaN,
        "EBIT": NaN,
        "Net Interest Income": NaN,
        "Interest Income": NaN,
        "Normalized Income": NaN,
        "Net Income From Continuing And Discontinued Operation": NaN,
        "Total Expenses": NaN,
        "Total Operating Income As Reported": NaN,
        "Diluted Average Shares": NaN,
        "Basic Average Shares": NaN,
        "Diluted EPS": NaN,
        "Basic EPS": NaN,
        "Diluted NI Availto Com Stockholders": NaN,
        "Net Income Common Stockholders": NaN,
        "Net Income": NaN,
        "Net Income Including Noncontrolling Interests": NaN,
        "Net Income Continuous Operations": NaN,
        "Tax Provision": NaN,
        "Pretax Income": NaN,
        "Other Income Expense": 40423.0,
        "Other Non Operating Income Expenses": 40423.0,
        "Net Non Operating Interest Income Expense": NaN,
        "Interest Income Non Operating": NaN,
        "Operating Income": NaN,
        "Operating Expense": NaN,
        "Research And Development": NaN,
        "Selling General And Administration": NaN,
        "General And Administrative Expense": NaN,
        "Other Gand A": NaN,
        "Total Revenue": NaN,
        "Operating Revenue": NaN
    },
    "2024-09-30": {
        "Tax Effect Of Unusual Items": 0.0,
        "Tax Rate For Calcs": 0.0,
        "Normalized EBITDA": -2301172.0,
        "Total Unusual Items": NaN,
        "Total Unusual Items Excluding Goodwill": NaN,
        "Net Income From Continuing Operation Net Minority Interest": -2280684.0,
        "Reconciled Depreciation": NaN,
        "EBITDA": -2301172.0,
        "EBIT": -2301172.0,
        "Net Interest Income": 20488.0,
        "Interest Income": 20488.0,
        "Normalized Income": -2280684.0,
        "Net Income From Continuing And Discontinued Operation": -2280684.0,
        "Total Expenses": 2301172.0,
        "Total Operating Income As Reported": -2301172.0,
        "Diluted Average Shares": 1110317.0,
        "Basic Average Shares": 1110317.0,
        "Diluted EPS": -2.05,
        "Basic EPS": -2.05,
        "Diluted NI Availto Com Stockholders": -2280684.0,
        "Net Income Common Stockholders": -2280684.0,
        "Preferred Stock Dividends": NaN,
        "Net Income": -2280684.0,
        "Net Income Including Noncontrolling Interests": -2280684.0,
        "Net Income Continuous Operations": -2280684.0,
        "Tax Provision": 0.0,
        "Pretax Income": -2280684.0,
        "Other Income Expense": NaN,
        "Special Income Charges": NaN,
        "Other Special Charges": NaN,
        "Gain On Sale Of Security": NaN,
        "Net Non Operating Interest Income Expense": 20488.0,
        "Total Other Finance Cost": NaN,
        "Interest Income Non Operating": 20488.0,
        "Operating Income": -2301172.0,
        "Operating Expense": 2301172.0,
        "Research And Development": 535162.0,
        "Selling General And Administration": 1766010.0,
        "General And Administrative Expense": 1766010.0,
        "Other Gand A": 1766010.0,
        "Total Revenue": 0.0,
        "Operating Revenue": 0.0
    },
    "2024-12-31": {
        "Tax Effect Of Unusual Items": 0.0,
        "Tax Rate For Calcs": 6.5e-05,
        "Normalized EBITDA": -7572938.0,
        "Total Unusual Items": NaN,
        "Total Unusual Items Excluding Goodwill": NaN,
        "Net Income From Continuing Operation Net Minority Interest": -7727872.0,
        "Reconciled Depreciation": NaN,
        "EBITDA": -7572938.0,
        "EBIT": -7572938.0,
        "Net Interest Income": -155437.0,
        "Interest Income": NaN,
        "Normalized Income": -7727872.0,
        "Net Income From Continuing And Discontinued Operation": -7727872.0,
        "Total Expenses": 7542151.0,
        "Total Operating Income As Reported": -7542151.0,
        "Diluted Average Shares": 1310474.0,
        "Basic Average Shares": 1310474.0,
        "Diluted EPS": -6.29,
        "Basic EPS": -6.29,
        "Diluted NI Availto Com Stockholders": -7727872.0,
        "Net Income Common Stockholders": -7727872.0,
        "Preferred Stock Dividends": NaN,
        "Net Income": -7727872.0,
        "Net Income Including Noncontrolling Interests": -7727872.0,
        "Net Income Continuous Operations": -7727872.0,
        "Tax Provision": -503.0,
        "Pretax Income": -7728375.0,
        "Other Income Expense": NaN,
        "Special Income Charges": NaN,
        "Other Special Charges": NaN,
        "Gain On Sale Of Security": NaN,
        "Net Non Operating Interest Income Expense": -155437.0,
        "Total Other Finance Cost": NaN,
        "Interest Income Non Operating": NaN,
        "Operating Income": -7542151.0,
        "Operating Expense": 7542151.0,
        "Research And Development": 2315949.0,
        "Selling General And Administration": 5226202.0,
        "General And Administrative Expense": 5226202.0,
        "Other Gand A": 5226202.0,
        "Total Revenue": 0.0,
        "Operating Revenue": 0.0
    },
    "2025-03-31": {
        "Tax Effect Of Unusual Items": -1293052.74,
        "Tax Rate For Calcs": 0.21,
        "Normalized EBITDA": 1744490.0,
        "Total Unusual Items": -6157394.0,
        "Total Unusual Items Excluding Goodwill": -6157394.0,
        "Net Income From Continuing Operation Net Minority Interest": -10924952.0,
        "Reconciled Depreciation": 17022.0,
        "EBITDA": -4412904.0,
        "EBIT": -4429926.0,
        "Net Interest Income": -147090.0,
        "Interest Income": NaN,
        "Normalized Income": -6060610.74,
        "Net Income From Continuing And Discontinued Operation": -10924952.0,
        "Total Expenses": 4429926.0,
        "Total Operating Income As Reported": -4429926.0,
        "Diluted Average Shares": 1441535.0,
        "Basic Average Shares": 1441535.0,
        "Diluted EPS": -8.45,
        "Basic EPS": -8.45,
        "Diluted NI Availto Com Stockholders": -12181614.0,
        "Net Income Common Stockholders": -12181614.0,
        "Preferred Stock Dividends": 1256662.0,
        "Net Income": -10924952.0,
        "Net Income Including Noncontrolling Interests": -10924952.0,
        "Net Income Continuous Operations": -10924952.0,
        "Tax Provision": 190542.0,
        "Pretax Income": -10734410.0,
        "Other Income Expense": -6157394.0,
        "Special Income Charges": -6134120.0,
        "Other Special Charges": 6134120.0,
        "Gain On Sale Of Security": -23274.0,
        "Net Non Operating Interest Income Expense": -147090.0,
        "Total Other Finance Cost": 147090.0,
        "Interest Income Non Operating": NaN,
        "Operating Income": -4429926.0,
        "Operating Expense": 4429926.0,
        "Research And Development": 2436998.0,
        "Selling General And Administration": 1992928.0,
        "General And Administrative Expense": 1992928.0,
        "Other Gand A": 1992928.0,
        "Total Revenue": 0.0,
        "Operating Revenue": 0.0
    },
    "2025-06-30": {
        "Tax Effect Of Unusual Items": 951.72,
        "Tax Rate For Calcs": 0.21,
        "Normalized EBITDA": -3910391.0,
        "Total Unusual Items": 4532.0,
        "Total Unusual Items Excluding Goodwill": 4532.0,
        "Net Income From Continuing Operation Net Minority Interest": -3807353.0,
        "Reconciled Depreciation": 17256.0,
        "EBITDA": -3905859.0,
        "EBIT": -3923115.0,
        "Net Interest Income": 111379.0,
        "Interest Income": NaN,
        "Normalized Income": -3810933.28,
        "Net Income From Continuing And Discontinued Operation": -3807353.0,
        "Total Expenses": 3923115.0,
        "Total Operating Income As Reported": -3923115.0,
        "Diluted Average Shares": 1911128.0,
        "Basic Average Shares": 1911128.0,
        "Diluted EPS": -1.99,
        "Basic EPS": -1.99,
        "Diluted NI Availto Com Stockholders": -3807353.0,
        "Net Income Common Stockholders": -3807353.0,
        "Preferred Stock Dividends": NaN,
        "Net Income": -3807353.0,
        "Net Income Including Noncontrolling Interests": -3807353.0,
        "Net Income Continuous Operations": -3807353.0,
        "Tax Provision": 149.0,
        "Pretax Income": -3807204.0,
        "Other Income Expense": 4532.0,
        "Special Income Charges": 0.0,
        "Other Special Charges": NaN,
        "Gain On Sale Of Security": 4532.0,
        "Net Non Operating Interest Income Expense": 111379.0,
        "Total Other Finance Cost": -111379.0,
        "Interest Income Non Operating": NaN,
        "Operating Income": -3923115.0,
        "Operating Expense": 3923115.0,
        "Research And Development": 2569943.0,
        "Selling General And Administration": 1353172.0,
        "General And Administrative Expense": 1353172.0,
        "Other Gand A": 1353172.0,
        "Total Revenue": 0.0,
        "Operating Revenue": 0.0
    }
}