{
    "2023-03-31": {
        "Tax Effect Of Unusual Items": NaN,
        "Tax Rate For Calcs": NaN,
        "Normalized EBITDA": NaN,
        "Total Unusual Items": NaN,
        "Total Unusual Items Excluding Goodwill": NaN,
        "Net Income From Continuing Operation Net Minority Interest": NaN,
        "Reconciled Depreciation": NaN,
        "Reconciled Cost Of Revenue": NaN,
        "EBITDA": NaN,
        "EBIT": NaN,
        "Net Interest Income": NaN,
        "Interest Expense": NaN,
        "Interest Income": NaN,
        "Normalized Income": NaN,
        "Net Income From Continuing And Discontinued Operation": NaN,
        "Total Expenses": NaN,
        "Total Operating Income As Reported": NaN,
        "Diluted Average Shares": NaN,
        "Basic Average Shares": NaN,
        "Diluted EPS": NaN,
        "Basic EPS": NaN,
        "Diluted NI Availto Com Stockholders": NaN,
        "Average Dilution Earnings": NaN,
        "Net Income Common Stockholders": NaN,
        "Preferred Stock Dividends": NaN,
        "Net Income": NaN,
        "Minority Interests": 0.0,
        "Net Income Including Noncontrolling Interests": NaN,
        "Net Income Continuous Operations": NaN,
        "Tax Provision": NaN,
        "Pretax Income": NaN,
        "Other Income Expense": NaN,
        "Other Non Operating Income Expenses": NaN,
        "Special Income Charges": NaN,
        "Restructuring And Mergern Acquisition": NaN,
        "Net Non Operating Interest Income Expense": NaN,
        "Interest Expense Non Operating": NaN,
        "Interest Income Non Operating": NaN,
        "Operating Income": NaN,
        "Operating Expense": NaN,
        "Selling General And Administration": NaN,
        "Gross Profit": NaN,
        "Cost Of Revenue": NaN,
        "Total Revenue": NaN,
        "Operating Revenue": NaN
    },
    "2022-12-31": {
        "Tax Effect Of Unusual Items": NaN,
        "Tax Rate For Calcs": NaN,
        "Normalized EBITDA": NaN,
        "Net Income From Continuing Operation Net Minority Interest": NaN,
        "Reconciled Depreciation": NaN,
        "Reconciled Cost Of Revenue": NaN,
        "EBITDA": NaN,
        "EBIT": NaN,
        "Net Interest Income": NaN,
        "Interest Expense": NaN,
        "Normalized Income": NaN,
        "Net Income From Continuing And Discontinued Operation": NaN,
        "Total Expenses": NaN,
        "Total Operating Income As Reported": NaN,
        "Diluted Average Shares": NaN,
        "Basic Average Shares": NaN,
        "Diluted EPS": NaN,
        "Basic EPS": NaN,
        "Diluted NI Availto Com Stockholders": NaN,
        "Average Dilution Earnings": NaN,
        "Net Income Common Stockholders": NaN,
        "Preferred Stock Dividends": NaN,
        "Net Income": NaN,
        "Minority Interests": -885000.0,
        "Net Income Including Noncontrolling Interests": NaN,
        "Net Income Continuous Operations": NaN,
        "Tax Provision": NaN,
        "Pretax Income": NaN,
        "Other Income Expense": NaN,
        "Other Non Operating Income Expenses": NaN,
        "Net Non Operating Interest Income Expense": NaN,
        "Interest Expense Non Operating": NaN,
        "Operating Income": NaN,
        "Operating Expense": NaN,
        "Selling General And Administration": NaN,
        "Gross Profit": NaN,
        "Cost Of Revenue": NaN,
        "Total Revenue": NaN,
        "Operating Revenue": NaN
    },
    "2022-09-30": {
        "Tax Effect Of Unusual Items": 0.0,
        "Tax Rate For Calcs": 0.281,
        "Normalized EBITDA": 32467000.0,
        "Total Unusual Items": NaN,
        "Total Unusual Items Excluding Goodwill": NaN,
        "Net Income From Continuing Operation Net Minority Interest": 13929000.0,
        "Reconciled Depreciation": 7493000.0,
        "Reconciled Cost Of Revenue": 275681000.0,
        "EBITDA": 32467000.0,
        "EBIT": 24974000.0,
        "Net Interest Income": -6833000.0,
        "Interest Expense": 6833000.0,
        "Normalized Income": 13929000.0,
        "Net Income From Continuing And Discontinued Operation": 13929000.0,
        "Total Expenses": 360775000.0,
        "Total Operating Income As Reported": 26539000.0,
        "Diluted Average Shares": 19660000.0,
        "Basic Average Shares": 18820000.0,
        "Diluted EPS": 0.71,
        "Basic EPS": 0.74,
        "Diluted NI Availto Com Stockholders": 13929000.0,
        "Average Dilution Earnings": 22000.0,
        "Net Income Common Stockholders": 13907000.0,
        "Preferred Stock Dividends": 22000.0,
        "Net Income": 13929000.0,
        "Minority Interests": 885000.0,
        "Net Income Including Noncontrolling Interests": 13044000.0,
        "Net Income Continuous Operations": 13044000.0,
        "Tax Provision": 5097000.0,
        "Pretax Income": 18141000.0,
        "Other Income Expense": -1565000.0,
        "Other Non Operating Income Expenses": -1565000.0,
        "Special Income Charges": NaN,
        "Write Off": NaN,
        "Net Non Operating Interest Income Expense": -6833000.0,
        "Interest Expense Non Operating": 6833000.0,
        "Operating Income": 26539000.0,
        "Operating Expense": 85094000.0,
        "Selling General And Administration": 85094000.0,
        "Gross Profit": 111633000.0,
        "Cost Of Revenue": 275681000.0,
        "Total Revenue": 387314000.0,
        "Operating Revenue": 387314000.0
    },
    "2022-06-30": {
        "Tax Effect Of Unusual Items": 0.0,
        "Tax Rate For Calcs": 0.255471,
        "Normalized EBITDA": 25081000.0,
        "Total Unusual Items": NaN,
        "Total Unusual Items Excluding Goodwill": NaN,
        "Net Income From Continuing Operation Net Minority Interest": 14433000.0,
        "Reconciled Depreciation": 7080000.0,
        "Reconciled Cost Of Revenue": 263550000.0,
        "EBITDA": 25081000.0,
        "EBIT": 25081000.0,
        "Net Interest Income": -5615000.0,
        "Interest Expense": 5615000.0,
        "Normalized Income": 14433000.0,
        "Net Income From Continuing And Discontinued Operation": 14433000.0,
        "Total Expenses": 341892000.0,
        "Total Operating Income As Reported": 25920000.0,
        "Diluted Average Shares": 19606000.0,
        "Basic Average Shares": 18840101.0,
        "Diluted EPS": 0.74,
        "Basic EPS": 0.764911,
        "Diluted NI Availto Com Stockholders": 14411000.0,
        "Average Dilution Earnings": 22000.0,
        "Net Income Common Stockholders": 14411000.0,
        "Preferred Stock Dividends": 22000.0,
        "Net Income": 14433000.0,
        "Minority Interests": -60000.0,
        "Net Income Including Noncontrolling Interests": 14493000.0,
        "Net Income Continuous Operations": 14493000.0,
        "Tax Provision": 4973000.0,
        "Pretax Income": 19466000.0,
        "Other Income Expense": -839000.0,
        "Other Non Operating Income Expenses": -839000.0,
        "Special Income Charges": NaN,
        "Write Off": NaN,
        "Net Non Operating Interest Income Expense": -5615000.0,
        "Interest Expense Non Operating": 5615000.0,
        "Operating Income": 25920000.0,
        "Operating Expense": 78342000.0,
        "Selling General And Administration": 78342000.0,
        "Gross Profit": 104262000.0,
        "Cost Of Revenue": 263550000.0,
        "Total Revenue": 367812000.0,
        "Operating Revenue": 367812000.0
    },
    "2022-03-31": {
        "Diluted EPS": 0.65,
        "Total Revenue": 319,
        "Gross Profit": 95,
        "Operating Income": 22,
        "EBIT": 29,
        "Net Income": 13
    },
    "2021-12-31": {
        "Diluted EPS": 0.04,
        "Total Revenue": 293,
        "Gross Profit": 85,
        "Operating Income": 8,
        "EBIT": 15,
        "Net Income": 1
    },
    "2021-09-30": {
        "Diluted EPS": 0.36,
        "Total Revenue": 289,
        "Gross Profit": 87,
        "Operating Income": 11,
        "EBIT": 18,
        "Net Income": 7
    },
    "2021-06-30": {
        "Diluted EPS": 0.41,
        "Total Revenue": 286,
        "Gross Profit": 85,
        "Operating Income": 15,
        "EBIT": 22,
        "Net Income": 8
    },
    "2021-03-31": {
        "Diluted EPS": 0.02,
        "Total Revenue": 246,
        "Gross Profit": 72,
        "Operating Income": 6,
        "EBIT": 13,
        "Net Income": 0
    },
    "2020-12-31": {
        "Diluted EPS": -0.15,
        "Total Revenue": 233,
        "Gross Profit": 63,
        "Operating Income": -5,
        "EBIT": 1,
        "Net Income": -3
    },
    "2020-09-30": {
        "Diluted EPS": -1.95,
        "Total Revenue": 220,
        "Gross Profit": 61,
        "Operating Income": -41,
        "EBIT": -35,
        "Net Income": -35
    },
    "2020-06-30": {
        "Diluted EPS": 0.13,
        "Total Revenue": 251,
        "Gross Profit": 70,
        "Operating Income": 7,
        "EBIT": 14,
        "Net Income": 2
    },
    "2020-03-31": {
        "Diluted EPS": 0.32,
        "Total Revenue": 301,
        "Gross Profit": 83,
        "Operating Income": 11,
        "EBIT": 18,
        "Net Income": 6
    },
    "2019-12-31": {
        "Diluted EPS": 0.17,
        "Total Revenue": 293,
        "Gross Profit": 81,
        "Operating Income": 8,
        "EBIT": 15,
        "Net Income": 3
    },
    "2019-09-30": {
        "Diluted EPS": 0.71,
        "Total Revenue": 327,
        "Gross Profit": 93,
        "Operating Income": 22,
        "EBIT": 29,
        "Net Income": 13
    },
    "2019-06-30": {
        "Diluted EPS": 0.73,
        "Total Revenue": 333,
        "Gross Profit": 92,
        "Operating Income": 23,
        "EBIT": 29,
        "Net Income": 13
    },
    "2019-03-31": {
        "Diluted EPS": 0.4,
        "Total Revenue": 311,
        "Gross Profit": 84,
        "Operating Income": 15,
        "EBIT": 21,
        "Net Income": 7
    },
    "2018-12-31": {
        "Diluted EPS": 0.75,
        "Total Revenue": 314,
        "Gross Profit": 90,
        "Operating Income": 24,
        "EBIT": 31,
        "Net Income": 14
    },
    "2018-09-30": {
        "Diluted EPS": 0.46,
        "Total Revenue": 308,
        "Gross Profit": 84,
        "Operating Income": 17,
        "EBIT": 24,
        "Net Income": 8
    },
    "2018-06-30": {
        "Diluted EPS": 0.63,
        "Total Revenue": 311,
        "Gross Profit": 85,
        "Operating Income": 20,
        "EBIT": 27,
        "Net Income": 12
    },
    "2018-03-31": {
        "Diluted EPS": 0.24,
        "Total Revenue": 286,
        "Gross Profit": 76,
        "Operating Income": 11,
        "EBIT": 18,
        "Net Income": 5
    },
    "2017-12-31": {
        "Diluted EPS": 0.37,
        "Total Revenue": 266,
        "Gross Profit": 71,
        "Operating Income": 8,
        "EBIT": 16,
        "Net Income": 7
    },
    "2017-09-30": {
        "Diluted EPS": 0.16,
        "Total Revenue": 252,
        "Gross Profit": 67,
        "Operating Income": 7,
        "EBIT": 14,
        "Net Income": 3
    },
    "2017-06-30": {
        "Diluted EPS": 0.23,
        "Total Revenue": 251,
        "Gross Profit": 69,
        "Operating Income": 10,
        "EBIT": 17,
        "Net Income": 4
    },
    "2017-03-31": {
        "Diluted EPS": 0.17,
        "Total Revenue": 239,
        "Gross Profit": 65,
        "Operating Income": 8,
        "EBIT": 15,
        "Net Income": 3
    },
    "2016-12-31": {
        "Diluted EPS": 0.48,
        "Total Revenue": 222,
        "Gross Profit": 61,
        "Operating Income": 8,
        "EBIT": 16,
        "Net Income": 7
    },
    "2016-09-30": {
        "Diluted EPS": 0.02,
        "Total Revenue": 230,
        "Gross Profit": 64,
        "Operating Income": 5,
        "EBIT": 13,
        "Net Income": 0
    },
    "2016-06-30": {
        "Diluted EPS": 0.34,
        "Total Revenue": 256,
        "Gross Profit": 72,
        "Operating Income": 9,
        "EBIT": 16,
        "Net Income": 5
    },
    "2016-03-31": {
        "Diluted EPS": -0.35,
        "Total Revenue": 254,
        "Gross Profit": 69,
        "Operating Income": -2,
        "EBIT": 6,
        "Net Income": -5
    },
    "2015-12-31": {
        "Diluted EPS": -0.14,
        "Total Revenue": 279,
        "Gross Profit": 77,
        "Operating Income": -4,
        "EBIT": 14,
        "Net Income": -3
    },
    "2015-09-30": {
        "Diluted EPS": -3.64,
        "Total Revenue": 303,
        "Gross Profit": 86,
        "Operating Income": -56,
        "EBIT": 12,
        "Net Income": -52
    },
    "2015-06-30": {
        "Diluted EPS": 0.47,
        "Total Revenue": 324,
        "Gross Profit": 91,
        "Operating Income": 14,
        "EBIT": 23,
        "Net Income": 7
    },
    "2015-03-31": {
        "Diluted EPS": 0.63,
        "Total Revenue": 342,
        "Gross Profit": 98,
        "Operating Income": 18,
        "EBIT": 27,
        "Net Income": 10
    },
    "2014-12-31": {
        "Diluted EPS": -5.86,
        "Total Revenue": 383,
        "Gross Profit": 107,
        "Operating Income": -92,
        "EBIT": 38,
        "Net Income": -88
    },
    "2014-09-30": {
        "Diluted EPS": 1.1,
        "Total Revenue": 387,
        "Gross Profit": 113,
        "Operating Income": 31,
        "EBIT": 37,
        "Net Income": 17
    },
    "2014-06-30": {
        "Diluted EPS": 0.96,
        "Total Revenue": 382,
        "Gross Profit": 111,
        "Operating Income": 27,
        "EBIT": 37,
        "Net Income": 15
    },
    "2014-03-31": {
        "Diluted EPS": 0.7,
        "Total Revenue": 349,
        "Gross Profit": 102,
        "Operating Income": 21,
        "EBIT": 30,
        "Net Income": 11
    },
    "2013-12-31": {
        "Diluted EPS": 1.1,
        "Total Revenue": 314,
        "Gross Profit": 95,
        "Operating Income": 28,
        "EBIT": 34,
        "Net Income": 17
    },
    "2013-09-30": {
        "Diluted EPS": 1.07,
        "Total Revenue": 330,
        "Gross Profit": 97,
        "Operating Income": 27,
        "EBIT": 33,
        "Net Income": 16
    },
    "2013-06-30": {
        "Diluted EPS": 0.9,
        "Total Revenue": 308,
        "Gross Profit": 92,
        "Operating Income": 23,
        "EBIT": 29,
        "Net Income": 14
    },
    "2013-03-31": {
        "Diluted EPS": 0.87,
        "Total Revenue": 290,
        "Gross Profit": 89,
        "Operating Income": 23,
        "EBIT": 28,
        "Net Income": 13
    },
    "2012-12-31": {
        "Diluted EPS": 0.92,
        "Total Revenue": 293,
        "Gross Profit": 87,
        "Operating Income": 25,
        "EBIT": 30,
        "Net Income": 14
    },
    "2012-09-30": {
        "Diluted EPS": 0.86,
        "Total Revenue": 290,
        "Gross Profit": 84,
        "Operating Income": 25,
        "EBIT": 31,
        "Net Income": 13
    },
    "2012-06-30": {
        "Diluted EPS": 0.8,
        "Total Revenue": 262,
        "Gross Profit": 77,
        "Operating Income": 21,
        "EBIT": 25,
        "Net Income": 12
    },
    "2012-03-31": {
        "Diluted EPS": 0.77,
        "Total Revenue": 252,
        "Gross Profit": 71,
        "Operating Income": 20,
        "EBIT": 23,
        "Net Income": 12
    },
    "2011-12-31": {
        "Diluted EPS": 0.61,
        "Total Revenue": 218,
        "Gross Profit": 63,
        "Operating Income": 16,
        "EBIT": 18,
        "Net Income": 9
    },
    "2011-09-30": {
        "Diluted EPS": 0.55,
        "Total Revenue": 208,
        "Gross Profit": 59,
        "Operating Income": 14,
        "EBIT": 17,
        "Net Income": 8
    },
    "2011-06-30": {
        "Diluted EPS": 0.5,
        "Total Revenue": 198,
        "Gross Profit": 57,
        "Operating Income": 14,
        "EBIT": 16,
        "Net Income": 8
    },
    "2011-03-31": {
        "Diluted EPS": 0.42,
        "Total Revenue": 183,
        "Gross Profit": 52,
        "Operating Income": 12,
        "EBIT": 14,
        "Net Income": 6
    },
    "2010-12-31": {
        "Diluted EPS": 0.39,
        "Total Revenue": 170,
        "Gross Profit": 50,
        "Operating Income": 11,
        "EBIT": 14,
        "Net Income": 6
    },
    "2010-09-30": {
        "Diluted EPS": 0.36,
        "Total Revenue": 172,
        "Gross Profit": 49,
        "Operating Income": 10,
        "EBIT": 13,
        "Net Income": 5
    },
    "2010-06-30": {
        "Diluted EPS": 0.31,
        "Total Revenue": 167,
        "Gross Profit": 48,
        "Operating Income": 9,
        "EBIT": 12,
        "Net Income": 5
    },
    "2010-03-31": {
        "Diluted EPS": 0.26,
        "Total Revenue": 147,
        "Gross Profit": 42,
        "Operating Income": 7,
        "EBIT": 9,
        "Net Income": 4
    },
    "2009-12-31": {
        "Diluted EPS": -3.81,
        "Total Revenue": 138,
        "Gross Profit": 23,
        "Operating Income": -67,
        "EBIT": -11,
        "Net Income": -50
    },
    "2009-09-30": {
        "Diluted EPS": 0.19,
        "Total Revenue": 143,
        "Gross Profit": 41,
        "Operating Income": 6,
        "EBIT": 9,
        "Net Income": 3
    },
    "2009-06-30": {
        "Diluted EPS": 0.15,
        "Total Revenue": 144,
        "Gross Profit": 41,
        "Operating Income": 5,
        "EBIT": 8,
        "Net Income": 2
    },
    "2009-03-31": {
        "Diluted EPS": 0.23,
        "Total Revenue": 158,
        "Gross Profit": 46,
        "Operating Income": 7,
        "EBIT": 10,
        "Net Income": 3
    },
    "2023-06-30": {
        "Tax Effect Of Unusual Items": NaN,
        "Tax Rate For Calcs": NaN,
        "Normalized EBITDA": NaN,
        "Total Unusual Items": NaN,
        "Total Unusual Items Excluding Goodwill": NaN,
        "Net Income From Continuing Operation Net Minority Interest": NaN,
        "Reconciled Depreciation": NaN,
        "Reconciled Cost Of Revenue": NaN,
        "EBITDA": NaN,
        "EBIT": NaN,
        "Net Interest Income": NaN,
        "Interest Expense": NaN,
        "Interest Income": NaN,
        "Normalized Income": NaN,
        "Net Income From Continuing And Discontinued Operation": NaN,
        "Total Expenses": NaN,
        "Total Operating Income As Reported": NaN,
        "Diluted Average Shares": 18051000.0,
        "Basic Average Shares": 17211000.0,
        "Diluted EPS": 1.06,
        "Basic EPS": 1.11,
        "Diluted NI Availto Com Stockholders": NaN,
        "Average Dilution Earnings": NaN,
        "Net Income Common Stockholders": NaN,
        "Preferred Stock Dividends": NaN,
        "Net Income": NaN,
        "Minority Interests": 0.0,
        "Net Income Including Noncontrolling Interests": NaN,
        "Net Income Continuous Operations": NaN,
        "Tax Provision": NaN,
        "Pretax Income": NaN,
        "Other Income Expense": NaN,
        "Other Non Operating Income Expenses": NaN,
        "Special Income Charges": NaN,
        "Restructuring And Mergern Acquisition": NaN,
        "Net Non Operating Interest Income Expense": NaN,
        "Interest Expense Non Operating": NaN,
        "Interest Income Non Operating": NaN,
        "Operating Income": NaN,
        "Operating Expense": NaN,
        "Selling General And Administration": NaN,
        "Gross Profit": NaN,
        "Cost Of Revenue": NaN,
        "Total Revenue": NaN,
        "Operating Revenue": NaN
    },
    "2023-09-30": {
        "Tax Effect Of Unusual Items": NaN,
        "Tax Rate For Calcs": NaN,
        "Normalized EBITDA": NaN,
        "Total Unusual Items": -663000.0,
        "Total Unusual Items Excluding Goodwill": -663000.0,
        "Net Income From Continuing Operation Net Minority Interest": NaN,
        "Reconciled Depreciation": NaN,
        "Reconciled Cost Of Revenue": NaN,
        "EBITDA": NaN,
        "EBIT": NaN,
        "Net Interest Income": NaN,
        "Interest Expense": NaN,
        "Interest Income": 202000.0,
        "Normalized Income": NaN,
        "Net Income From Continuing And Discontinued Operation": NaN,
        "Total Expenses": NaN,
        "Total Operating Income As Reported": NaN,
        "Diluted Average Shares": NaN,
        "Basic Average Shares": NaN,
        "Diluted EPS": NaN,
        "Basic EPS": NaN,
        "Diluted NI Availto Com Stockholders": NaN,
        "Average Dilution Earnings": NaN,
        "Net Income Common Stockholders": NaN,
        "Preferred Stock Dividends": NaN,
        "Net Income": NaN,
        "Minority Interests": 0.0,
        "Net Income Including Noncontrolling Interests": NaN,
        "Net Income Continuous Operations": NaN,
        "Tax Provision": NaN,
        "Pretax Income": NaN,
        "Other Income Expense": NaN,
        "Other Non Operating Income Expenses": NaN,
        "Special Income Charges": -663000.0,
        "Restructuring And Mergern Acquisition": 663000.0,
        "Net Non Operating Interest Income Expense": NaN,
        "Interest Expense Non Operating": NaN,
        "Interest Income Non Operating": 202000.0,
        "Operating Income": NaN,
        "Operating Expense": NaN,
        "Selling General And Administration": NaN,
        "Gross Profit": NaN,
        "Cost Of Revenue": NaN,
        "Total Revenue": NaN,
        "Operating Revenue": NaN
    },
    "2023-12-31": {
        "Tax Effect Of Unusual Items": NaN,
        "Tax Rate For Calcs": NaN,
        "Normalized EBITDA": NaN,
        "Total Unusual Items": NaN,
        "Total Unusual Items Excluding Goodwill": NaN,
        "Net Income From Continuing Operation Net Minority Interest": NaN,
        "Reconciled Depreciation": NaN,
        "Reconciled Cost Of Revenue": NaN,
        "EBITDA": NaN,
        "EBIT": NaN,
        "Net Interest Income": NaN,
        "Interest Expense": NaN,
        "Interest Income": NaN,
        "Normalized Income": NaN,
        "Net Income From Continuing And Discontinued Operation": NaN,
        "Total Expenses": NaN,
        "Total Operating Income As Reported": NaN,
        "Diluted Average Shares": NaN,
        "Basic Average Shares": NaN,
        "Diluted EPS": NaN,
        "Basic EPS": NaN,
        "Diluted NI Availto Com Stockholders": NaN,
        "Average Dilution Earnings": NaN,
        "Net Income Common Stockholders": NaN,
        "Preferred Stock Dividends": NaN,
        "Net Income": NaN,
        "Minority Interests": 0.0,
        "Net Income Including Noncontrolling Interests": NaN,
        "Net Income Continuous Operations": NaN,
        "Tax Provision": NaN,
        "Pretax Income": NaN,
        "Other Income Expense": NaN,
        "Other Non Operating Income Expenses": NaN,
        "Special Income Charges": NaN,
        "Restructuring And Mergern Acquisition": NaN,
        "Net Non Operating Interest Income Expense": NaN,
        "Interest Expense Non Operating": NaN,
        "Interest Income Non Operating": NaN,
        "Operating Income": NaN,
        "Operating Expense": NaN,
        "Selling General And Administration": NaN,
        "Gross Profit": NaN,
        "Cost Of Revenue": NaN,
        "Total Revenue": NaN,
        "Operating Revenue": NaN
    },
    "2024-03-31": {
        "Tax Effect Of Unusual Items": 52668.723883,
        "Tax Rate For Calcs": 0.271488,
        "Normalized EBITDA": 38443000.0,
        "Total Unusual Items": 194000.0,
        "Total Unusual Items Excluding Goodwill": 194000.0,
        "Net Income From Continuing Operation Net Minority Interest": 11332000.0,
        "Reconciled Depreciation": 7538000.0,
        "Reconciled Cost Of Revenue": 288753000.0,
        "EBITDA": 38637000.0,
        "EBIT": 31099000.0,
        "Net Interest Income": -13671000.0,
        "Interest Expense": 15544000.0,
        "Interest Income": 1873000.0,
        "Normalized Income": 11190668.723883,
        "Net Income From Continuing And Discontinued Operation": 11332000.0,
        "Total Expenses": 383504000.0,
        "Total Operating Income As Reported": 29131000.0,
        "Diluted Average Shares": 16968000.0,
        "Basic Average Shares": 16128000.0,
        "Diluted EPS": 0.67,
        "Basic EPS": 0.7,
        "Diluted NI Availto Com Stockholders": 11332000.0,
        "Average Dilution Earnings": 23000.0,
        "Net Income Common Stockholders": 11309000.0,
        "Preferred Stock Dividends": 23000.0,
        "Net Income": 11332000.0,
        "Minority Interests": NaN,
        "Net Income Including Noncontrolling Interests": 11332000.0,
        "Net Income Continuous Operations": 11332000.0,
        "Tax Provision": 4223000.0,
        "Pretax Income": 15555000.0,
        "Other Income Expense": 95000.0,
        "Other Non Operating Income Expenses": -99000.0,
        "Special Income Charges": 194000.0,
        "Restructuring And Mergern Acquisition": -194000.0,
        "Net Non Operating Interest Income Expense": -13671000.0,
        "Interest Expense Non Operating": 15544000.0,
        "Interest Income Non Operating": 1873000.0,
        "Operating Income": 29131000.0,
        "Operating Expense": 94751000.0,
        "Selling General And Administration": 94751000.0,
        "Gross Profit": 123882000.0,
        "Cost Of Revenue": 288753000.0,
        "Total Revenue": 412635000.0,
        "Operating Revenue": 412635000.0
    },
    "2024-06-30": {
        "Tax Effect Of Unusual Items": 30414.0,
        "Tax Rate For Calcs": 0.274,
        "Normalized EBITDA": 46403000.0,
        "Total Unusual Items": 111000.0,
        "Total Unusual Items Excluding Goodwill": 111000.0,
        "Net Income From Continuing Operation Net Minority Interest": 16693000.0,
        "Reconciled Depreciation": 8127000.0,
        "Reconciled Cost Of Revenue": 307763000.0,
        "EBITDA": 46514000.0,
        "EBIT": 38387000.0,
        "Net Interest Income": -14192000.0,
        "Interest Expense": 15384000.0,
        "Interest Income": 1192000.0,
        "Normalized Income": 16612414.0,
        "Net Income From Continuing And Discontinued Operation": 16693000.0,
        "Total Expenses": 408204000.0,
        "Total Operating Income As Reported": 37352000.0,
        "Diluted Average Shares": 16708000.0,
        "Basic Average Shares": 15868000.0,
        "Diluted EPS": 1.0,
        "Basic EPS": 1.05,
        "Diluted NI Availto Com Stockholders": 16693000.0,
        "Average Dilution Earnings": 22000.0,
        "Net Income Common Stockholders": 16671000.0,
        "Preferred Stock Dividends": 22000.0,
        "Net Income": 16693000.0,
        "Net Income Including Noncontrolling Interests": 16693000.0,
        "Net Income Continuous Operations": 16693000.0,
        "Tax Provision": 6310000.0,
        "Pretax Income": 23003000.0,
        "Other Income Expense": -157000.0,
        "Other Non Operating Income Expenses": -268000.0,
        "Special Income Charges": 111000.0,
        "Restructuring And Mergern Acquisition": -111000.0,
        "Net Non Operating Interest Income Expense": -14192000.0,
        "Interest Expense Non Operating": 15384000.0,
        "Interest Income Non Operating": 1192000.0,
        "Operating Income": 37352000.0,
        "Operating Expense": 100441000.0,
        "Selling General And Administration": 100441000.0,
        "Gross Profit": 137793000.0,
        "Cost Of Revenue": 307763000.0,
        "Total Revenue": 445556000.0,
        "Operating Revenue": 445556000.0
    },
    "2024-09-30": {
        "Tax Effect Of Unusual Items": -76035.0,
        "Tax Rate For Calcs": 0.111,
        "Normalized EBITDA": 48853000.0,
        "Total Unusual Items": -685000.0,
        "Total Unusual Items Excluding Goodwill": -685000.0,
        "Net Income From Continuing Operation Net Minority Interest": 21101000.0,
        "Reconciled Depreciation": 8720000.0,
        "Reconciled Cost Of Revenue": 326825000.0,
        "EBITDA": 48168000.0,
        "EBIT": 39448000.0,
        "Net Interest Income": -15294000.0,
        "Interest Expense": 15716000.0,
        "Interest Income": 422000.0,
        "Normalized Income": 21709965.0,
        "Net Income From Continuing And Discontinued Operation": 21101000.0,
        "Total Expenses": 433327000.0,
        "Total Operating Income As Reported": 39608000.0,
        "Diluted Average Shares": 16590000.0,
        "Basic Average Shares": 15750000.0,
        "Diluted EPS": 1.27,
        "Basic EPS": 1.34,
        "Diluted NI Availto Com Stockholders": 21101000.0,
        "Average Dilution Earnings": 23000.0,
        "Net Income Common Stockholders": 21078000.0,
        "Preferred Stock Dividends": 23000.0,
        "Net Income": 21101000.0,
        "Net Income Including Noncontrolling Interests": 21101000.0,
        "Net Income Continuous Operations": 21101000.0,
        "Tax Provision": 2631000.0,
        "Pretax Income": 23732000.0,
        "Other Income Expense": -582000.0,
        "Other Non Operating Income Expenses": 103000.0,
        "Special Income Charges": -685000.0,
        "Restructuring And Mergern Acquisition": 685000.0,
        "Net Non Operating Interest Income Expense": -15294000.0,
        "Interest Expense Non Operating": 15716000.0,
        "Interest Income Non Operating": 422000.0,
        "Operating Income": 39608000.0,
        "Operating Expense": 106502000.0,
        "Selling General And Administration": 106502000.0,
        "Gross Profit": 146110000.0,
        "Cost Of Revenue": 326825000.0,
        "Total Revenue": 472935000.0,
        "Operating Revenue": 472935000.0
    },
    "2024-12-31": {
        "Tax Effect Of Unusual Items": -21210.264098,
        "Tax Rate For Calcs": 0.05811,
        "Normalized EBITDA": 49349000.0,
        "Total Unusual Items": -365000.0,
        "Total Unusual Items Excluding Goodwill": -365000.0,
        "Net Income From Continuing Operation Net Minority Interest": 21363000.0,
        "Reconciled Depreciation": 9020000.0,
        "Reconciled Cost Of Revenue": 322422000.0,
        "EBITDA": 48984000.0,
        "EBIT": 39964000.0,
        "Net Interest Income": -16004000.0,
        "Interest Expense": 17283000.0,
        "Interest Income": 1279000.0,
        "Normalized Income": 21706789.735902,
        "Net Income From Continuing And Discontinued Operation": 21363000.0,
        "Total Expenses": 431623000.0,
        "Total Operating Income As Reported": 39291000.0,
        "Diluted Average Shares": 16535000.0,
        "Basic Average Shares": 15695000.0,
        "Diluted EPS": 1.29,
        "Basic EPS": 1.36,
        "Diluted NI Availto Com Stockholders": 21363000.0,
        "Average Dilution Earnings": 22000.0,
        "Net Income Common Stockholders": 21341000.0,
        "Preferred Stock Dividends": 22000.0,
        "Net Income": 21363000.0,
        "Net Income Including Noncontrolling Interests": 21363000.0,
        "Net Income Continuous Operations": 21363000.0,
        "Tax Provision": 1318000.0,
        "Pretax Income": 22681000.0,
        "Other Income Expense": -606000.0,
        "Other Non Operating Income Expenses": -241000.0,
        "Special Income Charges": -365000.0,
        "Restructuring And Mergern Acquisition": 365000.0,
        "Net Non Operating Interest Income Expense": -16004000.0,
        "Interest Expense Non Operating": 17283000.0,
        "Interest Income Non Operating": 1279000.0,
        "Operating Income": 39291000.0,
        "Operating Expense": 109201000.0,
        "Selling General And Administration": 109201000.0,
        "Gross Profit": 148492000.0,
        "Cost Of Revenue": 322422000.0,
        "Total Revenue": 470914000.0,
        "Operating Revenue": 470914000.0
    },
    "2025-03-31": {
        "Tax Effect Of Unusual Items": -44286.0,
        "Tax Rate For Calcs": 0.242,
        "Normalized EBITDA": 51150000.0,
        "Total Unusual Items": -183000.0,
        "Total Unusual Items Excluding Goodwill": -183000.0,
        "Net Income From Continuing Operation Net Minority Interest": 20589000.0,
        "Reconciled Depreciation": 9134000.0,
        "Reconciled Cost Of Revenue": 326304000.0,
        "EBITDA": 50967000.0,
        "EBIT": 41833000.0,
        "Net Interest Income": -13628000.0,
        "Interest Expense": 14660000.0,
        "Interest Income": 1032000.0,
        "Normalized Income": 20727714.0,
        "Net Income From Continuing And Discontinued Operation": 20589000.0,
        "Total Expenses": 436054000.0,
        "Total Operating Income As Reported": 40515000.0,
        "Diluted Average Shares": 16538000.0,
        "Basic Average Shares": 15698000.0,
        "Diluted EPS": 1.25,
        "Basic EPS": 1.31,
        "Diluted NI Availto Com Stockholders": 20589000.0,
        "Average Dilution Earnings": 23000.0,
        "Net Income Common Stockholders": 20566000.0,
        "Preferred Stock Dividends": 23000.0,
        "Net Income": 20589000.0,
        "Net Income Including Noncontrolling Interests": 20589000.0,
        "Net Income Continuous Operations": 20589000.0,
        "Tax Provision": 6584000.0,
        "Pretax Income": 27173000.0,
        "Other Income Expense": 286000.0,
        "Other Non Operating Income Expenses": 469000.0,
        "Special Income Charges": -183000.0,
        "Restructuring And Mergern Acquisition": 183000.0,
        "Net Non Operating Interest Income Expense": -13628000.0,
        "Interest Expense Non Operating": 14660000.0,
        "Interest Income Non Operating": 1032000.0,
        "Operating Income": 40515000.0,
        "Operating Expense": 109750000.0,
        "Selling General And Administration": 109750000.0,
        "Gross Profit": 150265000.0,
        "Cost Of Revenue": 326304000.0,
        "Total Revenue": 476569000.0,
        "Operating Revenue": 476569000.0
    },
    "2025-06-30": {
        "Tax Effect Of Unusual Items": -137885.0,
        "Tax Rate For Calcs": 0.253,
        "Normalized EBITDA": 56375000.0,
        "Total Unusual Items": -545000.0,
        "Total Unusual Items Excluding Goodwill": -545000.0,
        "Net Income From Continuing Operation Net Minority Interest": 23612000.0,
        "Reconciled Depreciation": 9490000.0,
        "Reconciled Cost Of Revenue": 340869000.0,
        "EBITDA": 55830000.0,
        "EBIT": 46340000.0,
        "Net Interest Income": -13979000.0,
        "Interest Expense": 14744000.0,
        "Interest Income": 765000.0,
        "Normalized Income": 24019115.0,
        "Net Income From Continuing And Discontinued Operation": 23612000.0,
        "Total Expenses": 452696000.0,
        "Total Operating Income As Reported": 45986000.0,
        "Diluted Average Shares": 16534000.0,
        "Basic Average Shares": 15694000.0,
        "Diluted EPS": 1.43,
        "Basic EPS": 1.5,
        "Diluted NI Availto Com Stockholders": 23612000.0,
        "Average Dilution Earnings": 22000.0,
        "Net Income Common Stockholders": 23590000.0,
        "Preferred Stock Dividends": 22000.0,
        "Net Income": 23612000.0,
        "Net Income Including Noncontrolling Interests": 23612000.0,
        "Net Income Continuous Operations": 23612000.0,
        "Tax Provision": 7984000.0,
        "Pretax Income": 31596000.0,
        "Other Income Expense": -411000.0,
        "Other Non Operating Income Expenses": 134000.0,
        "Special Income Charges": -545000.0,
        "Restructuring And Mergern Acquisition": 545000.0,
        "Net Non Operating Interest Income Expense": -13979000.0,
        "Interest Expense Non Operating": 14744000.0,
        "Interest Income Non Operating": 765000.0,
        "Operating Income": 45986000.0,
        "Operating Expense": 111827000.0,
        "Selling General And Administration": 111827000.0,
        "Gross Profit": 157813000.0,
        "Cost Of Revenue": 340869000.0,
        "Total Revenue": 498682000.0,
        "Operating Revenue": 498682000.0
    },
    "2025-09-30": {
        "Tax Effect Of Unusual Items": -54172.348228,
        "Tax Rate For Calcs": 0.265551,
        "Normalized EBITDA": 54470000.0,
        "Total Unusual Items": -204000.0,
        "Total Unusual Items Excluding Goodwill": -204000.0,
        "Net Income From Continuing Operation Net Minority Interest": 21631000.0,
        "Reconciled Depreciation": 9920000.0,
        "Reconciled Cost Of Revenue": 352465000.0,
        "EBITDA": 54266000.0,
        "EBIT": 44346000.0,
        "Net Interest Income": -14126000.0,
        "Interest Expense": 14894000.0,
        "Interest Income": 768000.0,
        "Normalized Income": 21780827.651772,
        "Net Income From Continuing And Discontinued Operation": 21631000.0,
        "Total Expenses": 470026000.0,
        "Total Operating Income As Reported": 43698000.0,
        "Diluted Average Shares": 16526000.0,
        "Basic Average Shares": 15686000.0,
        "Diluted EPS": 1.31,
        "Basic EPS": 1.38,
        "Diluted NI Availto Com Stockholders": 21631000.0,
        "Average Dilution Earnings": 23000.0,
        "Net Income Common Stockholders": 21608000.0,
        "Preferred Stock Dividends": 23000.0,
        "Net Income": 21631000.0,
        "Net Income Including Noncontrolling Interests": 21631000.0,
        "Net Income Continuous Operations": 21631000.0,
        "Tax Provision": 7821000.0,
        "Pretax Income": 29452000.0,
        "Other Income Expense": -120000.0,
        "Other Non Operating Income Expenses": 84000.0,
        "Special Income Charges": -204000.0,
        "Restructuring And Mergern Acquisition": 204000.0,
        "Net Non Operating Interest Income Expense": -14126000.0,
        "Interest Expense Non Operating": 14894000.0,
        "Interest Income Non Operating": 768000.0,
        "Operating Income": 43698000.0,
        "Operating Expense": 117561000.0,
        "Selling General And Administration": 117561000.0,
        "Gross Profit": 161259000.0,
        "Cost Of Revenue": 352465000.0,
        "Total Revenue": 513724000.0,
        "Operating Revenue": 513724000.0
    }
}