{
    "2023-03-31": {
        "Tax Effect Of Unusual Items": -222600.0,
        "Tax Rate For Calcs": 0.21,
        "Normalized EBITDA": 2985000.0,
        "Total Unusual Items": -1060000.0,
        "Total Unusual Items Excluding Goodwill": -1060000.0,
        "Net Income From Continuing Operation Net Minority Interest": -1551000.0,
        "Reconciled Depreciation": 1605000.0,
        "Reconciled Cost Of Revenue": 49251000.0,
        "EBITDA": 1925000.0,
        "EBIT": 320000.0,
        "Net Interest Income": -1858000.0,
        "Interest Expense": 1858000.0,
        "Normalized Income": -713600.0,
        "Net Income From Continuing And Discontinued Operation": -1758000.0,
        "Total Expenses": 65718000.0,
        "Total Operating Income As Reported": 306000.0,
        "Diluted Average Shares": 14676000.0,
        "Basic Average Shares": 14676000.0,
        "Diluted EPS": -0.12,
        "Basic EPS": -0.12,
        "Diluted NI Availto Com Stockholders": -1758000.0,
        "Net Income Common Stockholders": -1758000.0,
        "Net Income": -1758000.0,
        "Net Income Including Noncontrolling Interests": -1758000.0,
        "Net Income Discontinuous Operations": -207000.0,
        "Net Income Continuous Operations": -1551000.0,
        "Tax Provision": 13000.0,
        "Pretax Income": -1538000.0,
        "Other Income Expense": -1046000.0,
        "Other Non Operating Income Expenses": 14000.0,
        "Special Income Charges": -1050000.0,
        "Gain On Sale Of Ppe": NaN,
        "Other Special Charges": NaN,
        "Restructuring And Mergern Acquisition": 1050000.0,
        "Gain On Sale Of Security": -10000.0,
        "Net Non Operating Interest Income Expense": -1858000.0,
        "Interest Expense Non Operating": 1858000.0,
        "Operating Income": 1366000.0,
        "Operating Expense": 16467000.0,
        "Other Operating Expenses": -16000.0,
        "Selling General And Administration": 16483000.0,
        "General And Administrative Expense": 16483000.0,
        "Other Gand A": 16409000.0,
        "Salaries And Wages": 74000.0,
        "Gross Profit": 17833000.0,
        "Cost Of Revenue": 49251000.0,
        "Total Revenue": 67084000.0,
        "Operating Revenue": 66137000.0
    },
    "2022-12-31": {
        "Tax Effect Of Unusual Items": NaN,
        "Tax Rate For Calcs": NaN,
        "Normalized EBITDA": NaN,
        "Total Unusual Items": NaN,
        "Total Unusual Items Excluding Goodwill": NaN,
        "Net Income From Continuing Operation Net Minority Interest": NaN,
        "Reconciled Depreciation": NaN,
        "Reconciled Cost Of Revenue": NaN,
        "EBITDA": NaN,
        "EBIT": NaN,
        "Net Interest Income": NaN,
        "Interest Expense": NaN,
        "Normalized Income": NaN,
        "Net Income From Continuing And Discontinued Operation": NaN,
        "Total Expenses": NaN,
        "Rent Expense Supplemental": NaN,
        "Total Operating Income As Reported": NaN,
        "Diluted Average Shares": NaN,
        "Basic Average Shares": NaN,
        "Diluted EPS": NaN,
        "Basic EPS": NaN,
        "Diluted NI Availto Com Stockholders": NaN,
        "Net Income Common Stockholders": NaN,
        "Net Income": NaN,
        "Net Income Including Noncontrolling Interests": NaN,
        "Net Income Discontinuous Operations": NaN,
        "Net Income Continuous Operations": NaN,
        "Tax Provision": NaN,
        "Pretax Income": NaN,
        "Other Income Expense": NaN,
        "Other Non Operating Income Expenses": NaN,
        "Special Income Charges": NaN,
        "Gain On Sale Of Ppe": -307000.0,
        "Other Special Charges": NaN,
        "Restructuring And Mergern Acquisition": NaN,
        "Gain On Sale Of Security": NaN,
        "Net Non Operating Interest Income Expense": NaN,
        "Interest Expense Non Operating": NaN,
        "Operating Income": NaN,
        "Operating Expense": NaN,
        "Other Operating Expenses": NaN,
        "Selling General And Administration": NaN,
        "General And Administrative Expense": NaN,
        "Other Gand A": NaN,
        "Rent And Landing Fees": NaN,
        "Salaries And Wages": NaN,
        "Gross Profit": NaN,
        "Cost Of Revenue": NaN,
        "Total Revenue": NaN,
        "Operating Revenue": NaN
    },
    "2022-09-30": {
        "Tax Effect Of Unusual Items": NaN,
        "Tax Rate For Calcs": NaN,
        "Normalized EBITDA": NaN,
        "Total Unusual Items": NaN,
        "Total Unusual Items Excluding Goodwill": NaN,
        "Net Income From Continuing Operation Net Minority Interest": NaN,
        "Reconciled Depreciation": NaN,
        "Reconciled Cost Of Revenue": NaN,
        "EBITDA": NaN,
        "EBIT": NaN,
        "Net Interest Income": NaN,
        "Interest Expense": NaN,
        "Normalized Income": NaN,
        "Net Income From Continuing And Discontinued Operation": NaN,
        "Total Expenses": NaN,
        "Total Operating Income As Reported": NaN,
        "Diluted Average Shares": NaN,
        "Basic Average Shares": NaN,
        "Diluted EPS": NaN,
        "Basic EPS": NaN,
        "Diluted NI Availto Com Stockholders": NaN,
        "Net Income Common Stockholders": NaN,
        "Net Income": NaN,
        "Net Income Including Noncontrolling Interests": NaN,
        "Net Income Discontinuous Operations": NaN,
        "Net Income Continuous Operations": NaN,
        "Tax Provision": NaN,
        "Pretax Income": NaN,
        "Other Income Expense": NaN,
        "Other Non Operating Income Expenses": NaN,
        "Special Income Charges": NaN,
        "Gain On Sale Of Ppe": 30000.0,
        "Other Special Charges": NaN,
        "Restructuring And Mergern Acquisition": NaN,
        "Gain On Sale Of Security": NaN,
        "Net Non Operating Interest Income Expense": NaN,
        "Interest Expense Non Operating": NaN,
        "Operating Income": NaN,
        "Operating Expense": NaN,
        "Other Operating Expenses": NaN,
        "Selling General And Administration": NaN,
        "General And Administrative Expense": NaN,
        "Other Gand A": NaN,
        "Salaries And Wages": NaN,
        "Gross Profit": NaN,
        "Cost Of Revenue": NaN,
        "Total Revenue": NaN,
        "Operating Revenue": NaN
    },
    "2022-06-30": {
        "Tax Effect Of Unusual Items": 0.0,
        "Tax Rate For Calcs": 0.4,
        "Normalized EBITDA": -2935000.0,
        "Total Unusual Items": 0.0,
        "Total Unusual Items Excluding Goodwill": 0.0,
        "Net Income From Continuing Operation Net Minority Interest": -4019000.0,
        "Reconciled Depreciation": 2019000.0,
        "Reconciled Cost Of Revenue": 67642000.0,
        "EBITDA": -2935000.0,
        "EBIT": -2935000.0,
        "Net Interest Income": -1081000.0,
        "Interest Expense": 1081000.0,
        "Normalized Income": -4019000.0,
        "Net Income From Continuing And Discontinued Operation": -4487000.0,
        "Total Expenses": 86633000.0,
        "Total Operating Income As Reported": -2935000.0,
        "Diluted Average Shares": 15225000.0,
        "Basic Average Shares": 15225000.0,
        "Diluted EPS": -0.29,
        "Basic EPS": -0.29,
        "Diluted NI Availto Com Stockholders": -4487000.0,
        "Net Income Common Stockholders": -4487000.0,
        "Net Income": -4487000.0,
        "Net Income Including Noncontrolling Interests": -4487000.0,
        "Net Income Discontinuous Operations": -468000.0,
        "Net Income Continuous Operations": -4019000.0,
        "Tax Provision": 3000.0,
        "Pretax Income": -4016000.0,
        "Other Income Expense": -41000.0,
        "Other Non Operating Income Expenses": NaN,
        "Special Income Charges": 0.0,
        "Gain On Sale Of Ppe": 10000.0,
        "Other Special Charges": NaN,
        "Restructuring And Mergern Acquisition": 0.0,
        "Gain On Sale Of Security": -51000.0,
        "Net Non Operating Interest Income Expense": -1081000.0,
        "Interest Expense Non Operating": 1081000.0,
        "Operating Income": -2935000.0,
        "Operating Expense": 18991000.0,
        "Other Operating Expenses": 136000.0,
        "Selling General And Administration": 18855000.0,
        "General And Administrative Expense": 19001000.0,
        "Other Gand A": 18855000.0,
        "Salaries And Wages": 146000.0,
        "Gross Profit": 16056000.0,
        "Cost Of Revenue": 67642000.0,
        "Total Revenue": 83698000.0,
        "Operating Revenue": 83698000.0
    },
    "2022-03-31": {
        "Diluted EPS": -0.22,
        "Total Revenue": 78,
        "Gross Profit": 15,
        "Operating Income": -2,
        "EBIT": 0,
        "Net Income": -3
    },
    "2021-12-31": {
        "Diluted EPS": -0.38,
        "Total Revenue": 89,
        "Gross Profit": 13,
        "Operating Income": -3,
        "EBIT": -2,
        "Net Income": -6
    },
    "2021-09-30": {
        "Diluted EPS": 0.4,
        "Total Revenue": 89,
        "Gross Profit": 25,
        "Operating Income": 7,
        "EBIT": 9,
        "Net Income": 6
    },
    "2021-06-30": {
        "Diluted EPS": 0.21,
        "Total Revenue": 90,
        "Gross Profit": 23,
        "Operating Income": 6,
        "EBIT": 8,
        "Net Income": 3
    },
    "2021-03-31": {
        "Diluted EPS": -0.14,
        "Total Revenue": 73,
        "Gross Profit": 17,
        "Operating Income": 1,
        "EBIT": 3,
        "Net Income": -2
    },
    "2020-12-31": {
        "Diluted EPS": 0.0,
        "Total Revenue": 39,
        "Gross Profit": 9,
        "Operating Income": 1,
        "EBIT": 3,
        "Net Income": 0
    },
    "2020-09-30": {
        "Diluted EPS": 0.05,
        "Total Revenue": 70,
        "Gross Profit": 17,
        "Operating Income": 2,
        "EBIT": 3,
        "Net Income": 1
    },
    "2020-06-30": {
        "Diluted EPS": -0.47,
        "Total Revenue": 61,
        "Gross Profit": 12,
        "Operating Income": -6,
        "EBIT": -3,
        "Net Income": -7
    },
    "2020-03-31": {
        "Diluted EPS": -0.18,
        "Total Revenue": 81,
        "Gross Profit": 19,
        "Operating Income": -1,
        "EBIT": 2,
        "Net Income": -3
    },
    "2019-12-31": {
        "Diluted EPS": 1.58,
        "Total Revenue": 90,
        "Gross Profit": 23,
        "Operating Income": 27,
        "EBIT": 29,
        "Net Income": 26
    },
    "2019-09-30": {
        "Diluted EPS": -0.16,
        "Total Revenue": 95,
        "Gross Profit": 21,
        "Operating Income": -1,
        "EBIT": 2,
        "Net Income": -3
    },
    "2019-06-30": {
        "Diluted EPS": -0.07,
        "Total Revenue": 100,
        "Gross Profit": 23,
        "Operating Income": 1,
        "EBIT": 3,
        "Net Income": -1
    },
    "2019-03-31": {
        "Diluted EPS": -0.42,
        "Total Revenue": 89,
        "Gross Profit": 19,
        "Operating Income": -5,
        "EBIT": -2,
        "Net Income": -7
    },
    "2018-12-31": {
        "Diluted EPS": -0.86,
        "Total Revenue": 98,
        "Gross Profit": 18,
        "Operating Income": -13,
        "EBIT": -4,
        "Net Income": -14
    },
    "2018-09-30": {
        "Diluted EPS": -0.19,
        "Total Revenue": 102,
        "Gross Profit": 22,
        "Operating Income": -1,
        "EBIT": 2,
        "Net Income": -3
    },
    "2018-06-30": {
        "Diluted EPS": -0.12,
        "Total Revenue": 106,
        "Gross Profit": 25,
        "Operating Income": 0,
        "EBIT": 3,
        "Net Income": -2
    },
    "2018-03-31": {
        "Diluted EPS": -0.18,
        "Total Revenue": 99,
        "Gross Profit": 22,
        "Operating Income": -2,
        "EBIT": 2,
        "Net Income": -3
    },
    "2017-12-31": {
        "Diluted EPS": -0.6,
        "Total Revenue": 105,
        "Gross Profit": 23,
        "Operating Income": -1,
        "EBIT": 3,
        "Net Income": -9
    },
    "2017-09-30": {
        "Diluted EPS": -0.03,
        "Total Revenue": 103,
        "Gross Profit": 25,
        "Operating Income": 1,
        "EBIT": 4,
        "Net Income": -1
    },
    "2017-06-30": {
        "Diluted EPS": 0.07,
        "Total Revenue": 107,
        "Gross Profit": 28,
        "Operating Income": 3,
        "EBIT": 6,
        "Net Income": 1
    },
    "2017-03-31": {
        "Diluted EPS": -0.04,
        "Total Revenue": 98,
        "Gross Profit": 25,
        "Operating Income": 1,
        "EBIT": 4,
        "Net Income": -1
    },
    "2016-12-31": {
        "Diluted EPS": -0.18,
        "Total Revenue": 103,
        "Gross Profit": 22,
        "Operating Income": -3,
        "EBIT": 0,
        "Net Income": -3
    },
    "2016-09-30": {
        "Diluted EPS": 0.04,
        "Total Revenue": 100,
        "Gross Profit": 26,
        "Operating Income": 2,
        "EBIT": 5,
        "Net Income": 1
    },
    "2016-06-30": {
        "Diluted EPS": 0.1,
        "Total Revenue": 105,
        "Gross Profit": 28,
        "Operating Income": 3,
        "EBIT": 7,
        "Net Income": 2
    },
    "2016-03-31": {
        "Diluted EPS": -0.3,
        "Total Revenue": 89,
        "Gross Profit": 20,
        "Operating Income": -6,
        "EBIT": -2,
        "Net Income": -5
    },
    "2015-12-31": {
        "Diluted EPS": -0.04,
        "Total Revenue": 108,
        "Gross Profit": 26,
        "Operating Income": 1,
        "EBIT": 4,
        "Net Income": -1
    },
    "2015-09-30": {
        "Diluted EPS": 0.01,
        "Total Revenue": 109,
        "Gross Profit": 27,
        "Operating Income": 1,
        "EBIT": 5,
        "Net Income": 0
    },
    "2015-06-30": {
        "Diluted EPS": 0.03,
        "Total Revenue": 110,
        "Gross Profit": 29,
        "Operating Income": 2,
        "EBIT": 6,
        "Net Income": 1
    },
    "2015-03-31": {
        "Diluted EPS": -0.16,
        "Total Revenue": 96,
        "Gross Profit": 23,
        "Operating Income": -3,
        "EBIT": 1,
        "Net Income": -2
    },
    "2014-12-31": {
        "Diluted EPS": -0.39,
        "Total Revenue": 105,
        "Gross Profit": 24,
        "Operating Income": -4,
        "EBIT": -1,
        "Net Income": -5
    },
    "2014-09-30": {
        "Diluted EPS": -0.01,
        "Total Revenue": 109,
        "Gross Profit": 27,
        "Operating Income": 1,
        "EBIT": 4,
        "Net Income": 0
    },
    "2014-06-30": {
        "Diluted EPS": -0.05,
        "Total Revenue": 108,
        "Gross Profit": 27,
        "Operating Income": 1,
        "EBIT": 4,
        "Net Income": -1
    },
    "2014-03-31": {
        "Diluted EPS": 0.34,
        "Total Revenue": 85,
        "Gross Profit": 18,
        "Operating Income": -2,
        "EBIT": 1,
        "Net Income": 5
    },
    "2013-12-31": {
        "Diluted EPS": 0.11,
        "Total Revenue": 95,
        "Gross Profit": 23,
        "Operating Income": 2,
        "EBIT": 4,
        "Net Income": 2
    },
    "2013-09-30": {
        "Diluted EPS": 0.11,
        "Total Revenue": 90,
        "Gross Profit": 22,
        "Operating Income": 2,
        "EBIT": 5,
        "Net Income": 1
    },
    "2013-06-30": {
        "Diluted EPS": 0.13,
        "Total Revenue": 84,
        "Gross Profit": 22,
        "Operating Income": 3,
        "EBIT": 6,
        "Net Income": 2
    },
    "2013-03-31": {
        "Diluted EPS": 0.05,
        "Total Revenue": 75,
        "Gross Profit": 18,
        "Operating Income": 2,
        "EBIT": 4,
        "Net Income": 1
    },
    "2012-12-31": {
        "Diluted EPS": -0.04,
        "Total Revenue": 71,
        "Gross Profit": 17,
        "Operating Income": 0,
        "EBIT": 3,
        "Net Income": 0
    },
    "2012-09-30": {
        "Diluted EPS": 0.01,
        "Total Revenue": 66,
        "Gross Profit": 17,
        "Operating Income": 1,
        "EBIT": 3,
        "Net Income": 0
    },
    "2012-06-30": {
        "Diluted EPS": -0.03,
        "Total Revenue": 67,
        "Gross Profit": 16,
        "Operating Income": 0,
        "EBIT": 2,
        "Net Income": 0
    },
    "2012-03-31": {
        "Diluted EPS": -0.01,
        "Total Revenue": 63,
        "Gross Profit": 16,
        "Operating Income": 1,
        "EBIT": 3,
        "Net Income": 0
    },
    "2011-12-31": {
        "Diluted EPS": -0.03,
        "Total Revenue": 65,
        "Gross Profit": 16,
        "Operating Income": 1,
        "EBIT": 3,
        "Net Income": 0
    },
    "2011-09-30": {
        "Diluted EPS": 0.0,
        "Total Revenue": 70,
        "Gross Profit": 16,
        "Operating Income": 1,
        "EBIT": 4,
        "Net Income": 0
    },
    "2011-06-30": {
        "Diluted EPS": 0.06,
        "Total Revenue": 69,
        "Gross Profit": 17,
        "Operating Income": 2,
        "EBIT": 5,
        "Net Income": 1
    },
    "2011-03-31": {
        "Diluted EPS": 0.05,
        "Total Revenue": 66,
        "Gross Profit": 17,
        "Operating Income": 2,
        "EBIT": 4,
        "Net Income": 1
    },
    "2010-12-31": {
        "Diluted EPS": 0.04,
        "Total Revenue": 65,
        "Gross Profit": 16,
        "Operating Income": 2,
        "EBIT": 4,
        "Net Income": 1
    },
    "2010-09-30": {
        "Diluted EPS": -0.15,
        "Total Revenue": 57,
        "Gross Profit": 13,
        "Operating Income": -2,
        "EBIT": 1,
        "Net Income": -2
    },
    "2010-06-30": {
        "Diluted EPS": -0.06,
        "Total Revenue": 59,
        "Gross Profit": 15,
        "Operating Income": 0,
        "EBIT": 3,
        "Net Income": -1
    },
    "2010-03-31": {
        "Diluted EPS": -0.2,
        "Total Revenue": 50,
        "Gross Profit": 12,
        "Operating Income": -2,
        "EBIT": 1,
        "Net Income": -3
    },
    "2009-12-31": {
        "Diluted EPS": -0.26,
        "Total Revenue": 53,
        "Gross Profit": 15,
        "Operating Income": -4,
        "EBIT": -1,
        "Net Income": -4
    },
    "2009-09-30": {
        "Diluted EPS": -0.16,
        "Total Revenue": 50,
        "Gross Profit": 14,
        "Operating Income": -2,
        "EBIT": 2,
        "Net Income": -2
    },
    "2009-06-30": {
        "Diluted EPS": -0.09,
        "Total Revenue": 53,
        "Gross Profit": 14,
        "Operating Income": 0,
        "EBIT": 3,
        "Net Income": -1
    },
    "2009-03-31": {
        "Diluted EPS": -2.91,
        "Total Revenue": 48,
        "Gross Profit": 10,
        "Operating Income": -39,
        "EBIT": -4,
        "Net Income": -36
    },
    "2023-06-30": {
        "Tax Effect Of Unusual Items": -105840.0,
        "Tax Rate For Calcs": 0.21,
        "Normalized EBITDA": 2394000.0,
        "Total Unusual Items": -504000.0,
        "Total Unusual Items Excluding Goodwill": -504000.0,
        "Net Income From Continuing Operation Net Minority Interest": -1620000.0,
        "Reconciled Depreciation": 1640000.0,
        "Reconciled Cost Of Revenue": 54229000.0,
        "EBITDA": 1890000.0,
        "EBIT": 250000.0,
        "Net Interest Income": -1849000.0,
        "Interest Expense": 1849000.0,
        "Normalized Income": -1221840.0,
        "Net Income From Continuing And Discontinued Operation": -1726000.0,
        "Total Expenses": 73314000.0,
        "Rent Expense Supplemental": NaN,
        "Total Operating Income As Reported": 253000.0,
        "Diluted Average Shares": 14808000.0,
        "Basic Average Shares": 14808000.0,
        "Diluted EPS": -0.12,
        "Basic EPS": -0.12,
        "Diluted NI Availto Com Stockholders": -1726000.0,
        "Net Income Common Stockholders": -1726000.0,
        "Net Income": -1726000.0,
        "Net Income Including Noncontrolling Interests": -1726000.0,
        "Net Income Discontinuous Operations": -106000.0,
        "Net Income Continuous Operations": -1620000.0,
        "Tax Provision": 21000.0,
        "Pretax Income": -1599000.0,
        "Other Income Expense": -445000.0,
        "Other Non Operating Income Expenses": 59000.0,
        "Special Income Charges": -473000.0,
        "Gain On Sale Of Ppe": 0.0,
        "Other Special Charges": -246000.0,
        "Restructuring And Mergern Acquisition": 719000.0,
        "Gain On Sale Of Security": -31000.0,
        "Net Non Operating Interest Income Expense": -1849000.0,
        "Interest Expense Non Operating": 1849000.0,
        "Operating Income": 695000.0,
        "Operating Expense": 19085000.0,
        "Other Operating Expenses": 5000.0,
        "Selling General And Administration": 19080000.0,
        "General And Administrative Expense": 19080000.0,
        "Other Gand A": 19042000.0,
        "Rent And Landing Fees": NaN,
        "Salaries And Wages": 38000.0,
        "Gross Profit": 19780000.0,
        "Cost Of Revenue": 54229000.0,
        "Total Revenue": 74009000.0,
        "Operating Revenue": 74009000.0
    },
    "2023-09-30": {
        "Tax Effect Of Unusual Items": -32700.0,
        "Tax Rate For Calcs": 0.06,
        "Normalized EBITDA": 1987000.0,
        "Total Unusual Items": -545000.0,
        "Total Unusual Items Excluding Goodwill": -545000.0,
        "Net Income From Continuing Operation Net Minority Interest": -2211000.0,
        "Reconciled Depreciation": 1733000.0,
        "Reconciled Cost Of Revenue": 50341000.0,
        "EBITDA": 1442000.0,
        "EBIT": -291000.0,
        "Net Interest Income": -1795000.0,
        "Interest Expense": 1795000.0,
        "Normalized Income": -1698700.0,
        "Net Income From Continuing And Discontinued Operation": -2394000.0,
        "Total Expenses": 69211000.0,
        "Rent Expense Supplemental": NaN,
        "Total Operating Income As Reported": -913000.0,
        "Diluted Average Shares": 14824000.0,
        "Basic Average Shares": 14824000.0,
        "Diluted EPS": -0.16,
        "Basic EPS": -0.16,
        "Diluted NI Availto Com Stockholders": -2394000.0,
        "Net Income Common Stockholders": -2394000.0,
        "Net Income": -2394000.0,
        "Net Income Including Noncontrolling Interests": -2394000.0,
        "Net Income Discontinuous Operations": -183000.0,
        "Net Income Continuous Operations": -2211000.0,
        "Tax Provision": 125000.0,
        "Pretax Income": -2086000.0,
        "Other Income Expense": 344000.0,
        "Other Non Operating Income Expenses": 889000.0,
        "Special Income Charges": -552000.0,
        "Gain On Sale Of Ppe": 0.0,
        "Other Special Charges": NaN,
        "Restructuring And Mergern Acquisition": 552000.0,
        "Gain On Sale Of Security": 7000.0,
        "Net Non Operating Interest Income Expense": -1795000.0,
        "Interest Expense Non Operating": 1795000.0,
        "Operating Income": -635000.0,
        "Operating Expense": 18870000.0,
        "Other Operating Expenses": 64000.0,
        "Selling General And Administration": 18806000.0,
        "General And Administrative Expense": 18806000.0,
        "Other Gand A": 18743000.0,
        "Rent And Landing Fees": NaN,
        "Salaries And Wages": 63000.0,
        "Gross Profit": 18235000.0,
        "Cost Of Revenue": 50341000.0,
        "Total Revenue": 68576000.0,
        "Operating Revenue": 67659000.0
    },
    "2023-12-31": {
        "Tax Effect Of Unusual Items": 110741.750359,
        "Tax Rate For Calcs": 0.015782,
        "Normalized EBITDA": 535000.0,
        "Total Unusual Items": 7017000.0,
        "Total Unusual Items Excluding Goodwill": 7017000.0,
        "Net Income From Continuing Operation Net Minority Interest": 3430000.0,
        "Reconciled Depreciation": 2353000.0,
        "Reconciled Cost Of Revenue": 48643000.0,
        "EBITDA": 7552000.0,
        "EBIT": 5199000.0,
        "Net Interest Income": -1714000.0,
        "Interest Expense": 1714000.0,
        "Normalized Income": -3476258.249641,
        "Net Income From Continuing And Discontinued Operation": 3160000.0,
        "Total Expenses": 68665000.0,
        "Rent Expense Supplemental": NaN,
        "Total Operating Income As Reported": 5402000.0,
        "Diluted Average Shares": 14954000.0,
        "Basic Average Shares": 14824000.0,
        "Diluted EPS": 0.2,
        "Basic EPS": 0.21,
        "Diluted NI Availto Com Stockholders": 3160000.0,
        "Net Income Common Stockholders": 3160000.0,
        "Net Income": 3160000.0,
        "Net Income Including Noncontrolling Interests": 3160000.0,
        "Net Income Discontinuous Operations": -270000.0,
        "Net Income Continuous Operations": 3430000.0,
        "Tax Provision": 55000.0,
        "Pretax Income": 3485000.0,
        "Other Income Expense": 7190000.0,
        "Other Non Operating Income Expenses": 173000.0,
        "Special Income Charges": 7018000.0,
        "Gain On Sale Of Ppe": 8195000.0,
        "Other Special Charges": -370000.0,
        "Restructuring And Mergern Acquisition": 1547000.0,
        "Gain On Sale Of Security": -1000.0,
        "Net Non Operating Interest Income Expense": -1714000.0,
        "Interest Expense Non Operating": 1714000.0,
        "Operating Income": -1991000.0,
        "Operating Expense": 20022000.0,
        "Other Operating Expenses": 62000.0,
        "Selling General And Administration": 19960000.0,
        "General And Administrative Expense": 19960000.0,
        "Other Gand A": 19941000.0,
        "Rent And Landing Fees": NaN,
        "Salaries And Wages": 19000.0,
        "Gross Profit": 18031000.0,
        "Cost Of Revenue": 48643000.0,
        "Total Revenue": 66674000.0,
        "Operating Revenue": 65695000.0
    },
    "2024-03-31": {
        "Tax Effect Of Unusual Items": -58800.0,
        "Tax Rate For Calcs": 0.21,
        "Normalized EBITDA": 937000.0,
        "Total Unusual Items": -280000.0,
        "Total Unusual Items Excluding Goodwill": -280000.0,
        "Net Income From Continuing Operation Net Minority Interest": -2410000.0,
        "Reconciled Depreciation": 1519000.0,
        "Reconciled Cost Of Revenue": 49445000.0,
        "EBITDA": 657000.0,
        "EBIT": -862000.0,
        "Net Interest Income": -1532000.0,
        "Interest Expense": 1532000.0,
        "Normalized Income": -2188800.0,
        "Net Income From Continuing And Discontinued Operation": -2494000.0,
        "Total Expenses": 65853000.0,
        "Rent Expense Supplemental": NaN,
        "Total Operating Income As Reported": -857000.0,
        "Diluted Average Shares": 14850000.0,
        "Basic Average Shares": 14850000.0,
        "Diluted EPS": -0.17,
        "Basic EPS": -0.17,
        "Diluted NI Availto Com Stockholders": -2494000.0,
        "Net Income Common Stockholders": -2494000.0,
        "Net Income": -2494000.0,
        "Net Income Including Noncontrolling Interests": -2494000.0,
        "Net Income Discontinuous Operations": -84000.0,
        "Net Income Continuous Operations": -2410000.0,
        "Tax Provision": 16000.0,
        "Pretax Income": -2394000.0,
        "Other Income Expense": -263000.0,
        "Other Non Operating Income Expenses": 17000.0,
        "Special Income Charges": -242000.0,
        "Gain On Sale Of Ppe": NaN,
        "Other Special Charges": NaN,
        "Restructuring And Mergern Acquisition": 242000.0,
        "Gain On Sale Of Security": -38000.0,
        "Net Non Operating Interest Income Expense": -1532000.0,
        "Interest Expense Non Operating": 1532000.0,
        "Operating Income": -599000.0,
        "Operating Expense": 16408000.0,
        "Other Operating Expenses": 4000.0,
        "Selling General And Administration": 16404000.0,
        "General And Administrative Expense": 16404000.0,
        "Other Gand A": 16372000.0,
        "Rent And Landing Fees": NaN,
        "Salaries And Wages": 32000.0,
        "Gross Profit": 15809000.0,
        "Cost Of Revenue": 49445000.0,
        "Total Revenue": 65254000.0,
        "Operating Revenue": 64326000.0
    },
    "2024-06-30": {
        "Tax Effect Of Unusual Items": -572.280179,
        "Tax Rate For Calcs": 0.005961,
        "Normalized EBITDA": 4128000.0,
        "Total Unusual Items": -96000.0,
        "Total Unusual Items Excluding Goodwill": -96000.0,
        "Net Income From Continuing Operation Net Minority Interest": 667000.0,
        "Reconciled Depreciation": 1741000.0,
        "Reconciled Cost Of Revenue": 50694000.0,
        "EBITDA": 4032000.0,
        "EBIT": 2291000.0,
        "Net Interest Income": -1620000.0,
        "Interest Expense": 1620000.0,
        "Normalized Income": 762427.719821,
        "Net Income From Continuing And Discontinued Operation": 603000.0,
        "Total Expenses": 68116000.0,
        "Rent Expense Supplemental": 41000.0,
        "Total Operating Income As Reported": 2295000.0,
        "Diluted Average Shares": 14987000.0,
        "Basic Average Shares": 14894000.0,
        "Diluted EPS": 0.04,
        "Basic EPS": 0.04,
        "Diluted NI Availto Com Stockholders": 603000.0,
        "Net Income Common Stockholders": 603000.0,
        "Net Income": 603000.0,
        "Net Income Including Noncontrolling Interests": 603000.0,
        "Net Income Discontinuous Operations": -64000.0,
        "Net Income Continuous Operations": 667000.0,
        "Tax Provision": 4000.0,
        "Pretax Income": 671000.0,
        "Other Income Expense": -100000.0,
        "Other Non Operating Income Expenses": -4000.0,
        "Special Income Charges": -49000.0,
        "Gain On Sale Of Ppe": 37000.0,
        "Other Special Charges": -161000.0,
        "Restructuring And Mergern Acquisition": 247000.0,
        "Gain On Sale Of Security": -47000.0,
        "Net Non Operating Interest Income Expense": -1620000.0,
        "Interest Expense Non Operating": 1620000.0,
        "Operating Income": 2391000.0,
        "Operating Expense": 17422000.0,
        "Other Operating Expenses": -31000.0,
        "Selling General And Administration": 17453000.0,
        "General And Administrative Expense": 17453000.0,
        "Other Gand A": 17376000.0,
        "Rent And Landing Fees": 41000.0,
        "Salaries And Wages": 36000.0,
        "Gross Profit": 19813000.0,
        "Cost Of Revenue": 50694000.0,
        "Total Revenue": 70507000.0,
        "Operating Revenue": 70507000.0
    }
}