{
    "2023-03-31": {
        "Tax Effect Of Unusual Items": -385163.0,
        "Tax Rate For Calcs": 0.283,
        "Normalized EBITDA": NaN,
        "Total Unusual Items": -1361000.0,
        "Total Unusual Items Excluding Goodwill": -1361000.0,
        "Net Income From Continuing Operation Net Minority Interest": -7369000.0,
        "Reconciled Depreciation": NaN,
        "Reconciled Cost Of Revenue": 112645000.0,
        "EBITDA": NaN,
        "EBIT": 517000.0,
        "Net Interest Income": -11073000.0,
        "Interest Expense": 10790000.0,
        "Interest Income": 372000.0,
        "Normalized Income": -6393163.0,
        "Net Income From Continuing And Discontinued Operation": -7369000.0,
        "Total Expenses": 135988000.0,
        "Total Operating Income As Reported": 2814000.0,
        "Diluted Average Shares": NaN,
        "Basic Average Shares": NaN,
        "Diluted EPS": NaN,
        "Basic EPS": NaN,
        "Diluted NI Availto Com Stockholders": -7369000.0,
        "Net Income Common Stockholders": -7369000.0,
        "Net Income": -7369000.0,
        "Net Income Including Noncontrolling Interests": -7369000.0,
        "Net Income Continuous Operations": -7369000.0,
        "Tax Provision": -2904000.0,
        "Pretax Income": -10273000.0,
        "Other Income Expense": -2014000.0,
        "Other Non Operating Income Expenses": -653000.0,
        "Special Income Charges": 0.0,
        "Restructuring And Mergern Acquisition": 0.0,
        "Gain On Sale Of Security": -1361000.0,
        "Net Non Operating Interest Income Expense": -11073000.0,
        "Total Other Finance Cost": 655000.0,
        "Interest Expense Non Operating": 10790000.0,
        "Interest Income Non Operating": 372000.0,
        "Operating Income": 2814000.0,
        "Operating Expense": 23343000.0,
        "Research And Development": 1192000.0,
        "Selling General And Administration": 22151000.0,
        "Gross Profit": 26157000.0,
        "Cost Of Revenue": 112645000.0,
        "Total Revenue": 138802000.0,
        "Operating Revenue": 138802000.0
    },
    "2022-12-31": {
        "Tax Effect Of Unusual Items": 30351.616819,
        "Tax Rate For Calcs": 0.206474,
        "Normalized EBITDA": NaN,
        "Total Unusual Items": 147000.0,
        "Total Unusual Items Excluding Goodwill": 147000.0,
        "Net Income From Continuing Operation Net Minority Interest": 50331000.0,
        "Reconciled Depreciation": NaN,
        "Reconciled Cost Of Revenue": 163492000.0,
        "EBITDA": NaN,
        "EBIT": 74450000.0,
        "Net Interest Income": -10335000.0,
        "Interest Expense": 11023000.0,
        "Interest Income": 2283000.0,
        "Normalized Income": 50214351.616819,
        "Net Income From Continuing And Discontinued Operation": 50331000.0,
        "Total Expenses": 183631000.0,
        "Total Operating Income As Reported": 63888000.0,
        "Diluted Average Shares": NaN,
        "Basic Average Shares": NaN,
        "Diluted EPS": NaN,
        "Basic EPS": NaN,
        "Diluted NI Availto Com Stockholders": 50331000.0,
        "Net Income Common Stockholders": 50331000.0,
        "Net Income": 50331000.0,
        "Net Income Including Noncontrolling Interests": 50331000.0,
        "Net Income Continuous Operations": 50331000.0,
        "Tax Provision": 13096000.0,
        "Pretax Income": 63427000.0,
        "Other Income Expense": 9874000.0,
        "Other Non Operating Income Expenses": 9727000.0,
        "Special Income Charges": NaN,
        "Restructuring And Mergern Acquisition": NaN,
        "Gain On Sale Of Security": 147000.0,
        "Net Non Operating Interest Income Expense": -10335000.0,
        "Total Other Finance Cost": 1595000.0,
        "Interest Expense Non Operating": 11023000.0,
        "Interest Income Non Operating": 2283000.0,
        "Operating Income": 63888000.0,
        "Operating Expense": 20139000.0,
        "Research And Development": 1024000.0,
        "Selling General And Administration": 19115000.0,
        "Gross Profit": 84027000.0,
        "Cost Of Revenue": 163492000.0,
        "Total Revenue": 247519000.0,
        "Operating Revenue": 247519000.0
    },
    "2022-09-30": {
        "Tax Effect Of Unusual Items": 674706.0,
        "Tax Rate For Calcs": 0.139,
        "Normalized EBITDA": 127536000.0,
        "Total Unusual Items": 4854000.0,
        "Total Unusual Items Excluding Goodwill": 4854000.0,
        "Net Income From Continuing Operation Net Minority Interest": 93451000.0,
        "Reconciled Depreciation": 13262000.0,
        "Reconciled Cost Of Revenue": 170171000.0,
        "EBITDA": 132390000.0,
        "EBIT": 119128000.0,
        "Net Interest Income": -11037000.0,
        "Interest Expense": 10636000.0,
        "Interest Income": 241000.0,
        "Normalized Income": 89271706.0,
        "Net Income From Continuing And Discontinued Operation": 93451000.0,
        "Total Expenses": 189763000.0,
        "Total Operating Income As Reported": 114077000.0,
        "Diluted Average Shares": 256853454.0,
        "Basic Average Shares": 256848575.0,
        "Diluted EPS": 0.36,
        "Basic EPS": 0.36,
        "Diluted NI Availto Com Stockholders": 93451000.0,
        "Net Income Common Stockholders": 93451000.0,
        "Net Income": 93451000.0,
        "Net Income Including Noncontrolling Interests": 93451000.0,
        "Net Income Continuous Operations": 93451000.0,
        "Tax Provision": 15041000.0,
        "Pretax Income": 108492000.0,
        "Other Income Expense": 5452000.0,
        "Other Non Operating Income Expenses": 598000.0,
        "Gain On Sale Of Security": 4854000.0,
        "Net Non Operating Interest Income Expense": -11037000.0,
        "Total Other Finance Cost": 642000.0,
        "Interest Expense Non Operating": 10636000.0,
        "Interest Income Non Operating": 241000.0,
        "Operating Income": 114077000.0,
        "Operating Expense": 19592000.0,
        "Research And Development": 1014000.0,
        "Selling General And Administration": 18578000.0,
        "Gross Profit": 133669000.0,
        "Cost Of Revenue": 170171000.0,
        "Total Revenue": 303840000.0,
        "Operating Revenue": 303840000.0
    },
    "2022-06-30": {
        "Tax Effect Of Unusual Items": 439286.0,
        "Tax Rate For Calcs": 0.157,
        "Normalized EBITDA": 158898000.0,
        "Total Unusual Items": 2798000.0,
        "Total Unusual Items Excluding Goodwill": 2798000.0,
        "Net Income From Continuing Operation Net Minority Interest": 114997000.0,
        "Reconciled Depreciation": 14012000.0,
        "Reconciled Cost Of Revenue": 201496000.0,
        "EBITDA": 161696000.0,
        "EBIT": 147684000.0,
        "Net Interest Income": -10339000.0,
        "Interest Expense": 11265000.0,
        "Interest Income": 1858000.0,
        "Normalized Income": 112638286.0,
        "Net Income From Continuing And Discontinued Operation": 114997000.0,
        "Total Expenses": 220249000.0,
        "Total Operating Income As Reported": 143397000.0,
        "Diluted Average Shares": 258845588.0,
        "Basic Average Shares": 258845588.0,
        "Diluted EPS": 0.44,
        "Basic EPS": 0.44,
        "Diluted NI Availto Com Stockholders": 114997000.0,
        "Net Income Common Stockholders": 114997000.0,
        "Net Income": 114997000.0,
        "Net Income Including Noncontrolling Interests": 114997000.0,
        "Net Income Continuous Operations": 114997000.0,
        "Tax Provision": 21422000.0,
        "Pretax Income": 136419000.0,
        "Other Income Expense": 3361000.0,
        "Other Non Operating Income Expenses": 563000.0,
        "Gain On Sale Of Security": 2798000.0,
        "Net Non Operating Interest Income Expense": -10339000.0,
        "Total Other Finance Cost": 932000.0,
        "Interest Expense Non Operating": 11265000.0,
        "Interest Income Non Operating": 1858000.0,
        "Operating Income": 143397000.0,
        "Operating Expense": 18753000.0,
        "Research And Development": 723000.0,
        "Selling General And Administration": 18030000.0,
        "Gross Profit": 162150000.0,
        "Cost Of Revenue": 201496000.0,
        "Total Revenue": 363646000.0,
        "Operating Revenue": 363646000.0
    },
    "2022-03-31": {
        "Diluted EPS": 0.47,
        "Total Revenue": 366,
        "Gross Profit": 175,
        "Operating Income": 153,
        "EBIT": 167,
        "Net Income": 124
    },
    "2021-12-31": {
        "Diluted EPS": 0.53,
        "Total Revenue": 363,
        "Gross Profit": 181,
        "Operating Income": 162,
        "EBIT": 179,
        "Net Income": 141
    },
    "2021-09-30": {
        "Diluted EPS": 0.45,
        "Total Revenue": 347,
        "Gross Profit": 177,
        "Operating Income": 157,
        "EBIT": 173,
        "Net Income": 120
    },
    "2021-06-30": {
        "Diluted EPS": 0.11,
        "Total Revenue": 331,
        "Gross Profit": 129,
        "Operating Income": 52,
        "EBIT": 68,
        "Net Income": 28
    },
    "2021-03-31": {
        "Diluted EPS": 0.37,
        "Total Revenue": 304,
        "Gross Profit": 158,
        "Operating Income": 137,
        "EBIT": 153,
        "Net Income": 99
    },
    "2020-12-31": {
        "Diluted EPS": 0.47,
        "Total Revenue": 338,
        "Gross Profit": 176,
        "Operating Income": 156,
        "EBIT": 174,
        "Net Income": 125
    },
    "2020-09-30": {
        "Diluted EPS": 0.35,
        "Total Revenue": 287,
        "Gross Profit": 155,
        "Operating Income": 135,
        "EBIT": 152,
        "Net Income": 94
    },
    "2020-06-30": {
        "Diluted EPS": 0.35,
        "Total Revenue": 281,
        "Gross Profit": 150,
        "Operating Income": 133,
        "EBIT": 148,
        "Net Income": 93
    },
    "2020-03-31": {
        "Diluted EPS": 0.45,
        "Total Revenue": 319,
        "Gross Profit": 180,
        "Operating Income": 164,
        "EBIT": 178,
        "Net Income": 122
    },
    "2019-12-31": {
        "Diluted EPS": 0.61,
        "Total Revenue": 415,
        "Gross Profit": 235,
        "Operating Income": 217,
        "EBIT": 233,
        "Net Income": 175
    },
    "2019-09-30": {
        "Diluted EPS": 0.61,
        "Total Revenue": 421,
        "Gross Profit": 242,
        "Operating Income": 226,
        "EBIT": 241,
        "Net Income": 176
    },
    "2019-06-30": {
        "Diluted EPS": 0.68,
        "Total Revenue": 480,
        "Gross Profit": 283,
        "Operating Income": 267,
        "EBIT": 283,
        "Net Income": 196
    },
    "2019-03-31": {
        "Diluted EPS": 0.68,
        "Total Revenue": 475,
        "Gross Profit": 279,
        "Operating Income": 264,
        "EBIT": 279,
        "Net Income": 197
    },
    "2018-12-31": {
        "Diluted EPS": 0.79,
        "Total Revenue": 533,
        "Gross Profit": 318,
        "Operating Income": 302,
        "EBIT": 321,
        "Net Income": 230
    },
    "2018-09-30": {
        "Diluted EPS": 0.67,
        "Total Revenue": 455,
        "Gross Profit": 275,
        "Operating Income": 260,
        "EBIT": 276,
        "Net Income": 199
    },
    "2018-06-30": {
        "Diluted EPS": 0.67,
        "Total Revenue": 456,
        "Gross Profit": 290,
        "Operating Income": 274,
        "EBIT": 289,
        "Net Income": 201
    },
    "2018-03-31": {
        "Diluted EPS": 0.74,
        "Total Revenue": 452,
        "Gross Profit": 307,
        "Operating Income": 290,
        "EBIT": 307,
        "Net Income": 224
    },
    "2017-12-31": {
        "Diluted EPS": 0.19,
        "Total Revenue": 192,
        "Gross Profit": 60,
        "Operating Income": 44,
        "EBIT": 59,
        "Net Income": 56
    },
    "2017-09-30": {
        "Diluted EPS": -0.01,
        "Total Revenue": 137,
        "Gross Profit": 17,
        "Operating Income": 2,
        "EBIT": 20,
        "Net Income": -4
    },
    "2017-06-30": {
        "Diluted EPS": -0.06,
        "Total Revenue": 116,
        "Gross Profit": 10,
        "Operating Income": -3,
        "EBIT": 13,
        "Net Income": -17
    },
    "2017-03-31": {
        "Diluted EPS": -0.09,
        "Total Revenue": 105,
        "Gross Profit": 1,
        "Operating Income": -11,
        "EBIT": 6,
        "Net Income": -26
    },
    "2016-12-31": {
        "Diluted EPS": 0.0,
        "Total Revenue": 115,
        "Gross Profit": -2,
        "Operating Income": -24,
        "EBIT": -4,
        "Net Income": -48
    },
    "2016-09-30": {
        "Diluted EPS": 0.0,
        "Total Revenue": 112,
        "Gross Profit": -7,
        "Operating Income": -20,
        "EBIT": 0,
        "Net Income": -23
    },
    "2016-06-30": {
        "Diluted EPS": 0.0,
        "Total Revenue": 115,
        "Gross Profit": -8,
        "Operating Income": -23,
        "EBIT": 1,
        "Net Income": -128
    },
    "2016-03-31": {
        "Diluted EPS": 0.0,
        "Total Revenue": 96,
        "Gross Profit": -13,
        "Operating Income": -27,
        "EBIT": -8,
        "Net Income": -36
    },
    "2015-12-31": {
        "Diluted EPS": 0.0,
        "Total Revenue": 74,
        "Gross Profit": 1,
        "Operating Income": -7,
        "EBIT": 11,
        "Net Income": -26
    },
    "2015-09-30": {
        "Diluted EPS": 0.0,
        "Total Revenue": 126,
        "Gross Profit": 11,
        "Operating Income": -21,
        "EBIT": -5,
        "Net Income": -50
    },
    "2015-06-30": {
        "Diluted EPS": 0.0,
        "Total Revenue": 126,
        "Gross Profit": 14,
        "Operating Income": -7,
        "EBIT": 12,
        "Net Income": -23
    },
    "2015-03-31": {
        "Diluted EPS": 0.0,
        "Total Revenue": 207,
        "Gross Profit": 21,
        "Operating Income": -46,
        "EBIT": -25,
        "Net Income": -56
    },
    "2014-12-31": {
        "Diluted EPS": -0.62,
        "Total Revenue": 0,
        "Gross Profit": 7,
        "Operating Income": 50,
        "EBIT": 76,
        "Net Income": -83
    },
    "2014-09-30": {
        "Diluted EPS": -0.26,
        "Total Revenue": 260,
        "Gross Profit": 18,
        "Operating Income": -23,
        "EBIT": 4,
        "Net Income": -35
    },
    "2014-06-30": {
        "Diluted EPS": -1.14,
        "Total Revenue": 284,
        "Gross Profit": 18,
        "Operating Income": -139,
        "EBIT": -113,
        "Net Income": -155
    },
    "2014-03-31": {
        "Diluted EPS": -0.08,
        "Total Revenue": 281,
        "Gross Profit": 26,
        "Operating Income": -7,
        "EBIT": 33,
        "Net Income": -12
    },
    "2013-12-31": {
        "Diluted EPS": -0.2,
        "Total Revenue": 309,
        "Gross Profit": 5,
        "Operating Income": -26,
        "EBIT": 26,
        "Net Income": -28
    },
    "2013-09-30": {
        "Diluted EPS": -0.06,
        "Total Revenue": 303,
        "Gross Profit": 37,
        "Operating Income": -9,
        "EBIT": 18,
        "Net Income": -8
    },
    "2013-06-30": {
        "Diluted EPS": 0.03,
        "Total Revenue": 301,
        "Gross Profit": 49,
        "Operating Income": 16,
        "EBIT": 40,
        "Net Income": 4
    },
    "2013-03-31": {
        "Diluted EPS": 0.03,
        "Total Revenue": 254,
        "Gross Profit": 49,
        "Operating Income": 16,
        "EBIT": 36,
        "Net Income": 4
    },
    "2012-12-31": {
        "Diluted EPS": 0.21,
        "Total Revenue": 371,
        "Gross Profit": 85,
        "Operating Income": 42,
        "EBIT": 66,
        "Net Income": 29
    },
    "2012-09-30": {
        "Diluted EPS": 0.22,
        "Total Revenue": 321,
        "Gross Profit": 80,
        "Operating Income": 44,
        "EBIT": 65,
        "Net Income": 30
    },
    "2012-06-30": {
        "Diluted EPS": 0.29,
        "Total Revenue": 316,
        "Gross Profit": 84,
        "Operating Income": 47,
        "EBIT": 67,
        "Net Income": 42
    },
    "2012-03-31": {
        "Diluted EPS": 0.12,
        "Total Revenue": 241,
        "Gross Profit": 67,
        "Operating Income": 24,
        "EBIT": 40,
        "Net Income": 18
    },
    "2011-12-31": {
        "Diluted EPS": 0.38,
        "Total Revenue": 348,
        "Gross Profit": 84,
        "Operating Income": 31,
        "EBIT": 53,
        "Net Income": 57
    },
    "2011-09-30": {
        "Diluted EPS": 0.28,
        "Total Revenue": 346,
        "Gross Profit": 93,
        "Operating Income": 57,
        "EBIT": 78,
        "Net Income": 40
    },
    "2011-06-30": {
        "Diluted EPS": 0.2,
        "Total Revenue": 320,
        "Gross Profit": 75,
        "Operating Income": 40,
        "EBIT": 60,
        "Net Income": 29
    },
    "2011-03-31": {
        "Diluted EPS": 0.19,
        "Total Revenue": 306,
        "Gross Profit": 73,
        "Operating Income": 38,
        "EBIT": 57,
        "Net Income": 27
    },
    "2010-12-31": {
        "Diluted EPS": 0.57,
        "Total Revenue": 281,
        "Gross Profit": 68,
        "Operating Income": 30,
        "EBIT": 44,
        "Net Income": 73
    },
    "2010-09-30": {
        "Diluted EPS": 0.21,
        "Total Revenue": 255,
        "Gross Profit": 76,
        "Operating Income": 42,
        "EBIT": 53,
        "Net Income": 26
    },
    "2010-06-30": {
        "Diluted EPS": 0.34,
        "Total Revenue": 255,
        "Gross Profit": 76,
        "Operating Income": 41,
        "EBIT": 49,
        "Net Income": 41
    },
    "2010-03-31": {
        "Diluted EPS": 0.29,
        "Total Revenue": 216,
        "Gross Profit": 69,
        "Operating Income": 45,
        "EBIT": 55,
        "Net Income": 35
    },
    "2009-12-31": {
        "Diluted EPS": 0.31,
        "Total Revenue": 202,
        "Gross Profit": 65,
        "Operating Income": 47,
        "EBIT": 56,
        "Net Income": 37
    },
    "2009-09-30": {
        "Diluted EPS": 0.06,
        "Total Revenue": 165,
        "Gross Profit": 47,
        "Operating Income": 25,
        "EBIT": 33,
        "Net Income": 7
    },
    "2009-06-30": {
        "Diluted EPS": -0.31,
        "Total Revenue": 158,
        "Gross Profit": 46,
        "Operating Income": 19,
        "EBIT": 28,
        "Net Income": -37
    },
    "2009-03-31": {
        "Diluted EPS": 0.07,
        "Total Revenue": 134,
        "Gross Profit": 32,
        "Operating Income": 8,
        "EBIT": 16,
        "Net Income": 8
    },
    "2023-06-30": {
        "Tax Effect Of Unusual Items": 254940.0,
        "Tax Rate For Calcs": 0.21,
        "Normalized EBITDA": NaN,
        "Total Unusual Items": 1214000.0,
        "Total Unusual Items Excluding Goodwill": 1214000.0,
        "Net Income From Continuing Operation Net Minority Interest": -7851000.0,
        "Reconciled Depreciation": NaN,
        "Reconciled Cost Of Revenue": 157216000.0,
        "EBITDA": NaN,
        "EBIT": 7111000.0,
        "Net Interest Income": -14879000.0,
        "Interest Expense": 12633000.0,
        "Interest Income": 242000.0,
        "Normalized Income": -8810060.0,
        "Net Income From Continuing And Discontinued Operation": -7851000.0,
        "Total Expenses": 176963000.0,
        "Total Operating Income As Reported": 8598000.0,
        "Diluted Average Shares": NaN,
        "Basic Average Shares": NaN,
        "Diluted EPS": NaN,
        "Basic EPS": NaN,
        "Diluted NI Availto Com Stockholders": -7851000.0,
        "Net Income Common Stockholders": -7851000.0,
        "Net Income": -7851000.0,
        "Net Income Including Noncontrolling Interests": -7851000.0,
        "Net Income Continuous Operations": -7851000.0,
        "Tax Provision": 2329000.0,
        "Pretax Income": -5522000.0,
        "Other Income Expense": 759000.0,
        "Other Non Operating Income Expenses": -455000.0,
        "Special Income Charges": 0.0,
        "Restructuring And Mergern Acquisition": 0.0,
        "Gain On Sale Of Security": 1214000.0,
        "Net Non Operating Interest Income Expense": -14879000.0,
        "Total Other Finance Cost": 2488000.0,
        "Interest Expense Non Operating": 12633000.0,
        "Interest Income Non Operating": 242000.0,
        "Operating Income": 8598000.0,
        "Operating Expense": 19747000.0,
        "Research And Development": 1196000.0,
        "Selling General And Administration": 18551000.0,
        "Gross Profit": 28345000.0,
        "Cost Of Revenue": 157216000.0,
        "Total Revenue": 185561000.0,
        "Operating Revenue": 185561000.0
    },
    "2023-09-30": {
        "Tax Effect Of Unusual Items": 842712.0,
        "Tax Rate For Calcs": 0.312,
        "Normalized EBITDA": NaN,
        "Total Unusual Items": 2701000.0,
        "Total Unusual Items Excluding Goodwill": 2701000.0,
        "Net Income From Continuing Operation Net Minority Interest": -22621000.0,
        "Reconciled Depreciation": NaN,
        "Reconciled Cost Of Revenue": 157603000.0,
        "EBITDA": NaN,
        "EBIT": -15185000.0,
        "Net Interest Income": -17276000.0,
        "Interest Expense": 17680000.0,
        "Interest Income": 1144000.0,
        "Normalized Income": -24479288.0,
        "Net Income From Continuing And Discontinued Operation": -22621000.0,
        "Total Expenses": 177129000.0,
        "Total Operating Income As Reported": -18137000.0,
        "Diluted Average Shares": 257090113.0,
        "Basic Average Shares": 257090113.0,
        "Diluted EPS": -0.09,
        "Basic EPS": -0.09,
        "Diluted NI Availto Com Stockholders": -22621000.0,
        "Net Income Common Stockholders": -22621000.0,
        "Net Income": -22621000.0,
        "Net Income Including Noncontrolling Interests": -22621000.0,
        "Net Income Continuous Operations": -22621000.0,
        "Tax Provision": -10244000.0,
        "Pretax Income": -32865000.0,
        "Other Income Expense": 2548000.0,
        "Other Non Operating Income Expenses": -153000.0,
        "Special Income Charges": 0.0,
        "Restructuring And Mergern Acquisition": 0.0,
        "Gain On Sale Of Security": 2701000.0,
        "Net Non Operating Interest Income Expense": -17276000.0,
        "Total Other Finance Cost": 740000.0,
        "Interest Expense Non Operating": 17680000.0,
        "Interest Income Non Operating": 1144000.0,
        "Operating Income": -18137000.0,
        "Operating Expense": 19526000.0,
        "Research And Development": 1295000.0,
        "Selling General And Administration": 18231000.0,
        "Gross Profit": 1389000.0,
        "Cost Of Revenue": 157603000.0,
        "Total Revenue": 158992000.0,
        "Operating Revenue": 158992000.0
    },
    "2023-12-31": {
        "Tax Effect Of Unusual Items": NaN,
        "Tax Rate For Calcs": NaN,
        "Normalized EBITDA": -25244000.0,
        "Total Unusual Items": NaN,
        "Total Unusual Items Excluding Goodwill": NaN,
        "Net Income From Continuing Operation Net Minority Interest": NaN,
        "Reconciled Depreciation": 13836000.0,
        "Reconciled Cost Of Revenue": NaN,
        "EBITDA": -193628000.0,
        "EBIT": NaN,
        "Net Interest Income": NaN,
        "Interest Expense": NaN,
        "Interest Income": NaN,
        "Normalized Income": NaN,
        "Net Income From Continuing And Discontinued Operation": NaN,
        "Total Expenses": NaN,
        "Total Operating Income As Reported": NaN,
        "Diluted Average Shares": 257205583.0,
        "Basic Average Shares": 257205583.0,
        "Diluted EPS": -0.85,
        "Basic EPS": -0.85,
        "Diluted NI Availto Com Stockholders": NaN,
        "Net Income Common Stockholders": NaN,
        "Net Income": NaN,
        "Net Income Including Noncontrolling Interests": NaN,
        "Net Income Continuous Operations": NaN,
        "Tax Provision": NaN,
        "Pretax Income": NaN,
        "Other Income Expense": NaN,
        "Other Non Operating Income Expenses": NaN,
        "Special Income Charges": NaN,
        "Restructuring And Mergern Acquisition": NaN,
        "Gain On Sale Of Security": NaN,
        "Net Non Operating Interest Income Expense": NaN,
        "Total Other Finance Cost": NaN,
        "Interest Expense Non Operating": NaN,
        "Interest Income Non Operating": NaN,
        "Operating Income": NaN,
        "Operating Expense": NaN,
        "Research And Development": NaN,
        "Selling General And Administration": NaN,
        "Gross Profit": NaN,
        "Cost Of Revenue": NaN,
        "Total Revenue": NaN,
        "Operating Revenue": NaN
    },
    "2024-03-31": {
        "Tax Effect Of Unusual Items": NaN,
        "Tax Rate For Calcs": NaN,
        "Normalized EBITDA": NaN,
        "Total Unusual Items": NaN,
        "Total Unusual Items Excluding Goodwill": NaN,
        "Net Income From Continuing Operation Net Minority Interest": NaN,
        "Reconciled Depreciation": NaN,
        "Reconciled Cost Of Revenue": NaN,
        "EBITDA": NaN,
        "EBIT": NaN,
        "Net Interest Income": NaN,
        "Interest Expense": NaN,
        "Interest Income": NaN,
        "Normalized Income": NaN,
        "Net Income From Continuing And Discontinued Operation": NaN,
        "Total Expenses": NaN,
        "Total Operating Income As Reported": NaN,
        "Diluted Average Shares": NaN,
        "Basic Average Shares": NaN,
        "Diluted EPS": NaN,
        "Basic EPS": NaN,
        "Diluted NI Availto Com Stockholders": NaN,
        "Net Income Common Stockholders": NaN,
        "Net Income": NaN,
        "Net Income Including Noncontrolling Interests": NaN,
        "Net Income Continuous Operations": NaN,
        "Tax Provision": NaN,
        "Pretax Income": NaN,
        "Other Income Expense": NaN,
        "Other Non Operating Income Expenses": NaN,
        "Special Income Charges": NaN,
        "Other Special Charges": NaN,
        "Restructuring And Mergern Acquisition": NaN,
        "Gain On Sale Of Security": 2737000.0,
        "Net Non Operating Interest Income Expense": NaN,
        "Total Other Finance Cost": NaN,
        "Interest Expense Non Operating": NaN,
        "Interest Income Non Operating": NaN,
        "Operating Income": NaN,
        "Operating Expense": NaN,
        "Research And Development": NaN,
        "Selling General And Administration": NaN,
        "Gross Profit": NaN,
        "Cost Of Revenue": NaN,
        "Total Revenue": NaN,
        "Operating Revenue": NaN
    },
    "2024-06-30": {
        "Tax Effect Of Unusual Items": 102666.319082,
        "Tax Rate For Calcs": 0.038582,
        "Normalized EBITDA": 13945000.0,
        "Total Unusual Items": 2661000.0,
        "Total Unusual Items Excluding Goodwill": 2661000.0,
        "Net Income From Continuing Operation Net Minority Interest": -14752000.0,
        "Reconciled Depreciation": 14319000.0,
        "Reconciled Cost Of Revenue": 133351000.0,
        "EBITDA": 16606000.0,
        "EBIT": 2287000.0,
        "Net Interest Income": -16527000.0,
        "Interest Expense": 17631000.0,
        "Interest Income": 1853000.0,
        "Normalized Income": -17310333.680918,
        "Net Income From Continuing And Discontinued Operation": -14752000.0,
        "Total Expenses": 139896000.0,
        "Total Operating Income As Reported": -2679000.0,
        "Diluted Average Shares": 257772069.0,
        "Basic Average Shares": 257772069.0,
        "Diluted EPS": -0.06,
        "Basic EPS": -0.06,
        "Diluted NI Availto Com Stockholders": -14752000.0,
        "Net Income Common Stockholders": -14752000.0,
        "Net Income": -14752000.0,
        "Net Income Including Noncontrolling Interests": -14752000.0,
        "Net Income Continuous Operations": -14752000.0,
        "Tax Provision": -592000.0,
        "Pretax Income": -15344000.0,
        "Other Income Expense": 3752000.0,
        "Other Non Operating Income Expenses": 1091000.0,
        "Special Income Charges": -110000.0,
        "Other Special Charges": NaN,
        "Restructuring And Mergern Acquisition": 110000.0,
        "Gain On Sale Of Security": 2771000.0,
        "Net Non Operating Interest Income Expense": -16527000.0,
        "Total Other Finance Cost": 749000.0,
        "Interest Expense Non Operating": 17631000.0,
        "Interest Income Non Operating": 1853000.0,
        "Operating Income": -2569000.0,
        "Operating Expense": 6545000.0,
        "Research And Development": 1447000.0,
        "Selling General And Administration": 5098000.0,
        "Gross Profit": 3976000.0,
        "Cost Of Revenue": 133351000.0,
        "Total Revenue": 137327000.0,
        "Operating Revenue": 137327000.0
    },
    "2024-09-30": {
        "Tax Effect Of Unusual Items": 254775.0,
        "Tax Rate For Calcs": 0.129,
        "Normalized EBITDA": -7810000.0,
        "Total Unusual Items": 1975000.0,
        "Total Unusual Items Excluding Goodwill": 1975000.0,
        "Net Income From Continuing Operation Net Minority Interest": -36068000.0,
        "Reconciled Depreciation": 17933000.0,
        "Reconciled Cost Of Revenue": 142728000.0,
        "EBITDA": -5835000.0,
        "EBIT": -23768000.0,
        "Net Interest Income": -17281000.0,
        "Interest Expense": 17632000.0,
        "Interest Income": 1098000.0,
        "Normalized Income": -37788225.0,
        "Net Income From Continuing And Discontinued Operation": -36068000.0,
        "Total Expenses": 157033000.0,
        "Total Operating Income As Reported": -26280000.0,
        "Diluted Average Shares": 257694799.0,
        "Basic Average Shares": 257694799.0,
        "Diluted EPS": -0.14,
        "Basic EPS": -0.14,
        "Diluted NI Availto Com Stockholders": -36068000.0,
        "Net Income Common Stockholders": -36068000.0,
        "Net Income": -36068000.0,
        "Net Income Including Noncontrolling Interests": -36068000.0,
        "Net Income Continuous Operations": -36068000.0,
        "Tax Provision": -5332000.0,
        "Pretax Income": -41400000.0,
        "Other Income Expense": 2260000.0,
        "Other Non Operating Income Expenses": 285000.0,
        "Special Income Charges": 99000.0,
        "Other Special Charges": NaN,
        "Restructuring And Mergern Acquisition": -99000.0,
        "Gain On Sale Of Security": 1876000.0,
        "Net Non Operating Interest Income Expense": -17281000.0,
        "Total Other Finance Cost": 747000.0,
        "Interest Expense Non Operating": 17632000.0,
        "Interest Income Non Operating": 1098000.0,
        "Operating Income": -26379000.0,
        "Operating Expense": 14305000.0,
        "Research And Development": 1245000.0,
        "Selling General And Administration": 13060000.0,
        "Gross Profit": -12074000.0,
        "Cost Of Revenue": 142728000.0,
        "Total Revenue": 130654000.0,
        "Operating Revenue": 130654000.0
    },
    "2024-12-31": {
        "Tax Effect Of Unusual Items": -3200617.339799,
        "Tax Rate For Calcs": 0.19491,
        "Normalized EBITDA": -10667000.0,
        "Total Unusual Items": -16421000.0,
        "Total Unusual Items Excluding Goodwill": -16421000.0,
        "Net Income From Continuing Operation Net Minority Interest": -49476000.0,
        "Reconciled Depreciation": 16110000.0,
        "Reconciled Cost Of Revenue": 144660000.0,
        "EBITDA": -27088000.0,
        "EBIT": -43198000.0,
        "Net Interest Income": -18762000.0,
        "Interest Expense": 18256000.0,
        "Interest Income": 1226000.0,
        "Normalized Income": -36255617.339799,
        "Net Income From Continuing And Discontinued Operation": -49476000.0,
        "Total Expenses": 159122000.0,
        "Total Operating Income As Reported": -24905000.0,
        "Diluted Average Shares": 257967374.0,
        "Basic Average Shares": 257967374.0,
        "Diluted EPS": -0.19,
        "Basic EPS": -0.19,
        "Diluted NI Availto Com Stockholders": -49476000.0,
        "Net Income Common Stockholders": -49476000.0,
        "Net Income": -49476000.0,
        "Net Income Including Noncontrolling Interests": -49476000.0,
        "Net Income Continuous Operations": -49476000.0,
        "Tax Provision": -11978000.0,
        "Pretax Income": -61454000.0,
        "Other Income Expense": -17787000.0,
        "Other Non Operating Income Expenses": -1366000.0,
        "Special Income Charges": -18370000.0,
        "Other Special Charges": NaN,
        "Restructuring And Mergern Acquisition": 0.0,
        "Gain On Sale Of Security": 1949000.0,
        "Net Non Operating Interest Income Expense": -18762000.0,
        "Total Other Finance Cost": 1732000.0,
        "Interest Expense Non Operating": 18256000.0,
        "Interest Income Non Operating": 1226000.0,
        "Operating Income": -24905000.0,
        "Operating Expense": 14462000.0,
        "Research And Development": 1387000.0,
        "Selling General And Administration": 13075000.0,
        "Gross Profit": -10443000.0,
        "Cost Of Revenue": 144660000.0,
        "Total Revenue": 134217000.0,
        "Operating Revenue": 134217000.0
    },
    "2025-03-31": {
        "Tax Effect Of Unusual Items": -830955.0,
        "Tax Rate For Calcs": 0.155,
        "Normalized EBITDA": -3620000.0,
        "Total Unusual Items": -5361000.0,
        "Total Unusual Items Excluding Goodwill": -5361000.0,
        "Net Income From Continuing Operation Net Minority Interest": -39351000.0,
        "Reconciled Depreciation": 13783000.0,
        "Reconciled Cost Of Revenue": 113548000.0,
        "EBITDA": -8981000.0,
        "EBIT": -22764000.0,
        "Net Interest Income": -22545000.0,
        "Interest Expense": 23799000.0,
        "Interest Income": 1935000.0,
        "Normalized Income": -34820955.0,
        "Net Income From Continuing And Discontinued Operation": -39351000.0,
        "Total Expenses": 130049000.0,
        "Total Operating Income As Reported": -18210000.0,
        "Diluted Average Shares": 258369101.0,
        "Basic Average Shares": 258369101.0,
        "Diluted EPS": -0.15,
        "Basic EPS": -0.15,
        "Diluted NI Availto Com Stockholders": -39351000.0,
        "Net Income Common Stockholders": -39351000.0,
        "Net Income": -39351000.0,
        "Net Income Including Noncontrolling Interests": -39351000.0,
        "Net Income Continuous Operations": -39351000.0,
        "Tax Provision": -7212000.0,
        "Pretax Income": -46563000.0,
        "Other Income Expense": -5808000.0,
        "Other Non Operating Income Expenses": -447000.0,
        "Special Income Charges": 0.0,
        "Other Special Charges": NaN,
        "Restructuring And Mergern Acquisition": 0.0,
        "Gain On Sale Of Security": -5361000.0,
        "Net Non Operating Interest Income Expense": -22545000.0,
        "Total Other Finance Cost": 681000.0,
        "Interest Expense Non Operating": 23799000.0,
        "Interest Income Non Operating": 1935000.0,
        "Operating Income": -18210000.0,
        "Operating Expense": 16501000.0,
        "Research And Development": 1879000.0,
        "Selling General And Administration": 14622000.0,
        "Gross Profit": -1709000.0,
        "Cost Of Revenue": 113548000.0,
        "Total Revenue": 111839000.0,
        "Operating Revenue": 111839000.0
    },
    "2025-06-30": {
        "Tax Effect Of Unusual Items": -195510.0,
        "Tax Rate For Calcs": 0.21,
        "Normalized EBITDA": 4613000.0,
        "Total Unusual Items": -931000.0,
        "Total Unusual Items Excluding Goodwill": -931000.0,
        "Net Income From Continuing Operation Net Minority Interest": -86886000.0,
        "Reconciled Depreciation": 15562000.0,
        "Reconciled Cost Of Revenue": 131778000.0,
        "EBITDA": 3682000.0,
        "EBIT": -11880000.0,
        "Net Interest Income": -22621000.0,
        "Interest Expense": 23799000.0,
        "Interest Income": 1866000.0,
        "Normalized Income": -86150510.0,
        "Net Income From Continuing And Discontinued Operation": -86886000.0,
        "Total Expenses": 146393000.0,
        "Total Operating Income As Reported": -14553000.0,
        "Diluted Average Shares": 259183478.0,
        "Basic Average Shares": 259183478.0,
        "Diluted EPS": -0.34,
        "Basic EPS": -0.34,
        "Diluted NI Availto Com Stockholders": -86886000.0,
        "Net Income Common Stockholders": -86886000.0,
        "Net Income": -86886000.0,
        "Net Income Including Noncontrolling Interests": -86886000.0,
        "Net Income Continuous Operations": -86886000.0,
        "Tax Provision": 51207000.0,
        "Pretax Income": -35679000.0,
        "Other Income Expense": 1495000.0,
        "Other Non Operating Income Expenses": 2426000.0,
        "Special Income Charges": -931000.0,
        "Other Special Charges": 931000.0,
        "Restructuring And Mergern Acquisition": 0.0,
        "Gain On Sale Of Security": NaN,
        "Net Non Operating Interest Income Expense": -22621000.0,
        "Total Other Finance Cost": 688000.0,
        "Interest Expense Non Operating": 23799000.0,
        "Interest Income Non Operating": 1866000.0,
        "Operating Income": -14553000.0,
        "Operating Expense": 14615000.0,
        "Research And Development": 1348000.0,
        "Selling General And Administration": 13267000.0,
        "Gross Profit": 62000.0,
        "Cost Of Revenue": 131778000.0,
        "Total Revenue": 131840000.0,
        "Operating Revenue": 131840000.0
    }
}