{
    "2023-03-31": {
        "Tax Effect Of Unusual Items": NaN,
        "Tax Rate For Calcs": NaN,
        "Normalized EBITDA": NaN,
        "Total Unusual Items": NaN,
        "Total Unusual Items Excluding Goodwill": NaN,
        "Net Income From Continuing Operation Net Minority Interest": NaN,
        "Reconciled Depreciation": NaN,
        "Reconciled Cost Of Revenue": NaN,
        "EBITDA": NaN,
        "EBIT": NaN,
        "Net Interest Income": NaN,
        "Interest Expense": NaN,
        "Normalized Income": NaN,
        "Net Income From Continuing And Discontinued Operation": NaN,
        "Total Expenses": NaN,
        "Total Operating Income As Reported": NaN,
        "Diluted Average Shares": NaN,
        "Basic Average Shares": NaN,
        "Diluted EPS": NaN,
        "Basic EPS": NaN,
        "Diluted NI Availto Com Stockholders": NaN,
        "Net Income Common Stockholders": NaN,
        "Net Income": NaN,
        "Net Income Including Noncontrolling Interests": NaN,
        "Net Income Continuous Operations": NaN,
        "Tax Provision": NaN,
        "Pretax Income": NaN,
        "Other Income Expense": NaN,
        "Other Non Operating Income Expenses": NaN,
        "Special Income Charges": NaN,
        "Gain On Sale Of Business": -1800000.0,
        "Other Special Charges": NaN,
        "Write Off": NaN,
        "Impairment Of Capital Assets": 1800000.0,
        "Restructuring And Mergern Acquisition": 1000000.0,
        "Net Non Operating Interest Income Expense": NaN,
        "Interest Expense Non Operating": NaN,
        "Operating Income": NaN,
        "Operating Expense": NaN,
        "Other Operating Expenses": NaN,
        "Depreciation Amortization Depletion Income Statement": NaN,
        "Depreciation And Amortization In Income Statement": NaN,
        "Selling General And Administration": NaN,
        "General And Administrative Expense": NaN,
        "Other Gand A": NaN,
        "Gross Profit": NaN,
        "Cost Of Revenue": NaN,
        "Total Revenue": NaN,
        "Operating Revenue": NaN
    },
    "2022-12-31": {
        "Tax Effect Of Unusual Items": NaN,
        "Tax Rate For Calcs": NaN,
        "Normalized EBITDA": NaN,
        "Total Unusual Items": NaN,
        "Total Unusual Items Excluding Goodwill": NaN,
        "Net Income From Continuing Operation Net Minority Interest": NaN,
        "Reconciled Depreciation": NaN,
        "Reconciled Cost Of Revenue": NaN,
        "EBITDA": NaN,
        "EBIT": NaN,
        "Net Interest Income": NaN,
        "Interest Expense": NaN,
        "Normalized Income": NaN,
        "Net Income From Continuing And Discontinued Operation": NaN,
        "Total Expenses": NaN,
        "Total Operating Income As Reported": NaN,
        "Diluted Average Shares": NaN,
        "Basic Average Shares": NaN,
        "Diluted EPS": NaN,
        "Basic EPS": NaN,
        "Diluted NI Availto Com Stockholders": NaN,
        "Net Income Common Stockholders": NaN,
        "Net Income": NaN,
        "Net Income Including Noncontrolling Interests": NaN,
        "Net Income Continuous Operations": NaN,
        "Tax Provision": NaN,
        "Pretax Income": NaN,
        "Other Income Expense": NaN,
        "Other Non Operating Income Expenses": NaN,
        "Special Income Charges": NaN,
        "Gain On Sale Of Business": 0.0,
        "Other Special Charges": NaN,
        "Write Off": NaN,
        "Impairment Of Capital Assets": 3300000.0,
        "Restructuring And Mergern Acquisition": 2400000.0,
        "Net Non Operating Interest Income Expense": NaN,
        "Interest Expense Non Operating": NaN,
        "Operating Income": NaN,
        "Operating Expense": NaN,
        "Other Operating Expenses": 2600000.0,
        "Depreciation Amortization Depletion Income Statement": NaN,
        "Depreciation And Amortization In Income Statement": NaN,
        "Selling General And Administration": NaN,
        "General And Administrative Expense": NaN,
        "Other Gand A": NaN,
        "Gross Profit": NaN,
        "Cost Of Revenue": NaN,
        "Total Revenue": NaN,
        "Operating Revenue": NaN
    },
    "2022-09-30": {
        "Tax Effect Of Unusual Items": NaN,
        "Tax Rate For Calcs": NaN,
        "Normalized EBITDA": NaN,
        "Total Unusual Items": NaN,
        "Total Unusual Items Excluding Goodwill": NaN,
        "Net Income From Continuing Operation Net Minority Interest": NaN,
        "Reconciled Depreciation": NaN,
        "Reconciled Cost Of Revenue": NaN,
        "EBITDA": NaN,
        "EBIT": NaN,
        "Net Interest Income": NaN,
        "Interest Expense": NaN,
        "Normalized Income": NaN,
        "Net Income From Continuing And Discontinued Operation": NaN,
        "Total Expenses": NaN,
        "Total Operating Income As Reported": NaN,
        "Diluted Average Shares": NaN,
        "Basic Average Shares": NaN,
        "Diluted EPS": NaN,
        "Basic EPS": NaN,
        "Diluted NI Availto Com Stockholders": NaN,
        "Net Income Common Stockholders": NaN,
        "Net Income": NaN,
        "Net Income Including Noncontrolling Interests": NaN,
        "Net Income Continuous Operations": NaN,
        "Tax Provision": NaN,
        "Pretax Income": NaN,
        "Other Income Expense": NaN,
        "Other Non Operating Income Expenses": NaN,
        "Special Income Charges": NaN,
        "Gain On Sale Of Business": NaN,
        "Other Special Charges": NaN,
        "Write Off": NaN,
        "Impairment Of Capital Assets": NaN,
        "Restructuring And Mergern Acquisition": 1500000.0,
        "Net Non Operating Interest Income Expense": NaN,
        "Interest Expense Non Operating": NaN,
        "Operating Income": NaN,
        "Operating Expense": NaN,
        "Other Operating Expenses": NaN,
        "Depreciation Amortization Depletion Income Statement": NaN,
        "Depreciation And Amortization In Income Statement": NaN,
        "Selling General And Administration": NaN,
        "General And Administrative Expense": NaN,
        "Other Gand A": NaN,
        "Gross Profit": NaN,
        "Cost Of Revenue": NaN,
        "Total Revenue": NaN,
        "Operating Revenue": NaN
    },
    "2022-06-30": {
        "Tax Effect Of Unusual Items": -4400000.0,
        "Tax Rate For Calcs": 0.4,
        "Normalized EBITDA": 97600000.0,
        "Total Unusual Items": -11000000.0,
        "Total Unusual Items Excluding Goodwill": -11000000.0,
        "Net Income From Continuing Operation Net Minority Interest": 40200000.0,
        "Reconciled Depreciation": 41300000.0,
        "Reconciled Cost Of Revenue": 886000000.0,
        "EBITDA": 86600000.0,
        "EBIT": 45300000.0,
        "Net Interest Income": -11300000.0,
        "Interest Expense": 11300000.0,
        "Normalized Income": 46800000.0,
        "Net Income From Continuing And Discontinued Operation": 40200000.0,
        "Total Expenses": 963700000.0,
        "Total Operating Income As Reported": 44700000.0,
        "Diluted Average Shares": 44400000.0,
        "Basic Average Shares": 43600000.0,
        "Diluted EPS": 0.9,
        "Basic EPS": 0.92,
        "Diluted NI Availto Com Stockholders": 40200000.0,
        "Net Income Common Stockholders": 40200000.0,
        "Net Income": 40200000.0,
        "Net Income Including Noncontrolling Interests": 40200000.0,
        "Net Income Continuous Operations": 40200000.0,
        "Tax Provision": -6200000.0,
        "Pretax Income": 34000000.0,
        "Other Income Expense": -12500000.0,
        "Other Non Operating Income Expenses": -1500000.0,
        "Special Income Charges": -11000000.0,
        "Gain On Sale Of Ppe": NaN,
        "Gain On Sale Of Business": NaN,
        "Other Special Charges": 600000.0,
        "Impairment Of Capital Assets": 8300000.0,
        "Restructuring And Mergern Acquisition": 2100000.0,
        "Net Non Operating Interest Income Expense": -11300000.0,
        "Interest Expense Non Operating": 11300000.0,
        "Operating Income": 57800000.0,
        "Operating Expense": 77700000.0,
        "Other Operating Expenses": 1100000.0,
        "Depreciation Amortization Depletion Income Statement": 41300000.0,
        "Depreciation And Amortization In Income Statement": 41300000.0,
        "Selling General And Administration": 35300000.0,
        "General And Administrative Expense": 35300000.0,
        "Other Gand A": 35300000.0,
        "Gross Profit": 135500000.0,
        "Cost Of Revenue": 886000000.0,
        "Total Revenue": 1021500000.0,
        "Operating Revenue": 1021500000.0
    },
    "2022-03-31": {
        "Diluted EPS": 0.81,
        "Total Revenue": 980,
        "Gross Profit": 137,
        "Operating Income": 49,
        "EBIT": 92,
        "Net Income": 37
    },
    "2021-12-31": {
        "Diluted EPS": 0.6,
        "Total Revenue": 926,
        "Gross Profit": 121,
        "Operating Income": 40,
        "EBIT": 81,
        "Net Income": 28
    },
    "2021-09-30": {
        "Diluted EPS": 0.28,
        "Total Revenue": 876,
        "Gross Profit": 106,
        "Operating Income": 26,
        "EBIT": 65,
        "Net Income": 13
    },
    "2021-06-30": {
        "Diluted EPS": 1.61,
        "Total Revenue": NaN,
        "Gross Profit": 185,
        "Operating Income": 101,
        "EBIT": 139,
        "Net Income": 75
    },
    "2021-03-31": {
        "Diluted EPS": 0.73,
        "Total Revenue": 828,
        "Gross Profit": 128,
        "Operating Income": 52,
        "EBIT": 90,
        "Net Income": 34
    },
    "2020-12-31": {
        "Diluted EPS": 0.26,
        "Total Revenue": 761,
        "Gross Profit": 95,
        "Operating Income": 22,
        "EBIT": 59,
        "Net Income": 12
    },
    "2020-09-30": {
        "Diluted EPS": 0.23,
        "Total Revenue": 740,
        "Gross Profit": 96,
        "Operating Income": 24,
        "EBIT": 62,
        "Net Income": 11
    },
    "2020-06-30": {
        "Diluted EPS": -1.3,
        "Total Revenue": 563,
        "Gross Profit": 45,
        "Operating Income": -53,
        "EBIT": -12,
        "Net Income": -49
    },
    "2020-03-31": {
        "Diluted EPS": 0.81,
        "Total Revenue": 860,
        "Gross Profit": 127,
        "Operating Income": 41,
        "EBIT": 85,
        "Net Income": 31
    },
    "2019-12-31": {
        "Diluted EPS": 0.73,
        "Total Revenue": 869,
        "Gross Profit": 130,
        "Operating Income": 44,
        "EBIT": 83,
        "Net Income": 28
    },
    "2019-09-30": {
        "Diluted EPS": 0.39,
        "Total Revenue": 786,
        "Gross Profit": 106,
        "Operating Income": 31,
        "EBIT": 69,
        "Net Income": 15
    },
    "2019-06-30": {
        "Diluted EPS": 1.18,
        "Total Revenue": 834,
        "Gross Profit": 149,
        "Operating Income": 64,
        "EBIT": 102,
        "Net Income": 47
    },
    "2019-03-31": {
        "Diluted EPS": 1.31,
        "Total Revenue": 839,
        "Gross Profit": 144,
        "Operating Income": 70,
        "EBIT": 107,
        "Net Income": 50
    },
    "2018-12-31": {
        "Diluted EPS": 0.83,
        "Total Revenue": 791,
        "Gross Profit": 123,
        "Operating Income": 50,
        "EBIT": 86,
        "Net Income": 32
    },
    "2018-09-30": {
        "Diluted EPS": 0.64,
        "Total Revenue": 754,
        "Gross Profit": 107,
        "Operating Income": 47,
        "EBIT": 84,
        "Net Income": 26
    },
    "2018-06-30": {
        "Diluted EPS": 0.96,
        "Total Revenue": 817,
        "Gross Profit": 151,
        "Operating Income": 70,
        "EBIT": 108,
        "Net Income": 44
    },
    "2018-03-31": {
        "Diluted EPS": 1.02,
        "Total Revenue": 813,
        "Gross Profit": 150,
        "Operating Income": 73,
        "EBIT": 110,
        "Net Income": 47
    },
    "2017-12-31": {
        "Diluted EPS": 0.54,
        "Total Revenue": 766,
        "Gross Profit": 135,
        "Operating Income": 54,
        "EBIT": 92,
        "Net Income": 25
    },
    "2017-09-30": {
        "Diluted EPS": 0.2,
        "Total Revenue": 739,
        "Gross Profit": 113,
        "Operating Income": 29,
        "EBIT": 67,
        "Net Income": 10
    },
    "2017-06-30": {
        "Diluted EPS": 0.97,
        "Total Revenue": 811,
        "Gross Profit": 159,
        "Operating Income": 80,
        "EBIT": 119,
        "Net Income": 51
    },
    "2017-03-31": {
        "Diluted EPS": 0.86,
        "Total Revenue": 811,
        "Gross Profit": 155,
        "Operating Income": 73,
        "EBIT": 112,
        "Net Income": 42
    },
    "2016-12-31": {
        "Diluted EPS": 0.69,
        "Total Revenue": 771,
        "Gross Profit": 136,
        "Operating Income": 62,
        "EBIT": 101,
        "Net Income": 35
    },
    "2016-09-30": {
        "Diluted EPS": 0.42,
        "Total Revenue": 758,
        "Gross Profit": 119,
        "Operating Income": 41,
        "EBIT": 80,
        "Net Income": 23
    },
    "2016-06-30": {
        "Diluted EPS": 1.08,
        "Total Revenue": 882,
        "Gross Profit": 182,
        "Operating Income": 99,
        "EBIT": 138,
        "Net Income": 62
    },
    "2016-03-31": {
        "Diluted EPS": 1.0,
        "Total Revenue": 825,
        "Gross Profit": 159,
        "Operating Income": 86,
        "EBIT": 125,
        "Net Income": 58
    },
    "2015-12-31": {
        "Diluted EPS": 0.8,
        "Total Revenue": 789,
        "Gross Profit": 147,
        "Operating Income": 76,
        "EBIT": 115,
        "Net Income": 48
    },
    "2015-09-30": {
        "Diluted EPS": 0.54,
        "Total Revenue": 763,
        "Gross Profit": 130,
        "Operating Income": 56,
        "EBIT": 95,
        "Net Income": 33
    },
    "2015-06-30": {
        "Diluted EPS": 0.87,
        "Total Revenue": 764,
        "Gross Profit": 162,
        "Operating Income": 88,
        "EBIT": 125,
        "Net Income": 55
    },
    "2015-03-31": {
        "Diluted EPS": 1.02,
        "Total Revenue": 784,
        "Gross Profit": 167,
        "Operating Income": 103,
        "EBIT": 140,
        "Net Income": 65
    },
    "2014-12-31": {
        "Diluted EPS": 0.64,
        "Total Revenue": 743,
        "Gross Profit": 143,
        "Operating Income": 65,
        "EBIT": 102,
        "Net Income": 41
    },
    "2014-09-30": {
        "Diluted EPS": 0.49,
        "Total Revenue": 711,
        "Gross Profit": 123,
        "Operating Income": 54,
        "EBIT": 90,
        "Net Income": 33
    },
    "2014-06-30": {
        "Diluted EPS": 0.44,
        "Total Revenue": 760,
        "Gross Profit": 155,
        "Operating Income": 42,
        "EBIT": 77,
        "Net Income": 29
    },
    "2014-03-31": {
        "Diluted EPS": 0.82,
        "Total Revenue": 759,
        "Gross Profit": 158,
        "Operating Income": 87,
        "EBIT": 121,
        "Net Income": 56
    },
    "2013-12-31": {
        "Diluted EPS": 0.58,
        "Total Revenue": 706,
        "Gross Profit": 129,
        "Operating Income": 64,
        "EBIT": 98,
        "Net Income": 40
    },
    "2013-09-30": {
        "Diluted EPS": 0.42,
        "Total Revenue": 685,
        "Gross Profit": 118,
        "Operating Income": 49,
        "EBIT": 82,
        "Net Income": 29
    },
    "2013-06-30": {
        "Diluted EPS": 0.63,
        "Total Revenue": 734,
        "Gross Profit": 149,
        "Operating Income": 69,
        "EBIT": 102,
        "Net Income": 46
    },
    "2013-03-31": {
        "Diluted EPS": 0.71,
        "Total Revenue": 743,
        "Gross Profit": 148,
        "Operating Income": 79,
        "EBIT": 113,
        "Net Income": 52
    },
    "2012-12-31": {
        "Diluted EPS": 0.5,
        "Total Revenue": 690,
        "Gross Profit": 126,
        "Operating Income": 62,
        "EBIT": 95,
        "Net Income": 37
    },
    "2012-09-30": {
        "Diluted EPS": 0.36,
        "Total Revenue": 684,
        "Gross Profit": 117,
        "Operating Income": 47,
        "EBIT": 79,
        "Net Income": 28
    },
    "2012-06-30": {
        "Diluted EPS": 0.59,
        "Total Revenue": 728,
        "Gross Profit": 143,
        "Operating Income": 68,
        "EBIT": 100,
        "Net Income": 47
    },
    "2012-03-31": {
        "Diluted EPS": 0.56,
        "Total Revenue": 742,
        "Gross Profit": 139,
        "Operating Income": 68,
        "EBIT": 99,
        "Net Income": 45
    },
    "2011-12-31": {
        "Diluted EPS": 0.44,
        "Total Revenue": 682,
        "Gross Profit": 122,
        "Operating Income": 56,
        "EBIT": 87,
        "Net Income": 36
    },
    "2011-09-30": {
        "Diluted EPS": 0.28,
        "Total Revenue": 668,
        "Gross Profit": 105,
        "Operating Income": 40,
        "EBIT": 71,
        "Net Income": 24
    },
    "2011-06-30": {
        "Diluted EPS": 0.46,
        "Total Revenue": 717,
        "Gross Profit": 131,
        "Operating Income": 61,
        "EBIT": 93,
        "Net Income": 42
    },
    "2011-03-31": {
        "Diluted EPS": 0.45,
        "Total Revenue": 717,
        "Gross Profit": 131,
        "Operating Income": 61,
        "EBIT": 93,
        "Net Income": 40
    },
    "2010-12-31": {
        "Diluted EPS": 0.41,
        "Total Revenue": 672,
        "Gross Profit": 117,
        "Operating Income": 50,
        "EBIT": 83,
        "Net Income": 37
    },
    "2010-09-30": {
        "Diluted EPS": 0.21,
        "Total Revenue": 655,
        "Gross Profit": 98,
        "Operating Income": 32,
        "EBIT": 65,
        "Net Income": 21
    },
    "2010-06-30": {
        "Diluted EPS": 0.62,
        "Total Revenue": 743,
        "Gross Profit": 136,
        "Operating Income": 63,
        "EBIT": 96,
        "Net Income": 64
    },
    "2010-03-31": {
        "Diluted EPS": 0.39,
        "Total Revenue": 713,
        "Gross Profit": 120,
        "Operating Income": 50,
        "EBIT": 83,
        "Net Income": 40
    },
    "2009-12-31": {
        "Diluted EPS": 0.18,
        "Total Revenue": 706,
        "Gross Profit": 108,
        "Operating Income": 23,
        "EBIT": 58,
        "Net Income": 18
    },
    "2009-09-30": {
        "Diluted EPS": 0.15,
        "Total Revenue": 697,
        "Gross Profit": 91,
        "Operating Income": 18,
        "EBIT": 53,
        "Net Income": 16
    },
    "2009-06-30": {
        "Diluted EPS": 0.41,
        "Total Revenue": 568,
        "Gross Profit": 120,
        "Operating Income": 46,
        "EBIT": 82,
        "Net Income": 42
    },
    "2009-03-31": {
        "Diluted EPS": 0.34,
        "Total Revenue": 774,
        "Gross Profit": 137,
        "Operating Income": 51,
        "EBIT": 78,
        "Net Income": 35
    },
    "2023-06-30": {
        "Tax Effect Of Unusual Items": NaN,
        "Tax Rate For Calcs": NaN,
        "Normalized EBITDA": NaN,
        "Total Unusual Items": NaN,
        "Total Unusual Items Excluding Goodwill": NaN,
        "Net Income From Continuing Operation Net Minority Interest": NaN,
        "Reconciled Depreciation": NaN,
        "Reconciled Cost Of Revenue": NaN,
        "EBITDA": NaN,
        "EBIT": NaN,
        "Net Interest Income": NaN,
        "Interest Expense": NaN,
        "Normalized Income": NaN,
        "Net Income From Continuing And Discontinued Operation": NaN,
        "Total Expenses": NaN,
        "Total Operating Income As Reported": NaN,
        "Diluted Average Shares": NaN,
        "Basic Average Shares": NaN,
        "Diluted EPS": NaN,
        "Basic EPS": NaN,
        "Diluted NI Availto Com Stockholders": NaN,
        "Net Income Common Stockholders": NaN,
        "Net Income": NaN,
        "Net Income Including Noncontrolling Interests": NaN,
        "Net Income Continuous Operations": NaN,
        "Tax Provision": NaN,
        "Pretax Income": NaN,
        "Other Income Expense": NaN,
        "Other Non Operating Income Expenses": NaN,
        "Special Income Charges": NaN,
        "Gain On Sale Of Business": NaN,
        "Other Special Charges": NaN,
        "Write Off": NaN,
        "Impairment Of Capital Assets": NaN,
        "Restructuring And Mergern Acquisition": 7900000.0,
        "Net Non Operating Interest Income Expense": NaN,
        "Interest Expense Non Operating": NaN,
        "Operating Income": NaN,
        "Operating Expense": NaN,
        "Other Operating Expenses": NaN,
        "Depreciation Amortization Depletion Income Statement": NaN,
        "Depreciation And Amortization In Income Statement": NaN,
        "Selling General And Administration": NaN,
        "General And Administrative Expense": NaN,
        "Other Gand A": NaN,
        "Gross Profit": NaN,
        "Cost Of Revenue": NaN,
        "Total Revenue": NaN,
        "Operating Revenue": NaN
    },
    "2023-09-30": {
        "Tax Effect Of Unusual Items": NaN,
        "Tax Rate For Calcs": NaN,
        "Normalized EBITDA": NaN,
        "Total Unusual Items": NaN,
        "Total Unusual Items Excluding Goodwill": NaN,
        "Net Income From Continuing Operation Net Minority Interest": NaN,
        "Reconciled Depreciation": NaN,
        "Reconciled Cost Of Revenue": NaN,
        "EBITDA": NaN,
        "EBIT": NaN,
        "Net Interest Income": NaN,
        "Interest Expense": NaN,
        "Normalized Income": NaN,
        "Net Income From Continuing And Discontinued Operation": NaN,
        "Total Expenses": NaN,
        "Total Operating Income As Reported": NaN,
        "Diluted Average Shares": NaN,
        "Basic Average Shares": NaN,
        "Diluted EPS": NaN,
        "Basic EPS": NaN,
        "Diluted NI Availto Com Stockholders": NaN,
        "Net Income Common Stockholders": NaN,
        "Net Income": NaN,
        "Net Income Including Noncontrolling Interests": NaN,
        "Net Income Continuous Operations": NaN,
        "Tax Provision": NaN,
        "Pretax Income": NaN,
        "Other Income Expense": NaN,
        "Other Non Operating Income Expenses": NaN,
        "Special Income Charges": NaN,
        "Gain On Sale Of Business": NaN,
        "Other Special Charges": NaN,
        "Write Off": 600000.0,
        "Impairment Of Capital Assets": NaN,
        "Restructuring And Mergern Acquisition": NaN,
        "Net Non Operating Interest Income Expense": NaN,
        "Interest Expense Non Operating": NaN,
        "Operating Income": NaN,
        "Operating Expense": NaN,
        "Other Operating Expenses": NaN,
        "Depreciation Amortization Depletion Income Statement": NaN,
        "Depreciation And Amortization In Income Statement": NaN,
        "Selling General And Administration": NaN,
        "General And Administrative Expense": NaN,
        "Other Gand A": NaN,
        "Gross Profit": NaN,
        "Cost Of Revenue": NaN,
        "Total Revenue": NaN,
        "Operating Revenue": NaN
    },
    "2023-12-31": {
        "Tax Effect Of Unusual Items": NaN,
        "Tax Rate For Calcs": NaN,
        "Normalized EBITDA": NaN,
        "Total Unusual Items": NaN,
        "Total Unusual Items Excluding Goodwill": NaN,
        "Net Income From Continuing Operation Net Minority Interest": NaN,
        "Reconciled Depreciation": NaN,
        "Reconciled Cost Of Revenue": NaN,
        "EBITDA": NaN,
        "EBIT": NaN,
        "Net Interest Income": NaN,
        "Interest Expense": NaN,
        "Normalized Income": NaN,
        "Net Income From Continuing And Discontinued Operation": NaN,
        "Total Expenses": NaN,
        "Total Operating Income As Reported": NaN,
        "Diluted Average Shares": NaN,
        "Basic Average Shares": NaN,
        "Diluted EPS": NaN,
        "Basic EPS": NaN,
        "Diluted NI Availto Com Stockholders": NaN,
        "Net Income Common Stockholders": NaN,
        "Net Income": NaN,
        "Net Income Including Noncontrolling Interests": NaN,
        "Net Income Continuous Operations": NaN,
        "Tax Provision": NaN,
        "Pretax Income": NaN,
        "Other Income Expense": NaN,
        "Other Non Operating Income Expenses": NaN,
        "Special Income Charges": NaN,
        "Gain On Sale Of Business": -200000.0,
        "Other Special Charges": NaN,
        "Write Off": 100000.0,
        "Impairment Of Capital Assets": NaN,
        "Restructuring And Mergern Acquisition": NaN,
        "Net Non Operating Interest Income Expense": NaN,
        "Interest Expense Non Operating": NaN,
        "Operating Income": NaN,
        "Operating Expense": NaN,
        "Other Operating Expenses": 600000.0,
        "Depreciation Amortization Depletion Income Statement": NaN,
        "Depreciation And Amortization In Income Statement": NaN,
        "Selling General And Administration": NaN,
        "General And Administrative Expense": NaN,
        "Other Gand A": NaN,
        "Gross Profit": NaN,
        "Cost Of Revenue": NaN,
        "Total Revenue": NaN,
        "Operating Revenue": NaN
    },
    "2024-03-31": {
        "Tax Effect Of Unusual Items": NaN,
        "Tax Rate For Calcs": NaN,
        "Normalized EBITDA": NaN,
        "Total Unusual Items": NaN,
        "Total Unusual Items Excluding Goodwill": NaN,
        "Net Income From Continuing Operation Net Minority Interest": NaN,
        "Reconciled Depreciation": NaN,
        "Reconciled Cost Of Revenue": NaN,
        "EBITDA": NaN,
        "EBIT": NaN,
        "Net Interest Income": NaN,
        "Interest Expense": NaN,
        "Normalized Income": NaN,
        "Net Income From Continuing And Discontinued Operation": NaN,
        "Total Expenses": NaN,
        "Total Operating Income As Reported": NaN,
        "Diluted Average Shares": NaN,
        "Basic Average Shares": NaN,
        "Diluted EPS": NaN,
        "Basic EPS": NaN,
        "Diluted NI Availto Com Stockholders": NaN,
        "Net Income Common Stockholders": NaN,
        "Net Income": NaN,
        "Net Income Including Noncontrolling Interests": NaN,
        "Net Income Continuous Operations": NaN,
        "Tax Provision": NaN,
        "Pretax Income": NaN,
        "Other Income Expense": NaN,
        "Other Non Operating Income Expenses": NaN,
        "Special Income Charges": NaN,
        "Gain On Sale Of Business": NaN,
        "Other Special Charges": NaN,
        "Write Off": 100000.0,
        "Impairment Of Capital Assets": 4000000.0,
        "Restructuring And Mergern Acquisition": 400000.0,
        "Net Non Operating Interest Income Expense": NaN,
        "Interest Expense Non Operating": NaN,
        "Operating Income": NaN,
        "Operating Expense": NaN,
        "Depreciation Amortization Depletion Income Statement": NaN,
        "Depreciation And Amortization In Income Statement": NaN,
        "Selling General And Administration": NaN,
        "General And Administrative Expense": NaN,
        "Other Gand A": NaN,
        "Gross Profit": NaN,
        "Cost Of Revenue": NaN,
        "Total Revenue": NaN,
        "Operating Revenue": NaN
    },
    "2024-06-30": {
        "Tax Effect Of Unusual Items": NaN,
        "Tax Rate For Calcs": NaN,
        "Normalized EBITDA": NaN,
        "Total Unusual Items": NaN,
        "Total Unusual Items Excluding Goodwill": NaN,
        "Net Income From Continuing Operation Net Minority Interest": NaN,
        "Reconciled Depreciation": NaN,
        "Reconciled Cost Of Revenue": NaN,
        "EBITDA": NaN,
        "EBIT": NaN,
        "Net Interest Income": NaN,
        "Interest Expense": NaN,
        "Normalized Income": NaN,
        "Net Income From Continuing And Discontinued Operation": NaN,
        "Total Expenses": NaN,
        "Total Operating Income As Reported": NaN,
        "Diluted Average Shares": NaN,
        "Basic Average Shares": NaN,
        "Diluted EPS": NaN,
        "Basic EPS": NaN,
        "Diluted NI Availto Com Stockholders": NaN,
        "Net Income Common Stockholders": NaN,
        "Net Income": NaN,
        "Net Income Including Noncontrolling Interests": NaN,
        "Net Income Continuous Operations": NaN,
        "Tax Provision": NaN,
        "Pretax Income": NaN,
        "Other Income Expense": NaN,
        "Other Non Operating Income Expenses": NaN,
        "Special Income Charges": NaN,
        "Gain On Sale Of Business": NaN,
        "Other Special Charges": NaN,
        "Write Off": 100000.0,
        "Impairment Of Capital Assets": 7600000.0,
        "Restructuring And Mergern Acquisition": NaN,
        "Net Non Operating Interest Income Expense": NaN,
        "Interest Expense Non Operating": NaN,
        "Operating Income": NaN,
        "Operating Expense": NaN,
        "Depreciation Amortization Depletion Income Statement": NaN,
        "Depreciation And Amortization In Income Statement": NaN,
        "Selling General And Administration": NaN,
        "General And Administrative Expense": NaN,
        "Other Gand A": NaN,
        "Gross Profit": NaN,
        "Cost Of Revenue": NaN,
        "Total Revenue": NaN,
        "Operating Revenue": NaN
    },
    "2024-09-30": {
        "Tax Effect Of Unusual Items": NaN,
        "Tax Rate For Calcs": NaN,
        "Normalized EBITDA": NaN,
        "Total Unusual Items": NaN,
        "Total Unusual Items Excluding Goodwill": NaN,
        "Net Income From Continuing Operation Net Minority Interest": NaN,
        "Reconciled Depreciation": NaN,
        "Reconciled Cost Of Revenue": NaN,
        "EBITDA": NaN,
        "EBIT": NaN,
        "Net Interest Income": NaN,
        "Interest Expense": NaN,
        "Normalized Income": NaN,
        "Net Income From Continuing And Discontinued Operation": NaN,
        "Total Expenses": NaN,
        "Total Operating Income As Reported": NaN,
        "Diluted Average Shares": NaN,
        "Basic Average Shares": NaN,
        "Diluted EPS": NaN,
        "Basic EPS": NaN,
        "Diluted NI Availto Com Stockholders": NaN,
        "Net Income Common Stockholders": NaN,
        "Net Income": NaN,
        "Net Income Including Noncontrolling Interests": NaN,
        "Net Income Continuous Operations": NaN,
        "Tax Provision": NaN,
        "Pretax Income": NaN,
        "Other Income Expense": NaN,
        "Other Non Operating Income Expenses": NaN,
        "Special Income Charges": NaN,
        "Gain On Sale Of Business": NaN,
        "Other Special Charges": NaN,
        "Write Off": 700000.0,
        "Impairment Of Capital Assets": NaN,
        "Restructuring And Mergern Acquisition": NaN,
        "Net Non Operating Interest Income Expense": NaN,
        "Interest Expense Non Operating": NaN,
        "Operating Income": NaN,
        "Operating Expense": NaN,
        "Depreciation Amortization Depletion Income Statement": NaN,
        "Depreciation And Amortization In Income Statement": NaN,
        "Selling General And Administration": NaN,
        "General And Administrative Expense": NaN,
        "Other Gand A": NaN,
        "Gross Profit": NaN,
        "Cost Of Revenue": NaN,
        "Total Revenue": NaN,
        "Operating Revenue": NaN
    },
    "2024-12-31": {
        "Tax Effect Of Unusual Items": -1129710.656316,
        "Tax Rate For Calcs": 0.163726,
        "Normalized EBITDA": 211000000.0,
        "Total Unusual Items": -6900000.0,
        "Total Unusual Items Excluding Goodwill": -6900000.0,
        "Net Income From Continuing Operation Net Minority Interest": 118500000.0,
        "Reconciled Depreciation": 47700000.0,
        "Reconciled Cost Of Revenue": 1089300000.0,
        "EBITDA": 204100000.0,
        "EBIT": 156400000.0,
        "Net Interest Income": -14700000.0,
        "Interest Expense": 14700000.0,
        "Normalized Income": 124270289.343684,
        "Net Income From Continuing And Discontinued Operation": 118500000.0,
        "Total Expenses": 1190100000.0,
        "Total Operating Income As Reported": 156000000.0,
        "Diluted Average Shares": 45500000.0,
        "Basic Average Shares": 44400000.0,
        "Diluted EPS": 2.61,
        "Basic EPS": 2.67,
        "Diluted NI Availto Com Stockholders": 118500000.0,
        "Net Income Common Stockholders": 118500000.0,
        "Net Income": 118500000.0,
        "Net Income Including Noncontrolling Interests": 118500000.0,
        "Net Income Continuous Operations": 118500000.0,
        "Tax Provision": 23200000.0,
        "Pretax Income": 141700000.0,
        "Other Income Expense": -11700000.0,
        "Other Non Operating Income Expenses": -4800000.0,
        "Special Income Charges": -6900000.0,
        "Gain On Sale Of Business": -800000.0,
        "Other Special Charges": 6100000.0,
        "Write Off": NaN,
        "Impairment Of Capital Assets": 800000.0,
        "Restructuring And Mergern Acquisition": 0.0,
        "Net Non Operating Interest Income Expense": -14700000.0,
        "Interest Expense Non Operating": 14700000.0,
        "Operating Income": 168100000.0,
        "Operating Expense": 100800000.0,
        "Depreciation Amortization Depletion Income Statement": 47700000.0,
        "Depreciation And Amortization In Income Statement": 47700000.0,
        "Selling General And Administration": 53100000.0,
        "General And Administrative Expense": 53100000.0,
        "Other Gand A": 53100000.0,
        "Gross Profit": 268900000.0,
        "Cost Of Revenue": 1089300000.0,
        "Total Revenue": 1358200000.0,
        "Operating Revenue": 1358200000.0
    },
    "2025-03-31": {
        "Tax Effect Of Unusual Items": -877200.0,
        "Tax Rate For Calcs": 0.172,
        "Normalized EBITDA": 216800000.0,
        "Total Unusual Items": -5100000.0,
        "Total Unusual Items Excluding Goodwill": -5100000.0,
        "Net Income From Continuing Operation Net Minority Interest": 119100000.0,
        "Reconciled Depreciation": 54700000.0,
        "Reconciled Cost Of Revenue": 1146200000.0,
        "EBITDA": 211700000.0,
        "EBIT": 157000000.0,
        "Net Interest Income": -13200000.0,
        "Interest Expense": 13200000.0,
        "Normalized Income": 123322800.0,
        "Net Income From Continuing And Discontinued Operation": 119100000.0,
        "Total Expenses": 1259200000.0,
        "Total Operating Income As Reported": 156900000.0,
        "Diluted Average Shares": 46400000.0,
        "Basic Average Shares": 44400000.0,
        "Diluted EPS": 2.56,
        "Basic EPS": 2.68,
        "Diluted NI Availto Com Stockholders": 119100000.0,
        "Net Income Common Stockholders": 119100000.0,
        "Net Income": 119100000.0,
        "Net Income Including Noncontrolling Interests": 119100000.0,
        "Net Income Continuous Operations": 119100000.0,
        "Tax Provision": 24700000.0,
        "Pretax Income": 143800000.0,
        "Other Income Expense": -8900000.0,
        "Other Non Operating Income Expenses": -3800000.0,
        "Special Income Charges": -5100000.0,
        "Gain On Sale Of Business": NaN,
        "Other Special Charges": 2300000.0,
        "Write Off": NaN,
        "Impairment Of Capital Assets": 800000.0,
        "Restructuring And Mergern Acquisition": 2000000.0,
        "Net Non Operating Interest Income Expense": -13200000.0,
        "Interest Expense Non Operating": 13200000.0,
        "Operating Income": 165900000.0,
        "Operating Expense": 113000000.0,
        "Depreciation Amortization Depletion Income Statement": 54700000.0,
        "Depreciation And Amortization In Income Statement": 54700000.0,
        "Selling General And Administration": 58300000.0,
        "General And Administrative Expense": 58300000.0,
        "Other Gand A": 58300000.0,
        "Gross Profit": 278900000.0,
        "Cost Of Revenue": 1146200000.0,
        "Total Revenue": 1425100000.0,
        "Operating Revenue": 1425100000.0
    },
    "2025-06-30": {
        "Tax Effect Of Unusual Items": -1715582.450832,
        "Tax Rate For Calcs": 0.19062,
        "Normalized EBITDA": 210000000.0,
        "Total Unusual Items": -9000000.0,
        "Total Unusual Items Excluding Goodwill": -9000000.0,
        "Net Income From Continuing Operation Net Minority Interest": 107000000.0,
        "Reconciled Depreciation": 57900000.0,
        "Reconciled Cost Of Revenue": 1190700000.0,
        "EBITDA": 201000000.0,
        "EBIT": 143100000.0,
        "Net Interest Income": -10900000.0,
        "Interest Expense": 10900000.0,
        "Normalized Income": 114284417.549168,
        "Net Income From Continuing And Discontinued Operation": 107000000.0,
        "Total Expenses": 1307400000.0,
        "Total Operating Income As Reported": 142700000.0,
        "Diluted Average Shares": 46500000.0,
        "Basic Average Shares": 44500000.0,
        "Diluted EPS": 2.3,
        "Basic EPS": 2.41,
        "Diluted NI Availto Com Stockholders": 107000000.0,
        "Net Income Common Stockholders": 107000000.0,
        "Net Income": 107000000.0,
        "Net Income Including Noncontrolling Interests": 107000000.0,
        "Net Income Continuous Operations": 107000000.0,
        "Tax Provision": 25200000.0,
        "Pretax Income": 132200000.0,
        "Other Income Expense": -11400000.0,
        "Other Non Operating Income Expenses": -2400000.0,
        "Special Income Charges": -9000000.0,
        "Gain On Sale Of Business": NaN,
        "Other Special Charges": 3000000.0,
        "Write Off": NaN,
        "Impairment Of Capital Assets": 2300000.0,
        "Restructuring And Mergern Acquisition": 4200000.0,
        "Net Non Operating Interest Income Expense": -10900000.0,
        "Interest Expense Non Operating": 10900000.0,
        "Operating Income": 154500000.0,
        "Operating Expense": 116700000.0,
        "Depreciation Amortization Depletion Income Statement": 57900000.0,
        "Depreciation And Amortization In Income Statement": 57900000.0,
        "Selling General And Administration": 58800000.0,
        "General And Administrative Expense": 58800000.0,
        "Other Gand A": 58800000.0,
        "Gross Profit": 271200000.0,
        "Cost Of Revenue": 1190700000.0,
        "Total Revenue": 1461900000.0,
        "Operating Revenue": 1461900000.0
    },
    "2025-09-30": {
        "Tax Effect Of Unusual Items": -37500.0,
        "Tax Rate For Calcs": 0.075,
        "Normalized EBITDA": 172200000.0,
        "Total Unusual Items": -500000.0,
        "Total Unusual Items Excluding Goodwill": -500000.0,
        "Net Income From Continuing Operation Net Minority Interest": 99500000.0,
        "Reconciled Depreciation": 53600000.0,
        "Reconciled Cost Of Revenue": 1119600000.0,
        "EBITDA": 171700000.0,
        "EBIT": 118100000.0,
        "Net Interest Income": -10500000.0,
        "Interest Expense": 10500000.0,
        "Normalized Income": 99962500.0,
        "Net Income From Continuing And Discontinued Operation": 99500000.0,
        "Total Expenses": 1230400000.0,
        "Total Operating Income As Reported": 117900000.0,
        "Diluted Average Shares": 45800000.0,
        "Basic Average Shares": 44700000.0,
        "Diluted EPS": 2.17,
        "Basic EPS": 2.23,
        "Diluted NI Availto Com Stockholders": 99500000.0,
        "Net Income Common Stockholders": 99500000.0,
        "Net Income": 99500000.0,
        "Net Income Including Noncontrolling Interests": 99500000.0,
        "Net Income Continuous Operations": 99500000.0,
        "Tax Provision": 8100000.0,
        "Pretax Income": 107600000.0,
        "Other Income Expense": -1100000.0,
        "Other Non Operating Income Expenses": -600000.0,
        "Special Income Charges": -500000.0,
        "Gain On Sale Of Business": NaN,
        "Other Special Charges": -1600000.0,
        "Write Off": 600000.0,
        "Impairment Of Capital Assets": NaN,
        "Restructuring And Mergern Acquisition": 1500000.0,
        "Net Non Operating Interest Income Expense": -10500000.0,
        "Interest Expense Non Operating": 10500000.0,
        "Operating Income": 118800000.0,
        "Operating Expense": 110800000.0,
        "Depreciation Amortization Depletion Income Statement": 53600000.0,
        "Depreciation And Amortization In Income Statement": 53600000.0,
        "Selling General And Administration": 57200000.0,
        "General And Administrative Expense": 57200000.0,
        "Other Gand A": 57200000.0,
        "Gross Profit": 229600000.0,
        "Cost Of Revenue": 1119600000.0,
        "Total Revenue": 1349200000.0,
        "Operating Revenue": 1349200000.0
    },
    "2025-12-31": {
        "Tax Effect Of Unusual Items": 0.0,
        "Tax Rate For Calcs": 0.187223,
        "Normalized EBITDA": 223400000.0,
        "Total Unusual Items": 0.0,
        "Total Unusual Items Excluding Goodwill": 0.0,
        "Net Income From Continuing Operation Net Minority Interest": 128500000.0,
        "Reconciled Depreciation": 54600000.0,
        "Reconciled Cost Of Revenue": 1169000000.0,
        "EBITDA": 223400000.0,
        "EBIT": 168800000.0,
        "Net Interest Income": -10700000.0,
        "Interest Expense": 10700000.0,
        "Normalized Income": 128500000.0,
        "Net Income From Continuing And Discontinued Operation": 128500000.0,
        "Total Expenses": 1283300000.0,
        "Total Operating Income As Reported": 168400000.0,
        "Diluted Average Shares": 44900000.0,
        "Basic Average Shares": 44000000.0,
        "Diluted EPS": 2.86,
        "Basic EPS": 2.92,
        "Diluted NI Availto Com Stockholders": 128500000.0,
        "Net Income Common Stockholders": 128500000.0,
        "Net Income": 128500000.0,
        "Net Income Including Noncontrolling Interests": 128500000.0,
        "Net Income Continuous Operations": 128500000.0,
        "Tax Provision": 29600000.0,
        "Pretax Income": 158100000.0,
        "Other Income Expense": -100000.0,
        "Other Non Operating Income Expenses": -100000.0,
        "Special Income Charges": 0.0,
        "Gain On Sale Of Business": NaN,
        "Other Special Charges": -1700000.0,
        "Write Off": NaN,
        "Impairment Of Capital Assets": 1500000.0,
        "Restructuring And Mergern Acquisition": 200000.0,
        "Net Non Operating Interest Income Expense": -10700000.0,
        "Interest Expense Non Operating": 10700000.0,
        "Operating Income": 168900000.0,
        "Operating Expense": 114300000.0,
        "Depreciation Amortization Depletion Income Statement": 54600000.0,
        "Depreciation And Amortization In Income Statement": 54600000.0,
        "Selling General And Administration": 59700000.0,
        "General And Administrative Expense": 59700000.0,
        "Other Gand A": 59700000.0,
        "Gross Profit": 283200000.0,
        "Cost Of Revenue": 1169000000.0,
        "Total Revenue": 1452200000.0,
        "Operating Revenue": 1452200000.0
    }
}