{
    "2023-06-30": {
        "Tax Effect Of Unusual Items": 0.0,
        "Tax Rate For Calcs": 0.264,
        "Net Income From Continuing Operation Net Minority Interest": 44419000.0,
        "Reconciled Depreciation": 5763000.0,
        "Net Interest Income": 141588000.0,
        "Interest Expense": 60177000.0,
        "Interest Income": 201765000.0,
        "Normalized Income": 44419000.0,
        "Net Income From Continuing And Discontinued Operation": 48657000.0,
        "Diluted Average Shares": 162246675.0,
        "Basic Average Shares": 162232236.0,
        "Diluted EPS": 0.3,
        "Basic EPS": 0.3,
        "Diluted NI Availto Com Stockholders": 48657000.0,
        "Net Income Common Stockholders": 48657000.0,
        "Net Income": 48657000.0,
        "Net Income Including Noncontrolling Interests": 48657000.0,
        "Net Income Discontinuous Operations": 4238000.0,
        "Net Income Continuous Operations": 44419000.0,
        "Tax Provision": 15938000.0,
        "Pretax Income": 60357000.0,
        "Gain On Sale Of Security": 3827000.0,
        "Depreciation Amortization Depletion Income Statement": 504000.0,
        "Depreciation And Amortization In Income Statement": 504000.0,
        "Amortization": 504000.0,
        "Amortization Of Intangibles Income Statement": 504000.0,
        "Selling General And Administration": 67328000.0,
        "Selling And Marketing Expense": 2111000.0,
        "General And Administrative Expense": 65217000.0,
        "Other Gand A": NaN,
        "Insurance And Claims": 3034000.0,
        "Salaries And Wages": 62183000.0,
        "Total Revenue": 167792000.0,
        "Operating Revenue": 167792000.0,
        "Occupancy And Equipment": 9067000.0,
        "Professional Expense And Contract Services Expense": 3025000.0,
        "Other Non Interest Expense": 20010000.0
    },
    "2023-03-31": {
        "Tax Effect Of Unusual Items": NaN,
        "Tax Rate For Calcs": NaN,
        "Net Income From Continuing Operation Net Minority Interest": NaN,
        "Reconciled Depreciation": NaN,
        "Net Interest Income": NaN,
        "Interest Expense": NaN,
        "Interest Income": NaN,
        "Normalized Income": NaN,
        "Net Income From Continuing And Discontinued Operation": NaN,
        "Diluted Average Shares": NaN,
        "Basic Average Shares": NaN,
        "Diluted EPS": NaN,
        "Basic EPS": NaN,
        "Diluted NI Availto Com Stockholders": NaN,
        "Net Income Common Stockholders": NaN,
        "Net Income": NaN,
        "Net Income Including Noncontrolling Interests": NaN,
        "Net Income Discontinuous Operations": NaN,
        "Net Income Continuous Operations": NaN,
        "Tax Provision": NaN,
        "Pretax Income": NaN,
        "Gain On Sale Of Security": NaN,
        "Depreciation Amortization Depletion Income Statement": NaN,
        "Depreciation And Amortization In Income Statement": NaN,
        "Amortization": NaN,
        "Amortization Of Intangibles Income Statement": NaN,
        "Selling General And Administration": NaN,
        "Selling And Marketing Expense": NaN,
        "General And Administrative Expense": NaN,
        "Other Gand A": 13441000.0,
        "Insurance And Claims": NaN,
        "Salaries And Wages": NaN,
        "Total Revenue": NaN,
        "Operating Revenue": NaN,
        "Occupancy And Equipment": NaN,
        "Professional Expense And Contract Services Expense": NaN,
        "Other Non Interest Expense": NaN
    },
    "2022-12-31": {
        "Tax Effect Of Unusual Items": 0.0,
        "Tax Rate For Calcs": 0.168636,
        "Net Income From Continuing Operation Net Minority Interest": 42294000.0,
        "Reconciled Depreciation": 7130000.0,
        "Net Interest Income": 149994000.0,
        "Interest Expense": 25004000.0,
        "Interest Income": 174998000.0,
        "Normalized Income": 42294000.0,
        "Net Income From Continuing And Discontinued Operation": 42294000.0,
        "Diluted Average Shares": 162263547.0,
        "Basic Average Shares": 162032522.0,
        "Diluted EPS": 0.26,
        "Basic EPS": 0.26,
        "Diluted NI Availto Com Stockholders": 42294000.0,
        "Net Income Common Stockholders": 42294000.0,
        "Net Income": 42294000.0,
        "Net Income Including Noncontrolling Interests": 42294000.0,
        "Net Income Discontinuous Operations": NaN,
        "Net Income Continuous Operations": 42294000.0,
        "Tax Provision": 8579000.0,
        "Pretax Income": 50873000.0,
        "Gain On Sale Of Security": 2474000.0,
        "Depreciation Amortization Depletion Income Statement": 1097000.0,
        "Depreciation And Amortization In Income Statement": 1097000.0,
        "Amortization": 1097000.0,
        "Amortization Of Intangibles Income Statement": 1097000.0,
        "Selling General And Administration": 82240000.0,
        "Selling And Marketing Expense": 3096000.0,
        "General And Administrative Expense": 79144000.0,
        "Other Gand A": NaN,
        "Insurance And Claims": 1540000.0,
        "Salaries And Wages": 77604000.0,
        "Total Revenue": 191570000.0,
        "Operating Revenue": 191570000.0
    },
    "2022-09-30": {
        "Tax Effect Of Unusual Items": NaN,
        "Tax Rate For Calcs": NaN,
        "Net Income From Continuing Operation Net Minority Interest": NaN,
        "Reconciled Depreciation": NaN,
        "Net Interest Income": NaN,
        "Interest Expense": NaN,
        "Interest Income": NaN,
        "Normalized Income": NaN,
        "Net Income From Continuing And Discontinued Operation": NaN,
        "Diluted Average Shares": NaN,
        "Basic Average Shares": NaN,
        "Diluted EPS": NaN,
        "Basic EPS": NaN,
        "Diluted NI Availto Com Stockholders": NaN,
        "Net Income Common Stockholders": NaN,
        "Net Income": NaN,
        "Net Income Including Noncontrolling Interests": NaN,
        "Net Income Discontinuous Operations": 1969000.0,
        "Net Income Continuous Operations": NaN,
        "Tax Provision": NaN,
        "Pretax Income": NaN,
        "Gain On Sale Of Security": NaN,
        "Depreciation Amortization Depletion Income Statement": NaN,
        "Depreciation And Amortization In Income Statement": NaN,
        "Amortization": NaN,
        "Amortization Of Intangibles Income Statement": NaN,
        "Selling General And Administration": NaN,
        "Selling And Marketing Expense": NaN,
        "General And Administrative Expense": NaN,
        "Other Gand A": 13294000.0,
        "Insurance And Claims": NaN,
        "Salaries And Wages": NaN,
        "Total Revenue": NaN,
        "Operating Revenue": NaN
    },
    "2022-06-30": {
        "Tax Effect Of Unusual Items": 0.0,
        "Tax Rate For Calcs": 0.241278,
        "Net Income From Continuing Operation Net Minority Interest": 51172000.0,
        "Reconciled Depreciation": 907000.0,
        "Net Interest Income": 137757000.0,
        "Interest Expense": 3114000.0,
        "Interest Income": 140871000.0,
        "Normalized Income": 51172000.0,
        "Net Income From Continuing And Discontinued Operation": 51172000.0,
        "Diluted Average Shares": 166573627.0,
        "Basic Average Shares": 166533920.0,
        "Diluted EPS": 0.31,
        "Basic EPS": 0.31,
        "Diluted NI Availto Com Stockholders": 51172000.0,
        "Net Income Common Stockholders": 51172000.0,
        "Net Income": 51172000.0,
        "Net Income Including Noncontrolling Interests": 51172000.0,
        "Net Income Continuous Operations": 51172000.0,
        "Tax Provision": 16273000.0,
        "Pretax Income": 67445000.0,
        "Gain On Sale Of Security": -5827000.0,
        "Depreciation Amortization Depletion Income Statement": 907000.0,
        "Depreciation And Amortization In Income Statement": 907000.0,
        "Amortization": 907000.0,
        "Amortization Of Intangibles Income Statement": 907000.0,
        "Selling General And Administration": 91712000.0,
        "Selling And Marketing Expense": 2651000.0,
        "General And Administrative Expense": 89061000.0,
        "Other Gand A": 14345000.0,
        "Insurance And Claims": 1720000.0,
        "Salaries And Wages": 72996000.0,
        "Total Revenue": 178510000.0,
        "Operating Revenue": 178510000.0
    },
    "2022-03-31": {
        "Diluted EPS": 0.3,
        "Total Revenue": 178,
        "Gross Profit": 175,
        "Operating Income": 66,
        "EBIT": NaN,
        "Net Income": 52
    },
    "2021-12-31": {
        "Diluted EPS": 0.2,
        "Total Revenue": 174,
        "Gross Profit": 171,
        "Operating Income": 32,
        "EBIT": NaN,
        "Net Income": 35
    },
    "2021-09-30": {
        "Diluted EPS": 0.22,
        "Total Revenue": 147,
        "Gross Profit": 146,
        "Operating Income": 48,
        "EBIT": NaN,
        "Net Income": 37
    },
    "2021-06-30": {
        "Diluted EPS": 0.2,
        "Total Revenue": 151,
        "Gross Profit": 150,
        "Operating Income": 46,
        "EBIT": NaN,
        "Net Income": 35
    },
    "2021-03-31": {
        "Diluted EPS": 0.28,
        "Total Revenue": 156,
        "Gross Profit": 155,
        "Operating Income": 62,
        "EBIT": NaN,
        "Net Income": 48
    },
    "2020-12-31": {
        "Diluted EPS": 0.0,
        "Total Revenue": 154,
        "Gross Profit": 153,
        "Operating Income": -47,
        "EBIT": NaN,
        "Net Income": -44
    },
    "2020-09-30": {
        "Diluted EPS": 0.0,
        "Total Revenue": 148,
        "Gross Profit": 146,
        "Operating Income": 36,
        "EBIT": NaN,
        "Net Income": 29
    },
    "2020-06-30": {
        "Diluted EPS": 0.0,
        "Total Revenue": 150,
        "Gross Profit": 146,
        "Operating Income": 37,
        "EBIT": NaN,
        "Net Income": 30
    },
    "2020-03-31": {
        "Diluted EPS": 0.0,
        "Total Revenue": 140,
        "Gross Profit": 134,
        "Operating Income": 10,
        "EBIT": NaN,
        "Net Income": 8
    },
    "2019-12-31": {
        "Diluted EPS": 0.0,
        "Total Revenue": NaN,
        "Gross Profit": NaN,
        "Operating Income": NaN,
        "EBIT": NaN,
        "Net Income": NaN
    },
    "2019-09-30": {
        "Diluted EPS": 0.0,
        "Total Revenue": 154,
        "Gross Profit": 146,
        "Operating Income": 45,
        "EBIT": NaN,
        "Net Income": 36
    },
    "2018-12-31": {
        "Diluted EPS": 0.0,
        "Total Revenue": NaN,
        "Gross Profit": NaN,
        "Operating Income": NaN,
        "EBIT": NaN,
        "Net Income": NaN
    },
    "2023-09-30": {
        "Tax Effect Of Unusual Items": NaN,
        "Tax Rate For Calcs": NaN,
        "Net Income From Continuing Operation Net Minority Interest": NaN,
        "Reconciled Depreciation": NaN,
        "Net Interest Income": NaN,
        "Interest Expense": NaN,
        "Interest Income": NaN,
        "Normalized Income": NaN,
        "Net Income From Continuing And Discontinued Operation": NaN,
        "Diluted Average Shares": 162469887.0,
        "Basic Average Shares": 162370469.0,
        "Diluted EPS": 0.36,
        "Basic EPS": 0.36,
        "Diluted NI Availto Com Stockholders": NaN,
        "Net Income Common Stockholders": NaN,
        "Net Income": NaN,
        "Net Income Including Noncontrolling Interests": NaN,
        "Net Income Discontinuous Operations": NaN,
        "Net Income Continuous Operations": NaN,
        "Tax Provision": NaN,
        "Pretax Income": NaN,
        "Gain On Sale Of Security": NaN,
        "Depreciation Amortization Depletion Income Statement": NaN,
        "Depreciation And Amortization In Income Statement": NaN,
        "Amortization": NaN,
        "Amortization Of Intangibles Income Statement": NaN,
        "Selling General And Administration": NaN,
        "Selling And Marketing Expense": NaN,
        "General And Administrative Expense": NaN,
        "Insurance And Claims": NaN,
        "Salaries And Wages": NaN,
        "Total Revenue": NaN,
        "Operating Revenue": NaN,
        "Occupancy And Equipment": NaN,
        "Professional Expense And Contract Services Expense": NaN,
        "Other Non Interest Expense": NaN
    },
    "2023-12-31": {
        "Tax Effect Of Unusual Items": NaN,
        "Tax Rate For Calcs": NaN,
        "Net Income From Continuing Operation Net Minority Interest": NaN,
        "Reconciled Depreciation": NaN,
        "Net Interest Income": NaN,
        "Interest Expense": NaN,
        "Interest Income": NaN,
        "Normalized Income": NaN,
        "Net Income From Continuing And Discontinued Operation": NaN,
        "Diluted Average Shares": NaN,
        "Basic Average Shares": NaN,
        "Diluted EPS": NaN,
        "Basic EPS": NaN,
        "Diluted NI Availto Com Stockholders": NaN,
        "Net Income Common Stockholders": NaN,
        "Net Income": NaN,
        "Net Income Including Noncontrolling Interests": NaN,
        "Net Income Discontinuous Operations": 286994000.0,
        "Net Income Continuous Operations": NaN,
        "Tax Provision": NaN,
        "Pretax Income": NaN,
        "Other Non Operating Income Expenses": NaN,
        "Gain On Sale Of Security": NaN,
        "Depreciation Amortization Depletion Income Statement": NaN,
        "Depreciation And Amortization In Income Statement": NaN,
        "Amortization": NaN,
        "Amortization Of Intangibles Income Statement": NaN,
        "Selling General And Administration": NaN,
        "Selling And Marketing Expense": NaN,
        "General And Administrative Expense": NaN,
        "Insurance And Claims": NaN,
        "Salaries And Wages": NaN,
        "Total Revenue": NaN,
        "Operating Revenue": NaN,
        "Occupancy And Equipment": NaN,
        "Professional Expense And Contract Services Expense": NaN,
        "Other Non Interest Expense": NaN
    },
    "2024-03-31": {
        "Tax Effect Of Unusual Items": NaN,
        "Tax Rate For Calcs": NaN,
        "Net Income From Continuing Operation Net Minority Interest": NaN,
        "Reconciled Depreciation": NaN,
        "Net Interest Income": NaN,
        "Interest Expense": NaN,
        "Interest Income": NaN,
        "Normalized Income": NaN,
        "Net Income From Continuing And Discontinued Operation": NaN,
        "Diluted Average Shares": NaN,
        "Basic Average Shares": NaN,
        "Diluted EPS": NaN,
        "Basic EPS": NaN,
        "Diluted NI Availto Com Stockholders": NaN,
        "Net Income Common Stockholders": NaN,
        "Net Income": NaN,
        "Net Income Including Noncontrolling Interests": NaN,
        "Net Income Discontinuous Operations": 0.0,
        "Net Income Continuous Operations": NaN,
        "Tax Provision": NaN,
        "Pretax Income": NaN,
        "Other Non Operating Income Expenses": NaN,
        "Gain On Sale Of Security": NaN,
        "Depreciation Amortization Depletion Income Statement": NaN,
        "Depreciation And Amortization In Income Statement": NaN,
        "Amortization": NaN,
        "Amortization Of Intangibles Income Statement": NaN,
        "Selling General And Administration": NaN,
        "Selling And Marketing Expense": NaN,
        "General And Administrative Expense": NaN,
        "Insurance And Claims": NaN,
        "Salaries And Wages": NaN,
        "Total Revenue": NaN,
        "Operating Revenue": NaN,
        "Occupancy And Equipment": NaN,
        "Professional Expense And Contract Services Expense": NaN,
        "Other Non Interest Expense": NaN
    },
    "2024-06-30": {
        "Tax Effect Of Unusual Items": NaN,
        "Tax Rate For Calcs": NaN,
        "Net Income From Continuing Operation Net Minority Interest": NaN,
        "Reconciled Depreciation": NaN,
        "Net Interest Income": NaN,
        "Interest Expense": NaN,
        "Interest Income": NaN,
        "Normalized Income": NaN,
        "Net Income From Continuing And Discontinued Operation": NaN,
        "Diluted Average Shares": NaN,
        "Basic Average Shares": NaN,
        "Diluted EPS": NaN,
        "Basic EPS": NaN,
        "Diluted NI Availto Com Stockholders": NaN,
        "Net Income Common Stockholders": NaN,
        "Net Income": NaN,
        "Net Income Including Noncontrolling Interests": NaN,
        "Net Income Discontinuous Operations": 0.0,
        "Net Income Continuous Operations": NaN,
        "Tax Provision": NaN,
        "Pretax Income": NaN,
        "Other Non Operating Income Expenses": NaN,
        "Gain On Sale Of Security": NaN,
        "Depreciation Amortization Depletion Income Statement": NaN,
        "Depreciation And Amortization In Income Statement": NaN,
        "Amortization": NaN,
        "Amortization Of Intangibles Income Statement": NaN,
        "Selling General And Administration": NaN,
        "Selling And Marketing Expense": NaN,
        "General And Administrative Expense": NaN,
        "Insurance And Claims": NaN,
        "Salaries And Wages": NaN,
        "Total Revenue": NaN,
        "Operating Revenue": NaN,
        "Occupancy And Equipment": NaN,
        "Professional Expense And Contract Services Expense": NaN,
        "Other Non Interest Expense": NaN
    },
    "2024-09-30": {
        "Tax Effect Of Unusual Items": 0.0,
        "Tax Rate For Calcs": 0.21,
        "Net Income From Continuing Operation Net Minority Interest": -6188000.0,
        "Reconciled Depreciation": 13291000.0,
        "Net Interest Income": 169855000.0,
        "Interest Expense": 96163000.0,
        "Interest Income": 266018000.0,
        "Normalized Income": -6188000.0,
        "Net Income From Continuing And Discontinued Operation": -6188000.0,
        "Diluted Average Shares": 197706644.0,
        "Basic Average Shares": 196700222.0,
        "Diluted EPS": -0.03,
        "Basic EPS": -0.03,
        "Diluted NI Availto Com Stockholders": -6188000.0,
        "Net Income Common Stockholders": -6188000.0,
        "Net Income": -6188000.0,
        "Net Income Including Noncontrolling Interests": -6188000.0,
        "Net Income Discontinuous Operations": 0.0,
        "Net Income Continuous Operations": -6188000.0,
        "Tax Provision": 2835000.0,
        "Pretax Income": -3353000.0,
        "Other Non Operating Income Expenses": -12052000.0,
        "Gain On Sale Of Security": 4156000.0,
        "Depreciation Amortization Depletion Income Statement": 6210000.0,
        "Depreciation And Amortization In Income Statement": 6210000.0,
        "Amortization": 6210000.0,
        "Amortization Of Intangibles Income Statement": 6210000.0,
        "Selling General And Administration": 98535000.0,
        "Selling And Marketing Expense": 1576000.0,
        "General And Administrative Expense": 96959000.0,
        "Insurance And Claims": 3200000.0,
        "Salaries And Wages": 93759000.0,
        "Total Revenue": 203383000.0,
        "Operating Revenue": 203383000.0,
        "Occupancy And Equipment": 14470000.0,
        "Professional Expense And Contract Services Expense": 8982000.0,
        "Other Non Interest Expense": 19504000.0
    },
    "2024-12-31": {
        "Tax Effect Of Unusual Items": 0.0,
        "Tax Rate For Calcs": 0.15804,
        "Net Income From Continuing Operation Net Minority Interest": 60771000.0,
        "Reconciled Depreciation": 13183000.0,
        "Net Interest Income": 179193000.0,
        "Interest Expense": 91568000.0,
        "Interest Income": 270761000.0,
        "Normalized Income": 60771000.0,
        "Net Income From Continuing And Discontinued Operation": 60771000.0,
        "Diluted Average Shares": 202638608.0,
        "Basic Average Shares": 201237749.0,
        "Diluted EPS": 0.3,
        "Basic EPS": 0.3,
        "Diluted NI Availto Com Stockholders": 60771000.0,
        "Net Income Common Stockholders": 60771000.0,
        "Net Income": 60771000.0,
        "Net Income Including Noncontrolling Interests": 60771000.0,
        "Net Income Discontinuous Operations": 0.0,
        "Net Income Continuous Operations": 60771000.0,
        "Tax Provision": 11407000.0,
        "Pretax Income": 72178000.0,
        "Other Non Operating Income Expenses": -7139000.0,
        "Gain On Sale Of Security": -8067000.0,
        "Depreciation Amortization Depletion Income Statement": 7351000.0,
        "Depreciation And Amortization In Income Statement": 7351000.0,
        "Amortization": 7351000.0,
        "Amortization Of Intangibles Income Statement": 7351000.0,
        "Selling General And Administration": 85593000.0,
        "Selling And Marketing Expense": 2823000.0,
        "General And Administrative Expense": 82770000.0,
        "Insurance And Claims": 3873000.0,
        "Salaries And Wages": 78897000.0,
        "Total Revenue": 216542000.0,
        "Operating Revenue": 216542000.0,
        "Occupancy And Equipment": 12752000.0,
        "Professional Expense And Contract Services Expense": 3329000.0,
        "Other Non Interest Expense": 21380000.0
    },
    "2025-03-31": {
        "Tax Effect Of Unusual Items": 0.0,
        "Tax Rate For Calcs": 0.21,
        "Net Income From Continuing Operation Net Minority Interest": -217666000.0,
        "Reconciled Depreciation": 13682000.0,
        "Net Interest Income": 188899000.0,
        "Interest Expense": 76806000.0,
        "Interest Income": 265705000.0,
        "Normalized Income": -217666000.0,
        "Net Income From Continuing And Discontinued Operation": -217666000.0,
        "Diluted Average Shares": 201400000.0,
        "Basic Average Shares": 200000000.0,
        "Diluted EPS": -1.08,
        "Basic EPS": -1.08,
        "Diluted NI Availto Com Stockholders": -217666000.0,
        "Net Income Common Stockholders": -217666000.0,
        "Net Income": -217666000.0,
        "Net Income Including Noncontrolling Interests": -217666000.0,
        "Net Income Discontinuous Operations": NaN,
        "Net Income Continuous Operations": -217666000.0,
        "Tax Provision": 33727000.0,
        "Pretax Income": -183939000.0,
        "Other Non Operating Income Expenses": -5877000.0,
        "Gain On Sale Of Security": -270407000.0,
        "Depreciation Amortization Depletion Income Statement": 7808000.0,
        "Depreciation And Amortization In Income Statement": 7808000.0,
        "Amortization": 7808000.0,
        "Amortization Of Intangibles Income Statement": 7808000.0,
        "Selling General And Administration": 84879000.0,
        "Selling And Marketing Expense": 1732000.0,
        "General And Administrative Expense": 83147000.0,
        "Insurance And Claims": 3288000.0,
        "Salaries And Wages": 79859000.0,
        "Total Revenue": -47219000.0,
        "Operating Revenue": -47219000.0,
        "Occupancy And Equipment": 10617000.0,
        "Professional Expense And Contract Services Expense": 2924000.0,
        "Other Non Interest Expense": 18015000.0
    },
    "2025-06-30": {
        "Tax Effect Of Unusual Items": 0.0,
        "Tax Rate For Calcs": 0.001,
        "Net Income From Continuing Operation Net Minority Interest": 100233000.0,
        "Reconciled Depreciation": 14136000.0,
        "Net Interest Income": 202030000.0,
        "Interest Expense": 77309000.0,
        "Interest Income": 279339000.0,
        "Normalized Income": 100233000.0,
        "Net Income From Continuing And Discontinued Operation": 100233000.0,
        "Diluted Average Shares": 199000000.0,
        "Basic Average Shares": 198500000.0,
        "Diluted EPS": 0.5,
        "Basic EPS": 0.5,
        "Diluted NI Availto Com Stockholders": 100233000.0,
        "Net Income Common Stockholders": 100233000.0,
        "Net Income": 100233000.0,
        "Net Income Including Noncontrolling Interests": 100233000.0,
        "Net Income Discontinuous Operations": NaN,
        "Net Income Continuous Operations": 100233000.0,
        "Tax Provision": 87000.0,
        "Pretax Income": 100320000.0,
        "Other Non Operating Income Expenses": -1964000.0,
        "Gain On Sale Of Security": 6705000.0,
        "Depreciation Amortization Depletion Income Statement": 7807000.0,
        "Depreciation And Amortization In Income Statement": 7807000.0,
        "Amortization": 7807000.0,
        "Amortization Of Intangibles Income Statement": 7807000.0,
        "Selling General And Administration": 86908000.0,
        "Selling And Marketing Expense": 2432000.0,
        "General And Administrative Expense": 84476000.0,
        "Insurance And Claims": 3780000.0,
        "Salaries And Wages": 80696000.0,
        "Total Revenue": 244263000.0,
        "Operating Revenue": 244263000.0,
        "Occupancy And Equipment": 11230000.0,
        "Professional Expense And Contract Services Expense": 3037000.0,
        "Other Non Interest Expense": 25397000.0
    },
    "2025-09-30": {
        "Tax Effect Of Unusual Items": 0.0,
        "Tax Rate For Calcs": 0.21,
        "Net Income From Continuing Operation Net Minority Interest": 106144000.0,
        "Reconciled Depreciation": 14047000.0,
        "Net Interest Income": 200248000.0,
        "Interest Expense": 82768000.0,
        "Interest Income": 283016000.0,
        "Normalized Income": 106144000.0,
        "Net Income From Continuing And Discontinued Operation": 106144000.0,
        "Diluted Average Shares": 199478940.0,
        "Basic Average Shares": 198726113.0,
        "Diluted EPS": 0.53,
        "Basic EPS": 0.53,
        "Diluted NI Availto Com Stockholders": 106144000.0,
        "Net Income Common Stockholders": 106144000.0,
        "Net Income": 106144000.0,
        "Net Income Including Noncontrolling Interests": 106144000.0,
        "Net Income Discontinuous Operations": NaN,
        "Net Income Continuous Operations": 106144000.0,
        "Tax Provision": -12177000.0,
        "Pretax Income": 93967000.0,
        "Other Non Operating Income Expenses": -1694000.0,
        "Gain On Sale Of Security": 4724000.0,
        "Depreciation Amortization Depletion Income Statement": 7808000.0,
        "Depreciation And Amortization In Income Statement": 7808000.0,
        "Amortization": 7808000.0,
        "Amortization Of Intangibles Income Statement": 7808000.0,
        "Selling General And Administration": 90143000.0,
        "Selling And Marketing Expense": 2666000.0,
        "General And Administrative Expense": 87477000.0,
        "Insurance And Claims": 3509000.0,
        "Salaries And Wages": 83968000.0,
        "Total Revenue": 239976000.0,
        "Operating Revenue": 239976000.0,
        "Occupancy And Equipment": 11729000.0,
        "Professional Expense And Contract Services Expense": 3039000.0,
        "Other Non Interest Expense": 24496000.0
    }
}