{
    "2023-05-31": {
        "Tax Effect Of Unusual Items": NaN,
        "Tax Rate For Calcs": NaN,
        "Normalized EBITDA": NaN,
        "Total Unusual Items": NaN,
        "Total Unusual Items Excluding Goodwill": NaN,
        "Net Income From Continuing Operation Net Minority Interest": NaN,
        "Reconciled Depreciation": NaN,
        "Reconciled Cost Of Revenue": NaN,
        "EBITDA": NaN,
        "EBIT": NaN,
        "Net Interest Income": 816000.0,
        "Interest Income": 816000.0,
        "Normalized Income": NaN,
        "Net Income From Continuing And Discontinued Operation": NaN,
        "Total Expenses": NaN,
        "Total Operating Income As Reported": NaN,
        "Diluted Average Shares": NaN,
        "Basic Average Shares": NaN,
        "Diluted EPS": NaN,
        "Basic EPS": NaN,
        "Diluted NI Availto Com Stockholders": NaN,
        "Net Income Common Stockholders": NaN,
        "Net Income": NaN,
        "Net Income Including Noncontrolling Interests": NaN,
        "Net Income Continuous Operations": NaN,
        "Tax Provision": NaN,
        "Pretax Income": NaN,
        "Other Income Expense": NaN,
        "Other Non Operating Income Expenses": NaN,
        "Special Income Charges": NaN,
        "Gain On Sale Of Ppe": NaN,
        "Net Non Operating Interest Income Expense": 816000.0,
        "Interest Income Non Operating": 816000.0,
        "Operating Income": NaN,
        "Operating Expense": NaN,
        "Selling General And Administration": NaN,
        "Gross Profit": NaN,
        "Cost Of Revenue": NaN,
        "Total Revenue": NaN,
        "Operating Revenue": NaN
    },
    "2023-02-28": {
        "Tax Effect Of Unusual Items": NaN,
        "Tax Rate For Calcs": NaN,
        "Normalized EBITDA": NaN,
        "Total Unusual Items": NaN,
        "Total Unusual Items Excluding Goodwill": NaN,
        "Net Income From Continuing Operation Net Minority Interest": NaN,
        "Reconciled Depreciation": NaN,
        "Reconciled Cost Of Revenue": NaN,
        "EBITDA": NaN,
        "EBIT": NaN,
        "Net Interest Income": NaN,
        "Interest Expense": 0.0,
        "Interest Income": NaN,
        "Normalized Income": NaN,
        "Net Income From Continuing And Discontinued Operation": NaN,
        "Total Expenses": NaN,
        "Total Operating Income As Reported": NaN,
        "Diluted Average Shares": NaN,
        "Basic Average Shares": NaN,
        "Diluted EPS": NaN,
        "Basic EPS": NaN,
        "Diluted NI Availto Com Stockholders": NaN,
        "Net Income Common Stockholders": NaN,
        "Net Income": NaN,
        "Net Income Including Noncontrolling Interests": NaN,
        "Net Income Continuous Operations": NaN,
        "Tax Provision": NaN,
        "Pretax Income": NaN,
        "Other Income Expense": NaN,
        "Other Non Operating Income Expenses": NaN,
        "Special Income Charges": NaN,
        "Gain On Sale Of Ppe": NaN,
        "Net Non Operating Interest Income Expense": NaN,
        "Interest Expense Non Operating": 0.0,
        "Interest Income Non Operating": NaN,
        "Operating Income": NaN,
        "Operating Expense": NaN,
        "Selling General And Administration": NaN,
        "Gross Profit": NaN,
        "Cost Of Revenue": NaN,
        "Total Revenue": NaN,
        "Operating Revenue": NaN
    },
    "2022-11-30": {
        "Tax Effect Of Unusual Items": NaN,
        "Tax Rate For Calcs": NaN,
        "Normalized EBITDA": NaN,
        "Total Unusual Items": NaN,
        "Total Unusual Items Excluding Goodwill": NaN,
        "Net Income From Continuing Operation Net Minority Interest": NaN,
        "Reconciled Depreciation": NaN,
        "Reconciled Cost Of Revenue": NaN,
        "EBITDA": NaN,
        "EBIT": NaN,
        "Net Interest Income": NaN,
        "Interest Expense": 0.0,
        "Interest Income": 232000.0,
        "Normalized Income": NaN,
        "Net Income From Continuing And Discontinued Operation": NaN,
        "Total Expenses": NaN,
        "Total Operating Income As Reported": NaN,
        "Diluted Average Shares": NaN,
        "Basic Average Shares": NaN,
        "Diluted EPS": NaN,
        "Basic EPS": NaN,
        "Diluted NI Availto Com Stockholders": NaN,
        "Net Income Common Stockholders": NaN,
        "Net Income": NaN,
        "Net Income Including Noncontrolling Interests": NaN,
        "Net Income Continuous Operations": NaN,
        "Tax Provision": NaN,
        "Pretax Income": NaN,
        "Other Income Expense": NaN,
        "Other Non Operating Income Expenses": NaN,
        "Special Income Charges": NaN,
        "Gain On Sale Of Ppe": NaN,
        "Net Non Operating Interest Income Expense": NaN,
        "Interest Expense Non Operating": 0.0,
        "Interest Income Non Operating": 232000.0,
        "Operating Income": NaN,
        "Operating Expense": NaN,
        "Selling General And Administration": NaN,
        "Gross Profit": NaN,
        "Cost Of Revenue": NaN,
        "Total Revenue": NaN,
        "Operating Revenue": NaN
    },
    "2022-08-31": {
        "Tax Effect Of Unusual Items": NaN,
        "Tax Rate For Calcs": NaN,
        "Normalized EBITDA": NaN,
        "Total Unusual Items": NaN,
        "Total Unusual Items Excluding Goodwill": NaN,
        "Net Income From Continuing Operation Net Minority Interest": NaN,
        "Reconciled Depreciation": NaN,
        "Reconciled Cost Of Revenue": NaN,
        "EBITDA": NaN,
        "EBIT": NaN,
        "Net Interest Income": 0.0,
        "Interest Expense": 0.0,
        "Interest Income": NaN,
        "Normalized Income": NaN,
        "Net Income From Continuing And Discontinued Operation": NaN,
        "Total Expenses": NaN,
        "Total Operating Income As Reported": NaN,
        "Diluted Average Shares": NaN,
        "Basic Average Shares": NaN,
        "Diluted EPS": NaN,
        "Basic EPS": NaN,
        "Diluted NI Availto Com Stockholders": NaN,
        "Net Income Common Stockholders": NaN,
        "Net Income": NaN,
        "Net Income Including Noncontrolling Interests": NaN,
        "Net Income Continuous Operations": NaN,
        "Tax Provision": NaN,
        "Pretax Income": NaN,
        "Other Income Expense": NaN,
        "Other Non Operating Income Expenses": NaN,
        "Special Income Charges": NaN,
        "Gain On Sale Of Ppe": NaN,
        "Net Non Operating Interest Income Expense": 0.0,
        "Interest Expense Non Operating": 0.0,
        "Interest Income Non Operating": NaN,
        "Operating Income": NaN,
        "Operating Expense": NaN,
        "Selling General And Administration": NaN,
        "Gross Profit": NaN,
        "Cost Of Revenue": NaN,
        "Total Revenue": NaN,
        "Operating Revenue": NaN
    },
    "2022-05-31": {
        "Tax Effect Of Unusual Items": 0.0,
        "Tax Rate For Calcs": 0.280062,
        "Normalized EBITDA": 16322000.0,
        "Total Unusual Items": 0.0,
        "Total Unusual Items Excluding Goodwill": 0.0,
        "Net Income From Continuing Operation Net Minority Interest": 11627000.0,
        "Reconciled Depreciation": 4378000.0,
        "Reconciled Cost Of Revenue": 73663000.0,
        "EBIT": 16322000.0,
        "Net Interest Income": 0.0,
        "Interest Expense": 0.0,
        "Normalized Income": 11627000.0,
        "Net Income From Continuing And Discontinued Operation": 11627000.0,
        "Total Expenses": 91345000.0,
        "Total Operating Income As Reported": 16322000.0,
        "Diluted Average Shares": 25855370.0,
        "Basic Average Shares": 25812078.0,
        "Diluted EPS": 0.45,
        "Basic EPS": 0.45,
        "Diluted NI Availto Com Stockholders": 11627000.0,
        "Net Income Common Stockholders": 11627000.0,
        "Net Income": 11627000.0,
        "Net Income Including Noncontrolling Interests": 11627000.0,
        "Net Income Continuous Operations": 11627000.0,
        "Tax Provision": 4523000.0,
        "Pretax Income": 16150000.0,
        "Other Income Expense": -172000.0,
        "Other Non Operating Income Expenses": -172000.0,
        "Special Income Charges": 0.0,
        "Gain On Sale Of Ppe": 0.0,
        "Net Non Operating Interest Income Expense": 0.0,
        "Interest Expense Non Operating": 0.0,
        "Operating Income": 16322000.0,
        "Operating Expense": 17682000.0,
        "Other Operating Expenses": 17682000.0,
        "Selling General And Administration": 17682000.0,
        "Gross Profit": 34004000.0,
        "Cost Of Revenue": 73663000.0,
        "Total Revenue": 107667000.0,
        "Operating Revenue": 107667000.0
    },
    "2022-02-28": {
        "Diluted EPS": 0.25,
        "Total Revenue": 100,
        "Gross Profit": 27,
        "Operating Income": 11,
        "EBIT": 15,
        "Net Income": 7
    },
    "2021-11-30": {
        "Diluted EPS": 0.29,
        "Total Revenue": 103,
        "Gross Profit": 29,
        "Operating Income": 12,
        "EBIT": 16,
        "Net Income": 8
    },
    "2021-08-31": {
        "Diluted EPS": 0.29,
        "Total Revenue": 100,
        "Gross Profit": 29,
        "Operating Income": 11,
        "EBIT": 15,
        "Net Income": 7
    },
    "2021-05-31": {
        "Diluted EPS": 0.28,
        "Total Revenue": 97,
        "Gross Profit": 29,
        "Operating Income": 11,
        "EBIT": 15,
        "Net Income": 7
    },
    "2021-02-28": {
        "Diluted EPS": 0.2,
        "Total Revenue": 90,
        "Gross Profit": 27,
        "Operating Income": 10,
        "EBIT": 14,
        "Net Income": 5
    },
    "2020-11-30": {
        "Diluted EPS": 0.32,
        "Total Revenue": 92,
        "Gross Profit": 28,
        "Operating Income": 12,
        "EBIT": 16,
        "Net Income": 8
    },
    "2020-08-31": {
        "Diluted EPS": 0.25,
        "Total Revenue": 87,
        "Gross Profit": 25,
        "Operating Income": 9,
        "EBIT": 13,
        "Net Income": 6
    },
    "2020-05-31": {
        "Diluted EPS": 0.16,
        "Total Revenue": 89,
        "Gross Profit": 24,
        "Operating Income": 6,
        "EBIT": 10,
        "Net Income": 4
    },
    "2020-02-29": {
        "Diluted EPS": 0.32,
        "Total Revenue": 107,
        "Gross Profit": 30,
        "Operating Income": 11,
        "EBIT": 16,
        "Net Income": 9
    },
    "2019-11-30": {
        "Diluted EPS": 0.41,
        "Total Revenue": 115,
        "Gross Profit": 34,
        "Operating Income": 14,
        "EBIT": 19,
        "Net Income": 11
    },
    "2019-08-31": {
        "Diluted EPS": 0.37,
        "Total Revenue": 109,
        "Gross Profit": 32,
        "Operating Income": 13,
        "EBIT": 17,
        "Net Income": 10
    },
    "2019-05-31": {
        "Diluted EPS": 0.37,
        "Total Revenue": 108,
        "Gross Profit": 33,
        "Operating Income": 13,
        "EBIT": 17,
        "Net Income": 10
    },
    "2019-02-28": {
        "Diluted EPS": 0.32,
        "Total Revenue": 101,
        "Gross Profit": 29,
        "Operating Income": 11,
        "EBIT": 15,
        "Net Income": 8
    },
    "2018-11-30": {
        "Diluted EPS": 0.4,
        "Total Revenue": 108,
        "Gross Profit": 34,
        "Operating Income": 14,
        "EBIT": 19,
        "Net Income": 10
    },
    "2018-08-31": {
        "Diluted EPS": 0.37,
        "Total Revenue": 99,
        "Gross Profit": 30,
        "Operating Income": 13,
        "EBIT": 17,
        "Net Income": 10
    },
    "2018-05-31": {
        "Diluted EPS": 0.36,
        "Total Revenue": 93,
        "Gross Profit": 30,
        "Operating Income": 12,
        "EBIT": 16,
        "Net Income": 9
    },
    "2018-02-28": {
        "Diluted EPS": 0.32,
        "Total Revenue": 87,
        "Gross Profit": 26,
        "Operating Income": 8,
        "EBIT": 12,
        "Net Income": 8
    },
    "2017-11-30": {
        "Diluted EPS": 0.33,
        "Total Revenue": 94,
        "Gross Profit": 30,
        "Operating Income": 13,
        "EBIT": 17,
        "Net Income": 8
    },
    "2017-08-31": {
        "Diluted EPS": 0.34,
        "Total Revenue": 95,
        "Gross Profit": 31,
        "Operating Income": 14,
        "EBIT": 17,
        "Net Income": 9
    },
    "2017-05-31": {
        "Diluted EPS": 0.31,
        "Total Revenue": 95,
        "Gross Profit": 30,
        "Operating Income": 13,
        "EBIT": 16,
        "Net Income": 8
    },
    "2017-02-28": {
        "Diluted EPS": 0.24,
        "Total Revenue": 87,
        "Gross Profit": 26,
        "Operating Income": 11,
        "EBIT": 14,
        "Net Income": 6
    },
    "2016-11-30": {
        "Diluted EPS": 0.22,
        "Total Revenue": 89,
        "Gross Profit": 25,
        "Operating Income": 9,
        "EBIT": 12,
        "Net Income": 6
    },
    "2016-08-31": {
        "Diluted EPS": 0.26,
        "Total Revenue": 91,
        "Gross Profit": 27,
        "Operating Income": 11,
        "EBIT": 14,
        "Net Income": 7
    },
    "2016-05-31": {
        "Diluted EPS": -0.65,
        "Total Revenue": 90,
        "Gross Profit": 27,
        "Operating Income": 11,
        "EBIT": 14,
        "Net Income": -17
    },
    "2016-02-29": {
        "Diluted EPS": 0.19,
        "Total Revenue": 128,
        "Gross Profit": 34,
        "Operating Income": 7,
        "EBIT": 10,
        "Net Income": 5
    },
    "2015-11-30": {
        "Diluted EPS": 0.41,
        "Total Revenue": 98,
        "Gross Profit": 30,
        "Operating Income": 14,
        "EBIT": 17,
        "Net Income": 11
    },
    "2015-08-31": {
        "Diluted EPS": 0.43,
        "Total Revenue": 100,
        "Gross Profit": 31,
        "Operating Income": 15,
        "EBIT": 18,
        "Net Income": 11
    },
    "2015-05-31": {
        "Diluted EPS": 0.36,
        "Total Revenue": 97,
        "Gross Profit": 30,
        "Operating Income": 14,
        "EBIT": 17,
        "Net Income": 9
    },
    "2015-02-28": {
        "Diluted EPS": 0.34,
        "Total Revenue": -60,
        "Gross Profit": 5,
        "Operating Income": 105,
        "EBIT": 104,
        "Net Income": 9
    },
    "2014-11-30": {
        "Diluted EPS": -2.76,
        "Total Revenue": 147,
        "Gross Profit": 37,
        "Operating Income": -81,
        "EBIT": -77,
        "Net Income": -71
    },
    "2014-08-31": {
        "Diluted EPS": 0.39,
        "Total Revenue": 152,
        "Gross Profit": 38,
        "Operating Income": 16,
        "EBIT": 20,
        "Net Income": 10
    },
    "2014-05-31": {
        "Diluted EPS": 0.31,
        "Total Revenue": 141,
        "Gross Profit": 35,
        "Operating Income": 14,
        "EBIT": 18,
        "Net Income": 8
    },
    "2014-02-28": {
        "Diluted EPS": -0.57,
        "Total Revenue": 132,
        "Gross Profit": 34,
        "Operating Income": -12,
        "EBIT": -8,
        "Net Income": -14
    },
    "2013-11-30": {
        "Diluted EPS": 0.36,
        "Total Revenue": 137,
        "Gross Profit": 38,
        "Operating Income": 15,
        "EBIT": 19,
        "Net Income": 9
    },
    "2013-08-31": {
        "Diluted EPS": 0.38,
        "Total Revenue": 135,
        "Gross Profit": 37,
        "Operating Income": 16,
        "EBIT": 19,
        "Net Income": 10
    },
    "2013-05-31": {
        "Diluted EPS": 0.33,
        "Total Revenue": 138,
        "Gross Profit": 36,
        "Operating Income": 14,
        "EBIT": 17,
        "Net Income": 9
    },
    "2013-02-28": {
        "Diluted EPS": 0.27,
        "Total Revenue": 124,
        "Gross Profit": 31,
        "Operating Income": 12,
        "EBIT": 15,
        "Net Income": 7
    },
    "2012-11-30": {
        "Diluted EPS": 0.24,
        "Total Revenue": 129,
        "Gross Profit": 31,
        "Operating Income": 10,
        "EBIT": 13,
        "Net Income": 6
    },
    "2012-08-31": {
        "Diluted EPS": 0.29,
        "Total Revenue": 138,
        "Gross Profit": 34,
        "Operating Income": 13,
        "EBIT": 16,
        "Net Income": 8
    },
    "2012-05-31": {
        "Diluted EPS": 0.15,
        "Total Revenue": 143,
        "Gross Profit": 28,
        "Operating Income": 6,
        "EBIT": 10,
        "Net Income": 4
    },
    "2012-02-29": {
        "Diluted EPS": 0.13,
        "Total Revenue": 122,
        "Gross Profit": 27,
        "Operating Income": 6,
        "EBIT": 9,
        "Net Income": 3
    },
    "2011-11-30": {
        "Diluted EPS": 0.27,
        "Total Revenue": 122,
        "Gross Profit": 30,
        "Operating Income": 11,
        "EBIT": 14,
        "Net Income": 7
    },
    "2011-08-31": {
        "Diluted EPS": 0.37,
        "Total Revenue": 130,
        "Gross Profit": 34,
        "Operating Income": 16,
        "EBIT": 19,
        "Net Income": 10
    },
    "2011-05-31": {
        "Diluted EPS": 0.44,
        "Total Revenue": 143,
        "Gross Profit": 40,
        "Operating Income": 19,
        "EBIT": 22,
        "Net Income": 11
    },
    "2011-02-28": {
        "Diluted EPS": 0.38,
        "Total Revenue": 131,
        "Gross Profit": 36,
        "Operating Income": 15,
        "EBIT": 18,
        "Net Income": 10
    },
    "2010-11-30": {
        "Diluted EPS": 0.37,
        "Total Revenue": 135,
        "Gross Profit": 37,
        "Operating Income": 16,
        "EBIT": 18,
        "Net Income": 10
    },
    "2010-08-31": {
        "Diluted EPS": 0.47,
        "Total Revenue": 143,
        "Gross Profit": 40,
        "Operating Income": 19,
        "EBIT": 22,
        "Net Income": 12
    },
    "2010-05-31": {
        "Diluted EPS": 0.5,
        "Total Revenue": 141,
        "Gross Profit": 42,
        "Operating Income": 21,
        "EBIT": 24,
        "Net Income": 13
    },
    "2010-02-28": {
        "Diluted EPS": 0.37,
        "Total Revenue": 121,
        "Gross Profit": 34,
        "Operating Income": 16,
        "EBIT": 19,
        "Net Income": 10
    },
    "2009-11-30": {
        "Diluted EPS": 0.36,
        "Total Revenue": 128,
        "Gross Profit": 34,
        "Operating Income": 15,
        "EBIT": 18,
        "Net Income": 9
    },
    "2009-08-31": {
        "Diluted EPS": 0.37,
        "Total Revenue": 138,
        "Gross Profit": 36,
        "Operating Income": 16,
        "EBIT": 19,
        "Net Income": 10
    },
    "2009-05-31": {
        "Diluted EPS": 0.26,
        "Total Revenue": 131,
        "Gross Profit": 31,
        "Operating Income": 12,
        "EBIT": 15,
        "Net Income": 7
    },
    "2009-02-28": {
        "Diluted EPS": -2.43,
        "Total Revenue": 117,
        "Gross Profit": 26,
        "Operating Income": -60,
        "EBIT": -57,
        "Net Income": -63
    },
    "2023-08-31": {
        "Tax Effect Of Unusual Items": -14872.0,
        "Tax Rate For Calcs": 0.286,
        "Normalized EBITDA": 19307000.0,
        "Total Unusual Items": -52000.0,
        "Total Unusual Items Excluding Goodwill": -52000.0,
        "Net Income From Continuing Operation Net Minority Interest": 10910000.0,
        "Reconciled Depreciation": 4497000.0,
        "Reconciled Cost Of Revenue": 73661000.0,
        "EBITDA": 19255000.0,
        "EBIT": 14758000.0,
        "Net Interest Income": NaN,
        "Interest Income": NaN,
        "Normalized Income": 10947128.0,
        "Net Income From Continuing And Discontinued Operation": 10910000.0,
        "Total Expenses": 92002000.0,
        "Total Operating Income As Reported": 14706000.0,
        "Diluted Average Shares": 26215908.0,
        "Basic Average Shares": 25886058.0,
        "Diluted EPS": 0.42,
        "Basic EPS": 0.42,
        "Diluted NI Availto Com Stockholders": 10910000.0,
        "Net Income Common Stockholders": 10910000.0,
        "Net Income": 10910000.0,
        "Net Income Including Noncontrolling Interests": 10910000.0,
        "Net Income Continuous Operations": 10910000.0,
        "Tax Provision": 4373000.0,
        "Pretax Income": 15283000.0,
        "Other Income Expense": 525000.0,
        "Other Non Operating Income Expenses": 577000.0,
        "Special Income Charges": -52000.0,
        "Gain On Sale Of Ppe": -52000.0,
        "Net Non Operating Interest Income Expense": NaN,
        "Interest Income Non Operating": NaN,
        "Operating Income": 14758000.0,
        "Operating Expense": 18341000.0,
        "Selling General And Administration": 18341000.0,
        "Gross Profit": 33099000.0,
        "Cost Of Revenue": 73661000.0,
        "Total Revenue": 106760000.0,
        "Operating Revenue": 106760000.0
    },
    "2023-11-30": {
        "Tax Effect Of Unusual Items": NaN,
        "Tax Rate For Calcs": NaN,
        "Normalized EBITDA": NaN,
        "Total Unusual Items": NaN,
        "Total Unusual Items Excluding Goodwill": NaN,
        "Net Income From Continuing Operation Net Minority Interest": NaN,
        "Reconciled Depreciation": NaN,
        "Reconciled Cost Of Revenue": NaN,
        "EBITDA": NaN,
        "EBIT": NaN,
        "Net Interest Income": NaN,
        "Interest Income": NaN,
        "Normalized Income": NaN,
        "Net Income From Continuing And Discontinued Operation": NaN,
        "Total Expenses": NaN,
        "Total Operating Income As Reported": NaN,
        "Diluted Average Shares": 26083301.0,
        "Basic Average Shares": 25894578.0,
        "Diluted EPS": 0.38,
        "Basic EPS": 0.38,
        "Diluted NI Availto Com Stockholders": NaN,
        "Net Income Common Stockholders": NaN,
        "Net Income": NaN,
        "Net Income Including Noncontrolling Interests": NaN,
        "Net Income Continuous Operations": NaN,
        "Tax Provision": NaN,
        "Pretax Income": NaN,
        "Other Income Expense": NaN,
        "Other Non Operating Income Expenses": NaN,
        "Special Income Charges": NaN,
        "Gain On Sale Of Ppe": NaN,
        "Net Non Operating Interest Income Expense": NaN,
        "Interest Income Non Operating": NaN,
        "Operating Income": NaN,
        "Operating Expense": NaN,
        "Selling General And Administration": NaN,
        "Gross Profit": NaN,
        "Cost Of Revenue": NaN,
        "Total Revenue": NaN,
        "Operating Revenue": NaN
    },
    "2024-02-29": {
        "Tax Effect Of Unusual Items": 0.0,
        "Tax Rate For Calcs": 0.268177,
        "Normalized EBITDA": 17152000.0,
        "Total Unusual Items": 0.0,
        "Total Unusual Items Excluding Goodwill": 0.0,
        "Net Income From Continuing Operation Net Minority Interest": 10146000.0,
        "Reconciled Depreciation": 4217000.0,
        "Reconciled Cost Of Revenue": 69763000.0,
        "EBITDA": 17152000.0,
        "EBIT": 12935000.0,
        "Net Interest Income": 1259000.0,
        "Interest Income": 1259000.0,
        "Normalized Income": 10146000.0,
        "Net Income From Continuing And Discontinued Operation": 10146000.0,
        "Total Expenses": 84499000.0,
        "Total Operating Income As Reported": 12935000.0,
        "Diluted Average Shares": 25984106.0,
        "Basic Average Shares": 25852340.0,
        "Diluted EPS": 0.39,
        "Basic EPS": 0.39,
        "Diluted NI Availto Com Stockholders": 10146000.0,
        "Net Income Common Stockholders": 10146000.0,
        "Net Income": 10146000.0,
        "Net Income Including Noncontrolling Interests": 10146000.0,
        "Net Income Continuous Operations": 10146000.0,
        "Tax Provision": 3718000.0,
        "Pretax Income": 13864000.0,
        "Other Income Expense": -330000.0,
        "Other Non Operating Income Expenses": -330000.0,
        "Special Income Charges": 0.0,
        "Gain On Sale Of Ppe": 0.0,
        "Net Non Operating Interest Income Expense": 1259000.0,
        "Interest Income Non Operating": 1259000.0,
        "Operating Income": 12935000.0,
        "Operating Expense": 14736000.0,
        "Selling General And Administration": 14736000.0,
        "Gross Profit": 27671000.0,
        "Cost Of Revenue": 69763000.0,
        "Total Revenue": 97434000.0,
        "Operating Revenue": 97434000.0
    },
    "2024-05-31": {
        "Tax Effect Of Unusual Items": -1100.0,
        "Tax Rate For Calcs": 0.275,
        "Normalized EBITDA": 17981000.0,
        "Total Unusual Items": -4000.0,
        "Total Unusual Items Excluding Goodwill": -4000.0,
        "Net Income From Continuing Operation Net Minority Interest": 10687000.0,
        "Reconciled Depreciation": 4243000.0,
        "Reconciled Cost Of Revenue": 72204000.0,
        "EBITDA": 17977000.0,
        "EBIT": 13734000.0,
        "Net Interest Income": 1359000.0,
        "Interest Income": 1359000.0,
        "Normalized Income": 10689900.0,
        "Net Income From Continuing And Discontinued Operation": 10687000.0,
        "Total Expenses": 89374000.0,
        "Total Operating Income As Reported": 13730000.0,
        "Diluted Average Shares": NaN,
        "Basic Average Shares": NaN,
        "Diluted EPS": NaN,
        "Basic EPS": NaN,
        "Diluted NI Availto Com Stockholders": 10687000.0,
        "Net Income Common Stockholders": 10687000.0,
        "Net Income": 10687000.0,
        "Net Income Including Noncontrolling Interests": 10687000.0,
        "Net Income Continuous Operations": 10687000.0,
        "Tax Provision": 4054000.0,
        "Pretax Income": 14741000.0,
        "Other Income Expense": -352000.0,
        "Other Non Operating Income Expenses": -348000.0,
        "Special Income Charges": -4000.0,
        "Gain On Sale Of Ppe": -4000.0,
        "Net Non Operating Interest Income Expense": 1359000.0,
        "Interest Income Non Operating": 1359000.0,
        "Operating Income": 13734000.0,
        "Operating Expense": 17170000.0,
        "Selling General And Administration": 17170000.0,
        "Gross Profit": 30904000.0,
        "Cost Of Revenue": 72204000.0,
        "Total Revenue": 103108000.0,
        "Operating Revenue": 103108000.0
    },
    "2024-08-31": {
        "Tax Effect Of Unusual Items": -10725.0,
        "Tax Rate For Calcs": 0.275,
        "Normalized EBITDA": 17448000.0,
        "Total Unusual Items": -39000.0,
        "Total Unusual Items Excluding Goodwill": -39000.0,
        "Net Income From Continuing Operation Net Minority Interest": 10308000.0,
        "Reconciled Depreciation": 4187000.0,
        "Reconciled Cost Of Revenue": 69259000.0,
        "EBITDA": 17409000.0,
        "EBIT": 13222000.0,
        "Net Interest Income": 1369000.0,
        "Interest Income": 1369000.0,
        "Normalized Income": 10336275.0,
        "Net Income From Continuing And Discontinued Operation": 10308000.0,
        "Total Expenses": 85816000.0,
        "Total Operating Income As Reported": 13183000.0,
        "Diluted Average Shares": NaN,
        "Basic Average Shares": NaN,
        "Diluted EPS": NaN,
        "Basic EPS": NaN,
        "Diluted NI Availto Com Stockholders": 10308000.0,
        "Net Income Common Stockholders": 10308000.0,
        "Net Income": 10308000.0,
        "Net Income Including Noncontrolling Interests": 10308000.0,
        "Net Income Continuous Operations": 10308000.0,
        "Tax Provision": 3909000.0,
        "Pretax Income": 14217000.0,
        "Other Income Expense": -374000.0,
        "Other Non Operating Income Expenses": -335000.0,
        "Special Income Charges": -39000.0,
        "Gain On Sale Of Ppe": -39000.0,
        "Other Special Charges": NaN,
        "Net Non Operating Interest Income Expense": 1369000.0,
        "Interest Income Non Operating": 1369000.0,
        "Operating Income": 13222000.0,
        "Operating Expense": 16557000.0,
        "Selling General And Administration": 16557000.0,
        "Gross Profit": 29779000.0,
        "Cost Of Revenue": 69259000.0,
        "Total Revenue": 99038000.0,
        "Operating Revenue": 99038000.0
    },
    "2024-11-30": {
        "Tax Effect Of Unusual Items": 37950.0,
        "Tax Rate For Calcs": 0.275,
        "Normalized EBITDA": 16850000.0,
        "Total Unusual Items": 138000.0,
        "Total Unusual Items Excluding Goodwill": 138000.0,
        "Net Income From Continuing Operation Net Minority Interest": 10204000.0,
        "Reconciled Depreciation": 4080000.0,
        "Reconciled Cost Of Revenue": 70522000.0,
        "EBITDA": 16988000.0,
        "EBIT": 12908000.0,
        "Net Interest Income": 1390000.0,
        "Interest Income": 1390000.0,
        "Normalized Income": 10103950.0,
        "Net Income From Continuing And Discontinued Operation": 10204000.0,
        "Total Expenses": 86863000.0,
        "Total Operating Income As Reported": 13046000.0,
        "Diluted Average Shares": 26088957.0,
        "Basic Average Shares": 26013892.0,
        "Diluted EPS": 0.39,
        "Basic EPS": 0.39,
        "Diluted NI Availto Com Stockholders": 10204000.0,
        "Net Income Common Stockholders": 10204000.0,
        "Net Income": 10204000.0,
        "Net Income Including Noncontrolling Interests": 10204000.0,
        "Net Income Continuous Operations": 10204000.0,
        "Tax Provision": 3871000.0,
        "Pretax Income": 14075000.0,
        "Other Income Expense": -223000.0,
        "Other Non Operating Income Expenses": -361000.0,
        "Special Income Charges": 138000.0,
        "Gain On Sale Of Ppe": 138000.0,
        "Other Special Charges": NaN,
        "Net Non Operating Interest Income Expense": 1390000.0,
        "Interest Income Non Operating": 1390000.0,
        "Operating Income": 12908000.0,
        "Operating Expense": 16341000.0,
        "Selling General And Administration": 16341000.0,
        "Gross Profit": 29249000.0,
        "Cost Of Revenue": 70522000.0,
        "Total Revenue": 99771000.0,
        "Operating Revenue": 99771000.0
    },
    "2025-02-28": {
        "Tax Effect Of Unusual Items": -10122.051365,
        "Tax Rate For Calcs": 0.273569,
        "Normalized EBITDA": 16148000.0,
        "Total Unusual Items": -37000.0,
        "Total Unusual Items Excluding Goodwill": -37000.0,
        "Net Income From Continuing Operation Net Minority Interest": 9023000.0,
        "Reconciled Depreciation": 4059000.0,
        "Reconciled Cost Of Revenue": 65339000.0,
        "EBITDA": 16111000.0,
        "EBIT": 12052000.0,
        "Net Interest Income": 754000.0,
        "Interest Income": 754000.0,
        "Normalized Income": 9049877.948635,
        "Net Income From Continuing And Discontinued Operation": 9023000.0,
        "Total Expenses": 80649000.0,
        "Total Operating Income As Reported": 12015000.0,
        "Diluted Average Shares": 26103458.0,
        "Basic Average Shares": 26019595.0,
        "Diluted EPS": 0.35,
        "Basic EPS": 0.35,
        "Diluted NI Availto Com Stockholders": 9023000.0,
        "Net Income Common Stockholders": 9023000.0,
        "Net Income": 9023000.0,
        "Net Income Including Noncontrolling Interests": 9023000.0,
        "Net Income Continuous Operations": 9023000.0,
        "Tax Provision": 3398000.0,
        "Pretax Income": 12421000.0,
        "Other Income Expense": -385000.0,
        "Other Non Operating Income Expenses": -348000.0,
        "Special Income Charges": -37000.0,
        "Gain On Sale Of Ppe": -37000.0,
        "Other Special Charges": NaN,
        "Net Non Operating Interest Income Expense": 754000.0,
        "Interest Income Non Operating": 754000.0,
        "Operating Income": 12052000.0,
        "Operating Expense": 15310000.0,
        "Selling General And Administration": 15310000.0,
        "Gross Profit": 27362000.0,
        "Cost Of Revenue": 65339000.0,
        "Total Revenue": 92701000.0,
        "Operating Revenue": 92701000.0
    },
    "2025-05-31": {
        "Tax Effect Of Unusual Items": 0.0,
        "Tax Rate For Calcs": 0.275,
        "Normalized EBITDA": 17466000.0,
        "Total Unusual Items": 0.0,
        "Total Unusual Items Excluding Goodwill": 0.0,
        "Net Income From Continuing Operation Net Minority Interest": 9799000.0,
        "Reconciled Depreciation": 4183000.0,
        "Reconciled Cost Of Revenue": 66967000.0,
        "EBITDA": 17466000.0,
        "EBIT": 13283000.0,
        "Net Interest Income": 550000.0,
        "Interest Income": 550000.0,
        "Normalized Income": 9799000.0,
        "Net Income From Continuing And Discontinued Operation": 9799000.0,
        "Total Expenses": 83914000.0,
        "Total Operating Income As Reported": 13283000.0,
        "Diluted Average Shares": 26021247.0,
        "Basic Average Shares": 25956639.0,
        "Diluted EPS": 0.38,
        "Basic EPS": 0.38,
        "Diluted NI Availto Com Stockholders": 9799000.0,
        "Net Income Common Stockholders": 9799000.0,
        "Net Income": 9799000.0,
        "Net Income Including Noncontrolling Interests": 9799000.0,
        "Net Income Continuous Operations": 9799000.0,
        "Tax Provision": 3716000.0,
        "Pretax Income": 13515000.0,
        "Other Income Expense": -318000.0,
        "Other Non Operating Income Expenses": -318000.0,
        "Special Income Charges": 0.0,
        "Gain On Sale Of Ppe": 0.0,
        "Other Special Charges": NaN,
        "Net Non Operating Interest Income Expense": 550000.0,
        "Interest Income Non Operating": 550000.0,
        "Operating Income": 13283000.0,
        "Operating Expense": 16947000.0,
        "Selling General And Administration": 16947000.0,
        "Gross Profit": 30230000.0,
        "Cost Of Revenue": 66967000.0,
        "Total Revenue": 97197000.0,
        "Operating Revenue": 97197000.0
    },
    "2025-08-31": {
        "Tax Effect Of Unusual Items": 1456950.0,
        "Tax Rate For Calcs": 0.275,
        "Normalized EBITDA": 11394000.0,
        "Total Unusual Items": 5298000.0,
        "Total Unusual Items Excluding Goodwill": 5298000.0,
        "Net Income From Continuing Operation Net Minority Interest": 13155000.0,
        "Reconciled Depreciation": 4309000.0,
        "Reconciled Cost Of Revenue": 68574000.0,
        "EBITDA": 16692000.0,
        "EBIT": 12383000.0,
        "Net Interest Income": 777000.0,
        "Interest Income": 777000.0,
        "Normalized Income": 9313950.0,
        "Net Income From Continuing And Discontinued Operation": 13155000.0,
        "Total Expenses": 86293000.0,
        "Total Operating Income As Reported": 12383000.0,
        "Diluted Average Shares": 25791647.0,
        "Basic Average Shares": 25718068.0,
        "Diluted EPS": 0.51,
        "Basic EPS": 0.51,
        "Diluted NI Availto Com Stockholders": 13155000.0,
        "Net Income Common Stockholders": 13155000.0,
        "Net Income": 13155000.0,
        "Net Income Including Noncontrolling Interests": 13155000.0,
        "Net Income Continuous Operations": 13155000.0,
        "Tax Provision": 4989000.0,
        "Pretax Income": 18144000.0,
        "Other Income Expense": 4984000.0,
        "Other Non Operating Income Expenses": -314000.0,
        "Special Income Charges": 5298000.0,
        "Gain On Sale Of Ppe": 0.0,
        "Other Special Charges": -5298000.0,
        "Net Non Operating Interest Income Expense": 777000.0,
        "Interest Income Non Operating": 777000.0,
        "Operating Income": 12383000.0,
        "Operating Expense": 17719000.0,
        "Selling General And Administration": 17719000.0,
        "Gross Profit": 30102000.0,
        "Cost Of Revenue": 68574000.0,
        "Total Revenue": 98676000.0,
        "Operating Revenue": 98676000.0
    },
    "2025-11-30": {
        "Tax Effect Of Unusual Items": NaN,
        "Tax Rate For Calcs": NaN,
        "Normalized EBITDA": NaN,
        "Total Unusual Items": NaN,
        "Total Unusual Items Excluding Goodwill": NaN,
        "Net Income From Continuing Operation Net Minority Interest": NaN,
        "Reconciled Depreciation": NaN,
        "Reconciled Cost Of Revenue": NaN,
        "EBITDA": NaN,
        "EBIT": NaN,
        "Net Interest Income": NaN,
        "Interest Income": NaN,
        "Normalized Income": NaN,
        "Net Income From Continuing And Discontinued Operation": NaN,
        "Total Expenses": NaN,
        "Total Operating Income As Reported": NaN,
        "Diluted Average Shares": 25526261.0,
        "Basic Average Shares": 25439979.0,
        "Diluted EPS": 0.42,
        "Basic EPS": 0.43,
        "Diluted NI Availto Com Stockholders": NaN,
        "Net Income Common Stockholders": NaN,
        "Net Income": NaN,
        "Net Income Including Noncontrolling Interests": NaN,
        "Net Income Continuous Operations": NaN,
        "Tax Provision": NaN,
        "Pretax Income": NaN,
        "Other Income Expense": NaN,
        "Other Non Operating Income Expenses": NaN,
        "Special Income Charges": NaN,
        "Gain On Sale Of Ppe": NaN,
        "Other Special Charges": NaN,
        "Net Non Operating Interest Income Expense": NaN,
        "Interest Income Non Operating": NaN,
        "Operating Income": NaN,
        "Operating Expense": NaN,
        "Selling General And Administration": NaN,
        "Gross Profit": NaN,
        "Cost Of Revenue": NaN,
        "Total Revenue": NaN,
        "Operating Revenue": NaN
    }
}